2892 4425
255 492 756 600 METAPHYSICAE
799 482 1137 600 sPEcinLts·

424 775 633 844 -URS
666 775 924 844 TERTIA

546 1060 831 1091 *—

528 1741 845 1816 PROLOGUS

193 2076 221 2119 ἰ
238 2065 339 2130 Sosius
357 2069 432 2127 essct
450 2064 489 2126 de
505 2066 614 2126 creatis
631 2079 722 2141 apere
736 2065 770 2122 ct
786 2043 925 2144 Opistacm
939 2063 1187 2140 praetermittere.
1206 2087 1220 2116 ι.

77 2143 88 2161 ’
145 2161 229 2225 ttacc
244 2164 383 2226 Platonis
400 2165 548 2225 renuntia
565 2179 613 2224 cos
629 2164 778 2240 coarpuit‚
796 2161 848 2239 qui
860 2157 1083 2238 philosophiam
1099 2162 1144 2219 ila
1165 2164 1224 2222 tra·

144 2266 243 2338 ciant,
267 2266 304 2321 ut
325 2265 382 2319 oia
399 2266 455 2322 aut
475 2278 515 2321 na
533 2264 589 2321 oia
613 2260 733 2339 quidm
752 2258 790 2319 dc
812 2260 876 2319 Duo
898 2256 1222 2335 monuoaamfacicno.

146 2359 248 2433 Quare
266 2358 441 2437 plerumque
460 2355 587 2435 salsam,
607 2374 721 2436 sunpcr
740 2360 841 2417 autem
860 2354 1068 2434 incompletam
1090 2358 1120 2415 cl
1139 2372 1223 2417 man·

142 2472 210 2517 cam
234 2454 404 2517 doctrinam
428 2454 591 2530 enimam
617 2454 800 2534 impossihile
822 2457 900 2515 enim
926 2457 972 2514 cst
996 2455 1055 2514 ritc
1074 2470 1111 2513 aa
1133 2452 1225 2531 plens

143 2568 316 2630 copuosccra
338 2556 417 2614 rtoos
436 2557 466 2612 cl
488 2548 633 2630 assacinis,
659 2556 720 2613 nisi
740 2552 783 2614 ad
798 2552 915 2631 sontem
935 2554 1033 2629 ipsum
1051 2554 1083 2611 ct
1103 2566 1224 2611 oausam

79 2640 84 2647 ’
142 2666 280 2711 asomum
290 2652 363 2727 fiat.
631 2663 636 2677 ·

203 2749 266 2811 Nos
282 2747 425 2811 hoelmus
435 2754 558 2828 ,prosu
575 2766 675 2810 rmum
694 2748 864 2828 disquisitio
881 2753 911 2811 ct
928 2751 1043 2811 occasio
1067 2746 1160 2823 tulit,
1182 2744 1225 2807 ati

141 2863 309 2926 supremum
329 2847 384 2908 hoo
403 2851 563 2909 ommium
580 2852 710 2909 mnium
723 2851 910 2928 principium
927 2846 1083 2909 mumadam
1101 2864 1159 2907 non
1176 2844 1225 2906 cla·

144 2951 345 3009 tractauimus.
366 2946 571 3009 Nihilominus
586 2947 636 3008 hic
655 2953 805 3026 tamquam
820 2951 944 3028 proprio
964 2948 1026 3011 loco
1039 2946 1224 3027 peculiarem

143 3043 181 3104 dc
199 3046 263 3107 Dan
284 3062 446 3110 sennonem
465 3048 661 3123 inclinium,
682 3051 773 3125 atquc
787 3052 948 3126 propterea
967 3044 1110 3107 amorii
1128 3045 1223 3106 hieta-

137 3141 281 3220 physicae
297 3149 414 3222 parlcrn
437 3144 636 3229 Thoolopiam
649 3147 845 3207 nominamus

202 3242 298 3303 Porro
316 3249 432 3320 manta
453 3248 494 3303 sit
517 3240 606 3305 huius
627 3244 814 3304 tractationis
837 3242 1014 3304 moechatio
1036 3246 1069 3303 ct
1086 3216 1223 3303 iucundi·

144 3341 190 3397 tas
209 3338 408 3416 explicatione
422 3358 482 3402 non
500 3345 578 3420 cpct.
592 3342 673 3403 Nam
691 3344 718 3400 si
735 3339 897 3419 quidquam
918 3342 1036 3401 munina
1051 3344 1095 3399 cst
1119 3342 1152 3401 in
1169 3338 1222 3401 hu·

140 3451 233 3496 mona
253 3439 381 3497 muntia
401 3439 535 3518 opmhila
557 3443 590 3500 ct
608 3443 754 3519 prolum3
777 3438 858 3501 nihil
878 3442 924 3499 est
942 3436 1078 3515 profacto
1099 3440 1220 3516 napis,

140 3551 232 3614 quam
249 3550 403 3613 suprcnac
415 3536 499 3598 itlius
514 3544 643 3599 naturae
656 3540 825 3617 uestipotio,
843 3554 902 3616 qua
917 3533 1111 3616 perfectionis
1129 3539 1223 3597 omnis

140 3638 225 3711 oripo
244 3638 277 3694 ct
290 3636 394 3694 caitus
415 3638 594 3713 continemur,
616 3642 649 3697 at
665 3654 744 3715 quac
766 3640 876 3697 molam
896 3638 1053 3696 cosostituit
1074 3633 1117 3695 ad
1134 3651 1223 3713 quam

139 3728 320 3792 duihcrium
338 3734 446 3792 mantis
468 3738 586 3795 nostrsm
608 3737 727 3815 aspirat
741 3732 869 3795 assidua.
890 3735 958 3813 Ipso
978 3734 1099 3809 Samso,
1123 3748 1223 3811 quom·

139 3846 231 3908 quoru
251 3828 521 3892 mansiaticum
538 3832 710 3910 duliiutus,
727 3838 836 3910 tamon,
850 3833 970 3896 docente
983 3838 1105 3907 nutura,
1127 3833 1172 3891 sic
1186 3828 1224 3889 clo

141 3928 200 3989 hac
214 3931 339 3989 scicntia
358 3928 496 4008 laqmtm
513 3934 609 3991 est:
632 3931 784 4006 Quonim
802 3936 880 3994 inter
896 3930 1115 4011 philosophiam
1133 3932 1224 3989 iotar-

145 4051 157 4078 ·
181 4031 235 4104 est,
255 4026 298 4089 aa
310 4032 424 4090 cataras
441 4033 530 4106 artes,
553 4034 669 4093 tantum
694 4033 833 4095 interctsc
857 4034 995 4095 existimo
1016 4033 1049 4091 in
1068 4029 1133 4106 ipsa
1150 4025 1222 4104 phi·
