2892 4425
244 306 262 357 6
664 311 903 361 misterium

242 419 384 499 inierim,
403 424 617 500 supernaturali
629 423 746 500 subiici,
768 422 807 483 ab
827 438 932 500 eoque,
950 436 990 483 ue
1002 429 1091 500 erret,
1102 422 1261 499 temperari
1273 418 1322 483 de

242 520 322 579 beat¹
338 522 444 581 Consin
461 529 557 581 autem
574 524 695 598 musque
706 527 854 580 consortes
867 526 1020 596 propterea
1036 521 1234 597 decipiuntur,
1246 522 1323 598 quod

244 620 376 692 propriae
401 620 505 677 mentis
525 620 672 678 insanium
698 625 730 677 et
757 620 880 694 impiam
898 618 1064 699 blateraudi
1084 618 1233 677 licentiam
1253 634 1320 679 cum

243 730 313 773 nera
332 714 516 789 philosophia
539 716 730 775 conlaudant.

302 808 453 873 lucemu'm
469 829 539 873 reru
553 815 754 873 mtionalistae
767 813 805 873 ad
824 813 977 873 historiam
994 814 1162 889 appellnatp
1179 830 1256 891 unse
1276 830 1322 891 po

243 910 302 968 tius
321 913 499 969 contrarium
520 912 635 987 probat,
658 914 682 971 si
702 910 775 987 quid
791 912 905 987 probet.
928 908 1005 969 Nam
1023 912 1115 987 lucta,
1133 928 1209 989 quae
1230 916 1323 987 viguit

242 1008 318 1064 inter
343 1006 555 1083 philosophiam
576 1015 606 1067 ei
625 1009 778 1083 profanum
803 1010 972 1083 religionem
992 1010 1169 1085 geutilium,
1192 1010 1324 1069 ostendis

243 1102 457 1179 philosophiam
477 1108 674 1181 superstitioni
697 1107 861 1180 aduersari,
876 1120 911 1164 uc
928 1106 1047 1181 proinde
1063 1106 1244 1165 mtbodorne
1256 1106 1323 1163 reli·

244 1204 323 1276 giuni
347 1218 504 1263 consonam
526 1220 602 1263 esse,
627 1204 708 1263 llaec
728 1209 827 1263 autem
846 1204 901 1263 etsi
920 1202 1107 1294 deligentium
1127 1203 1324 1277 sophistarum

244 1298 351 1371 plueita
370 1316 487 1374 semper
503 1300 701 1375 damnaverit,
721 1302 945 1375 coarguerltque
966 1316 1015 1358 eos
1034 1302 1086 1374 qui
1104 1299 1180 1358 iulsu
1199 1316 1254 1375 pru
1274 1316 1325 1359 ve·

164 1462 170 1473 Ι
243 1397 286 1453 ris
304 1402 357 1455 nui
379 1398 488 1455 incerta
515 1414 568 1471 pro
590 1397 811 1456 senisii-adele
832 1396 1071 1471 prsmumebnut3
1102 1404 1203 1455 tnmeu
1224 1414 1326 1457 veram

245 1491 497 1567 verecundumque
510 1495 682 1567 sapientium
706 1510 822 1568 semper
834 1493 908 1552 aluit
929 1508 1040 1567 suoque
1058 1493 1133 1552 invit
1151 1496 1326 1570 patrociniu;

244 1588 323 1663 quod
341 1592 394 1684 ,qui
417 1594 518 1665 negat,
536 1606 605 1649 eum
622 1590 668 1649 vel
687 1590 858 1650 medatem
876 1591 922 1649 sel
941 1592 1127 1666 peregrinum
1147 1593 1178 1649 tu
1201 1590 1326 1650 historia
1346 1672 1349 1675 ἦ

245 1700 309 1743 esse
330 1692 455 1760 oportet.

305 1782 460 1859 lienique,
480 1783 559 1859 quod
579 1782 691 1845 addunt
713 1785 935 1861 rationalisiae,
957 1782 1189 1860 philosophiam,
1210 1790 1329 1859 seeptro

43 1860 45 1867 ’
132 1883 137 1889 ’
244 1882 383 1955 potitum,
399 1879 530 1957 religioni
551 1885 675 1941 nmirum
691 1900 811 1941 manum
833 1885 980 1958 porrigere
1000 1890 1034 1940 ut
1053 1885 1147 1956 ipsam
1169 1889 1326 1959 sustentei;

245 1994 303 2037 uua
319 1982 416 2039 miuus
429 1982 563 2053 impium,
578 1996 669 2055 quem
681 1988 901 2041 monstruosum
914 1988 971 2039 est.
990 1980 1044 2039 Est
1054 1979 1173 2055 quidem
1188 1983 1328 2056 impium

125 2104 128 2111 ·
245 2090 314 2136 nam
332 2079 469 2136 iuvantes
488 2076 629 2137 eiusmodi
649 2077 688 2137 sd
705 2077 762 2137 hue
779 2078 900 2137 laudern
916 2078 1115 2152 reducemur,
1132 2079 1162 2135 iu
1182 2080 1329 2139 sententie

245 2176 514 2252 rationalistarum,·
529 2176 607 2251 quoti
628 2184 814 2238 sacrosancta
833 2177 998 2253 Religionis
1012 2175 1151 2252 dogmata
1169 2179 1200 2235 iu
1217 2177 1327 2252 placita

245 2287 324 2332 nnete
342 2273 542 2348 philosophica
561 2282 805 2348 permitterentur.
822 2274 875 2335 Est
891 2282 988 2335 nutem
1003 2282 1237 2350 nunustrucsum3
1255 2278 1330 2351 quia

244 2367 439 2446 Religionem,
454 2387 529 2447 quae
548 2388 565 2429 n
587 2371 651 2430 Deo
671 2373 840 2432 immediate
858 2373 1000 2449 procedit,
1019 2371 1231 2448 philosophiae,
1249 2388 1332 2448 puae

244 2469 374 2542 procedit
389 2469 524 2546 mediate,
544 2469 702 2528 obnoxium
723 2469 848 2530 feceret:
872 2487 907 2532 uc
928 2467 1054 2547 materh
1071 2475 1258 2546 praepostero
1276 2485 1330 2526 ur-

244 2565 313 2626 ime
332 2566 482 2626 ducenum
505 2567 628 2626 ancillae
649 2567 814 2627 subiiceret.
939 2622 943 2628 .

305 2663 359 2722 lits
381 2665 471 2738 igitur
492 2665 656 2750 espositis,
676 2671 788 2738 queuis
807 2666 845 2721 sit
863 2662 1063 2736 philosophiae
1081 2661 1196 2720 bonitum
1213 2660 1330 2721 intelle·

246 2765 325 2820 etum
346 2767 438 2835 puto;
460 2775 478 2818 a
496 2775 556 2836 qua
569 2761 594 2816 si
608 2759 727 2833 quando
740 2759 850 2817 danim
868 2761 964 2832 potins
984 2761 1014 2816 tu
1033 2758 1218 2832 Religionem
1234 2766 1264 2818 et
1276 2775 1332 2834 ge-

245 2871 301 2914 nus
323 2856 474 2914 hmnlnum
490 2855 690 2936 dimensumut,
715 2854 746 2914 id
764 2855 911 2914 hnmanae
927 2853 1120 2914 imbecillitati
1133 2870 1169 2912 ac
1182 2855 1329 2930 malitiae,

113 3005 116 3012 Δ
246 2968 324 3027 quae
342 2951 432 3010 rebus
449 2951 613 3027 quibusque
626 2953 744 3026 optimis
757 2951 840 3010 abuti
860 2957 966 3027 potest,
986 2967 1045 3010 nou
1058 2951 1260 3027 philosophiae
1272 2955 1330 3011 tci-

249 3047 396 3109 buendum
418 3049 541 3126 iugenio
550 3056 604 3108 est.
625 3049 777 3108 Praeclare
796 3049 1002 3114 vendemius:
1023 3073 1036 3100 ι
1052 3049 1083 3108 Si
1101 3052 1168 3124 quis
1181 3050 1331 3126 deprana-

251 3171 265 3198 «
288 3149 398 3206 tionem
419 3149 606 3207 scientiarum
630 3153 659 3206 et
677 3149 785 3206 estium
809 3144 846 3204 ud
867 3147 1009 3206 malitiam
1028 3153 1058 3206 et
1079 3147 1227 3206 luxuriam
1244 3154 1275 3206 et
1288 3149 1332 3208 si-

250 3268 262 3295 ·
287 3245 368 3303 milia
390 3243 546 3321 obiiceret;
566 3244 597 3302 ld
618 3246 764 3303 neminem
783 3250 911 3302 moveat.
935 3243 1015 3302 illud
1034 3246 1113 3302 euim
1132 3245 1170 3302 de
1189 3245 1334 3303 omuibus

250 3367 262 3392 a
286 3343 442 3401 mundanis
459 3341 544 3400 bouis
563 3342 620 3400 dici
642 3348 749 3417 potest,
770 3344 902 3418 iugenio,
922 3341 1104 3413 tortitudine,
1123 3341 1247 3417 viribus,
1267 3342 1334 3401 ior·

250 3466 262 3492 a
286 3456 355 3514 ma,
374 3439 503 3514 divitiis,
523 3439 587 3498 luce
609 3443 694 3515 ipsa,
720 3447 750 3500 et
777 3439 907 3515 reliquis.
938 3440 1099 3514 Recuperet
1121 3438 1207 3497 modo
1233 3456 1337 3516 genus

251 3564 263 3589 α
287 3535 449 3598 humanum
470 3539 516 3596 ius
538 3539 673 3597 suumin
696 3545 846 3613 naturam,
863 3538 942 3614 quod
956 3540 983 3597 el
1003 3554 1041 3597 ex
1058 3537 1206 3596 dolatione
1222 3537 1332 3596 diviua

250 3660 262 3683 a
286 3637 448 3711 competit,
468 3641 497 3694 et
513 3635 599 3694 detur
619 3637 645 3694 el
670 3639 776 3713 copia3
799 3651 885 3695 usum
907 3652 976 3697 vero
1000 3642 1080 3700 reeta
1103 3638 1180 3694 rstiu
1196 3639 1227 3694 et
1251 3651 1329 3694 mua

251 3753 262 3779 n
287 3731 401 3807 Religio
424 3731 598 3808 gubernabit
613 3735 635 3790 ¹.
657 3757 669 3784 s

308 3947 316 3990 t
333 3943 400 3992 noct
414 3945 510 4006 cipum*
526 3943 541 3994 l.
559 3951 578 4007 t,
595 3943 680 4008 ephon.
698 3949 751 3997 lii.
