2892 4425
208 369 246 421 80
534 368 776 413 flunmen
796 367 957 412 Sfflllblss

206 482 356 562 meranda
375 482 409 540 in
428 480 608 539 annuariam
632 479 707 555 das,
729 478 808 556 quod
827 484 884 555 est,
902 484 1100 553 cooperiatur.
1124 480 1186 541 liae
1206 484 1287 543 insa·

206 584 274 643 niae
293 582 346 640 vix
366 581 591 638 interementes
609 578 725 638 narrari
745 583 878 653 possent.
1239 644 1245 654 ‚

266 677 462 739 &sanusne
483 676 578 735 idulio
597 675 683 753 pora
707 678 739 733 in
759 674 928 752 Schellingli
950 690 1086 751 processu
1115 684 1285 753 pmantnr.

202 779 243 841 lo
262 778 366 855 primis
388 778 467 835 enim
495 781 530 835 nt
550 775 721 836 ideaiismos
749 774 878 849 vitetur,
904 789 977 849 opus
1008 790 1067 833 non
1087 780 1132 836 ast
1157 783 1287 837 mentem

208 870 362 936 haustam
384 873 423 933 ad
443 871 611 932 montetum
632 870 910 948 contemplandum,
930 877 964 930 nt
982 874 1042 948 ipse
1062 871 1158 950 tingit.
1187 874 1231 934 Ex
1253 890 1289 935 so

207 976 286 1035 euim
307 972 403 1051 qood,
423 972 495 1032 dum
522 972 726 1048 continuentt'o
752 970 957 1047 speculamur,
977 976 1098 1030 naturae
1119 974 1288 1048 cogitantur

208 1087 283 1151 qnae
296 1087 360 1131 esse
373 1072 487 1148 possint
502 1075 533 1129 et
548 1084 607 1128 non
624 1079 700 1143 esse,
719 1070 839 1128 minime
855 1072 1043 1145 consequitur
1061 1069 1173 1145 aliquid
1192 1074 1289 1131 immi·

207 1172 260 1229 nui
274 1168 435 1227 obiectione
452 1166 619 1227 certitudini
639 1168 840 1243 cognitionum
857 1172 1035 1225 nostrarum.
1052 1165 1098 1225 id
1115 1166 1191 1227 banc
1208 1171 1288 1229 enlm

208 1270 282 1327 satis
302 1280 446 1343 superque
465 1270 510 1323 est
534 1270 598 1323 tum
620 1266 778 1323 nenessitas
793 1263 973 1324 obiectorum
997 1264 1199 1343 hypothetica,
1212 1284 1289 1343 quae

209 1367 318 1442 optime
330 1362 444 1440 perlicit
457 1368 492 1421 nt
506 1360 629 1438 aliquid,
648 1362 718 1421 dum
736 1364 786 1439 sit,
801 1361 888 1421 simul
905 1378 963 1419 non
982 1378 1046 1421 esse
1061 1371 1205 1440 nequeat,
1223 1372 1287 1425 tum

210 1460 385 1522 facultatum
407 1457 602 1535 cognoscendi
622 1460 768 1517 veracitas
786 1474 861 1534 qnae
880 1458 918 1517 ad
937 1460 1025 1519 realia
1046 1459 1160 1521 obiecta
1179 1466 1288 1537 pertin

210 1558 305 1636 gendo
319 1560 379 1617 vim
398 1556 535 1616 habeant.
554 1556 657 1631 Neque
673 1556 748 1616 iilud
763 1572 865 1643 ueram
879 1564 935 1629 est,
951 1560 1208 1634 experimentaiem
1224 1560 1291 1638 phi·

209 1654 372 1731 losopbiam
394 1652 491 1729 (modo
504 1670 525 1712 a·
536 1654 587 1713 vili
601 1651 690 1712 distet
703 1654 880 1730 empirismo)
896 1672 950 1715 nos
967 1658 997 1715 ln
1017 1658 1215 1731 suspicionem
1238 1658 1290 1717 ad·

209 1752 317 1813 ducere
334 1758 368 1811 nt
387 1758 523 1828 potemus
535 1753 743 1829 cogitationem
763 1768 779 1811 e
805 1756 944 1812 materiae
959 1753 1070 1814 viribus
1092 1754 1287 1815 efflorescere.

210 1850 313 1909 iliona
339 1852 417 1908 anim
447 1866 485 1909 ex
507 1849 733 1909 euidentissimis
759 1856 881 1910 naturae
905 1853 1055 1928 principiis
1079 1852 1288 1929 cogitationem

211 1949 350 2006 maurina
366 1962 549 2025 repugnare,
569 1946 656 2023 idque
675 1948 740 2007 inse
755 1950 786 2007 in
809 1948 1000 2027 psycbologia
1017 1949 1226 2025 disputabitur.
1249 1950 1291 2012 iit

211 2045 285 2105 nihil
297 2044 393 2105 dicam
407 2045 444 2104 de
457 2044 656 2105 intellectuali
671 2046 724 2105 ilia
744 2049 904 2107 intuitione
921 2048 1061 2123 absoluti,
1076 2064 1165 2125 mam
1185 2065 1203 2108 a
1220 2064 1290 2107 con·

212 2144 353 2203 amentiae
377 2146 544 2203 testimonio
566 2144 651 2204 nohis
674 2160 733 2203 non
761 2144 862 2203 reierri
884 2144 1031 2224 schelling
1050 2146 1168 2224 fatetur,
1191 2154 1221 2207 et
1242 2149 1292 2206 ni·

212 2239 372 2302 bilominns
391 2249 505 2319 praeter
523 2246 586 2302 eius
603 2247 806 2304 auctoritatem
831 2245 921 2320 gratis
937 2243 1073 2304 adstruit.

272 2341 420 2418 Getarum,
438 2344 539 2400 omnia
558 2341 685 2402 absurda
702 2357 777 2418 quac
799 2341 905 2401 llichh'i
924 2349 1053 2420 systema
1073 2343 1288 2420 contaminant,

213 2437 384 2517 schellingii
398 2441 486 2498 etiam
505 2439 667 2499 doctrinam
685 2439 831 2499 inliciunt.
852 2439 927 2500 Nam
947 2438 994 2499 hic
1014 2457 1113 2516 reapse
1132 2457 1189 2500 noo
1210 2442 1291 2502 aliud

213 2543 363 2615 praestat,
384 2539 442 2597 nisi
460 2537 538 2614 quud
556 2539 699 2598 mdonem
722 2537 932 2598 individualem
956 2539 1105 2614 activam,
1129 2555 1217 2616 quam
1240 2539 1291 2599 ilie

212 2639 365 2714 umquam
387 2639 506 2695 unicam
535 2635 729 2696 substantiam
753 2636 960 2710 adstruxerat,
984 2637 1014 2694 iu
1042 2637 1238 2696 universalem
1263 2643 1294 2696 et

214 2733 379 2794 absolutam
399 2741 563 2811 convertat,
582 2751 617 2794 ea
637 2751 728 2811 eaque
748 2735 888 2794 mundum
907 2741 936 2794 ei
954 2733 1117 2794 subiectum
1136 2735 1232 2809 ipsum
1247 2749 1293 2791 co

214 2835 312 2909 gituns
336 2831 480 2892 deducere
501 2835 619 2912 satagit.

273 2930 394 2989 lissam
416 2929 462 2989 nd
482 2930 562 2990 bunc
581 2932 661 3008 qood
681 2935 803 3008 aulaei,
820 2913 934 3008 praeter
953 2945 1123 2990 communes
1144 2935 1295 2989 transcen·

214 3027 375 3086 deoialinm
401 3028 633 3104 pantheistarom
658 3032 809 3108 inscitias,
836 3029 908 3090 baec
934 3031 1050 3104 inipso
1070 3029 1227 3103 separatim
1249 3041 1294 3085 rc·

214 3126 355 3202 prehendi
380 3132 513 3203 munt.
541 3126 691 3203 Primum,
718 3127 798 3204 quod
824 3127 955 3188 ordinem
981 3127 1195 3186 idealem·cnm
1222 3125 1293 3184 reali

215 3227 413 3284 commisceat.
437 3225 564 3302 Deinde,
585 3227 663 3302 qnod
684 3227 809 3304 logicam
831 3225 1056 3286 abstractionem
1078 3224 1178 3300 ideae,
1200 3223 1294 3282 remo·

215 3327 254 3383 tis
278 3323 422 3397 obiectis,
451 3325 482 3382 io
509 3325 669 3384 realitatem
695 3331 894 3400 transmutat3
918 3338 994 3399 quae
1019 3321 1159 3398 quidam,
1187 3335 1295 3383 auoca-¹

215 3425 295 3482 tione
313 3423 420 3481 mentis
439 3437 458 3484 a
477 3421 575 3498 rebus,
591 3425 713 3500 cogitari
730 3427 834 3499 potest,
849 3428 880 3481 at
900 3423 1009 3497 reipsa
1027 3424 1144 3478 exstare
1165 3435 1222 3478 non
1244 3433 1295 3493 po-

216 3526 284 3579 test.
306 3519 374 3579 idea
394 3522 494 3596 enlin,
515 3535 591 3596 quae
611 3521 719 3580 nuliius
741 3523 782 3578 rei
802 3522 952 3594 conceptio
973 3521 1031 3593 sit,
1057 3518 1230 3595 figmentum
1251 3521 1298 3574 est

216 3633 360 3696 suamque
386 3620 451 3694 ipsa
474 3618 581 3679 deserit
605 3621 762 3679 notionem.
794 3617 943 3708 Denique,
965 3617 1042 3694 quod
1070 3633 1106 3676 ex
1133 3615 1190 3674 hac
1209 3611 1294 3686 talea,

217 3732 292 3793 qaae
313 3715 409 3793 logica
429 3723 544 3777 motam
564 3723 624 3793 asi,
645 3724 781 3776 naturam
800 3709 916 3774 omnem
937 3714 1130 3774 evolvendam
1149 3712 1232 3787 velit,
1254 3718 1297 3769 at·

217 3829 274 3890 que
294 3815 326 3873 in
341 3816 451 3874 cotom
475 3813 623 3875 doliorum
646 3815 904 3875 tramlormailoue
924 3827 1092 3888 supremam
1113 3827 1209 3871 rerum
1231 3823 1299 3868 cau·

217 3929 305 3991 sam,
334 3928 436 3990 nenpe
459 3913 580 3989 Deum,
606 3918 666 3973 noo
692 3915 790 3972 minos
815 3913 911 3987 inepte
934 3925 1023 3987 quarn
1048 3909 1138 3985 impie
1163 3907 1297 3968 collocet.
