2892 4425
206 379 266 433 180
531 382 774 427 ΙΠΑΡΙΒΙΕΑΙ
793 382 953 427 mcum

202 490 436 571 simplex,qnod
449 492 481 550 in
494 490 747 569 mooeriupoidem
761 492 1029 569 sermonicum
1042 490 1277 567 oppidodiiisrt

203 590 336 666 Denique
354 590 483 665 iunctio,
495 603 585 665 quem
603 590 716 667 tangit,
731 591 871 651 meterioe
886 604 955 649 cum
970 587 1134 649 mheteutis
1150 590 1279 666 qudem

204 685 367 763 spirituaii,
389 686 446 745 eui
465 684 673 760 comprehendi
688 702 708 745 e
724 685 812 746 nohis
828 691 974 763 nequest,
995 692 1094 746 temm
1114 702 1280 765 repugnen-

202 786 276 845 tiem
296 782 409 845 nuiiem
427 783 569 859 invoivit3
583 781 672 859 idque
686 788 735 843 set
752 783 960 860 intelligimus,
974 798 1042 843 eum
1058 783 1098 843 ed
1116 798 1182 843 eum
1198 791 1282 845 men·

203 880 272 941 mm
290 896 365 956 opus
381 895 440 939 uon
457 881 498 939 sii
514 879 660 940 indutum
679 883 821 941 memmae
837 884 868 941 iu
884 880 1080 942 mhstsntism
1099 882 1283 958 spirituatem

203 977 370 1054 odohume,
386 978 438 1038 sed
455 978 586 1037 maxime
602 976 732 1038 sufficiet
749 980 774 1038 si
793 979 973 1039 suhstsniiee
988 979 1149 1056 spiritualis
1166 986 1282 1040 tentum

204 1077 284 1137 ectio
304 1078 336 1135 in
356 1078 508 1135 materiam
527 1080 687 1135 statuetur.

264 1172 361 1233 ohtie.
383 1172 436 1233 tv.
459 1172 560 1233 Potest
576 1172 709 1249 proiecto
724 1171 805 1234 Deus
821 1189 919 1234 oreste
937 1174 1107 1248 materiem,
1122 1176 1194 1250 quin
1212 1176 1284 1234 octi-

205 1264 326 1331 mmmm
348 1270 393 1330 iiii
418 1270 540 1331 hibunt.
562 1270 639 1347 Ergo
664 1274 777 1332 retium
801 1272 864 1347 puri
890 1274 996 1347 poterit
1019 1286 1120 1331 cruere
1145 1273 1282 1347 spiritum

205 1371 287 1429 omni
307 1368 415 1445 egendi
431 1373 575 1445 potestate
591 1368 779 1429 destitutum.
801 1368 878 1442 Quid
897 1369 988 1445 igitur
1006 1374 1087 1428 vetut
1104 1384 1141 1427 ue
1159 1368 1283 1429 ineuita-

204 1470 281 1541 tem,
295 1480 384 1541 quem
405 1463 476 1523 huic
493 1467 637 1541 impertiri
655 1472 770 1542 posset,
784 1464 827 1525 iiii
845 1466 934 1527 etiem
956 1464 1121 1543 iorgietori
1141 1465 1172 1525 Si
1191 1468 1293 1544 igitur.

205 1563 392 1621 immuterieii
407 1560 591 1631 suhetontioe
607 1570 705 1639 potest
721 1562 799 1623 Deus
815 1562 917 1622 indere
936 1561 1086 1641 cogitandi
1104 1566 1184 1640 uim,
1204 1563 1284 1623 hono

205 1661 347 1721 meteriue
365 1662 455 1719 mem
474 1663 581 1737 poterit
599 1664 829 1721 communiente.

265 1757 356 1834 nep.
377 1757 527 1834 Quidquid
551 1758 651 1819 siide
671 1758 768 1835 iepidn
793 1758 848 1818 hec
873 1756 1030 1835 hypothesi
1056 1760 1176 1833 spiritus
1201 1758 1284 1817 omui

206 1857 358 1917 mustum
379 1856 512 1917 destituti
534 1854 627 1932 (quoe
646 1862 748 1916 utrum
767 1854 830 1915 lieo
849 1854 996 1932 possibilis
1017 1857 1056 1915 sii
1078 1854 1201 1915 definire
1222 1870 1284 1913 non

207 1952 328 2031 vecot);
349 1953 380 2014 id
398 1959 499 2014 tumen
519 1959 565 2014 est
582 1955 777 2014 certissimum
795 1969 854 2013 non
874 1970 961 2030 posse
978 1952 1072 2013 Deum
1090 1954 1283 2029 proprietates

206 2052 380 2128 spirituum,
392 2067 469 2128 quoe
481 2052 685 2127 compositioni
697 2058 875 2129 repugnent,
887 2052 1028 2111 meteriee
1041 2050 1174 2127 eiergir13
1184 2064 1286 2125 quem·

206 2147 365 2209 sinodum
387 2164 490 2209 revers
509 2151 612 2226 nequit
629 2150 820 2226 proprietates
838 2150 993 2224 moteriee,
1009 2162 1086 2225 quoe
1104 2148 1286 2224 simplicitati

206 2247 429 2325 contradicunt,
442 2247 570 2307 tribucre
587 2246 751 2324 spiritibus.
770 2245 900 2307 Lockiuo
912 2253 1010 2306 summ
1027 2249 1123 2322 inepte
1135 2249 1286 2306 existimem

206 2343 286 2405 idem
301 2343 362 2404 tere
374 2361 440 2406 esse
457 2347 519 2406 vim
534 2345 699 2422 diquome
716 2345 848 2406 subiecto
865 2350 1062 2404 consentaneo
1077 2344 1219 2404 diuinitus
1233 2343 1284 2404 de·

206 2441 304 2518 uehi,
325 2449 414 2520 utque
434 2443 516 2503 ilium
538 2442 671 2503 suhiecto
691 2443 824 2520 copuleri
842 2442 922 2519 qnod
942 2455 1010 2502 cum
1031 2457 1067 2501 eu
1089 2443 1211 2500 omuino
1233 2457 1286 2517 pn·

207 2545 280 2617 gnei
298 2541 453 2617 ipsumque
472 2541 576 2617 nequit
591 2540 746 2601 mmittme
762 2542 835 2617 quin
855 2543 989 2615 protinus
1004 2539 1182 2600 destruetur.
1203 2540 1286 2612 Quee

111 2641 115 2647 ’
206 2635 285 2714 duo,
305 2640 484 2715 utquisque
503 2639 661 2715 perspicit,
680 2644 745 2700 toto
764 2637 844 2698 coeio
864 2636 1007 2698 dissident
1026 2639 1102 2696 iuter
1121 2652 1163 2696 se.

267 2732 365 2796 Ohiic.
380 2737 419 2798 V.
441 2737 520 2813 Etsi,
534 2750 603 2797 cum
620 2736 747 2797 didmm
760 2735 892 2797 eumdem
911 2735 1106 2796 sohsientiem
1123 2749 1182 2792 nou
1200 2747 1287 2810 posse

205 2839 337 2909 tempore
353 2835 455 2895 mem
471 2851 535 2896 ecoe
551 2835 677 2896 soiidnm
695 2842 727 2896 et
746 2851 806 2896 non
823 2834 967 2910 solidum,
981 2834 1013 2893 id
1030 2834 1203 2894 iniuriosum
1224 2847 1286 2892 non

207 2931 247 2989 sit
263 2929 341 3006 heo3
356 2937 457 2991 temen
475 2915 624 2991 temei'erii
645 2932 780 2992 uidemur
797 2947 860 2992 esse
879 2919 1118 2991 commiserimus
1135 2927 1219 2988 iiiem
1238 2943 1287 2989 su·

207 3029 320 3103 ccipere
339 3042 399 3086 nou
420 3043 505 3103 posse
521 3029 678 3105 quodietes
700 3029 931 3105 incutietesque,
952 3041 1116 3104 quaecum
1139 3024 1287 3085 soiiditeie

210 3130 241 3184 et
258 3127 430 3185 estemione
445 3124 558 3190 nuiiem
573 3127 786 3186 connexionem
803 3125 923 3186 hebent.
945 3124 976 3184 St
991 3125 1070 3184 Deus
1084 3123 1203 3183 siucoio
1214 3137 1289 3199 quo¹

206 3219 277 3282 dem
296 3221 382 3282 nohis
402 3223 505 3299 ignoto
525 3225 703 3301 coniungere
724 3225 827 3302 nequit
846 3239 893 3283 res
912 3223 1062 3297 diverses;
1083 3223 1147 3298 ipse
1166 3219 1287 3296 quidem

207 3319 362 3378 existendo
382 3321 540 3397 meteriee,
560 3335 638 3397 quoe
657 3338 695 3381 ex
715 3321 879 3382 minorihus
901 3319 1033 3397 portibus
1054 3325 1157 3379 mutuo
1179 3317 1285 3377 cohoe·

207 3415 387 3479 tacentibus
403 3421 554 3497 exsurgit,
569 3419 705 3496 negando
722 3421 789 3479 erit.
813 3420 953 3480 Redones
972 3419 1063 3495 igitur
1077 3431 1195 3490 omnes,
1210 3429 1287 3490 quse

206 3517 313 3572 contre
332 3505 540 3591 cogitationem
560 3519 701 3579 muteriee
716 3517 842 3576 inditum
856 3515 985 3590 fuciunt,
1000 3520 1100 3590 utpote
1115 3527 1192 3589 quse
1204 3512 1287 3588 iguo

207 3609 304 3668 mutio
323 3617 423 3672 nostre
443 3613 593 3689 nituntur,
614 3615 688 3674 nihii
710 3629 831 3690 prorsus
851 3607 1003 3673 evincunt.

107 3720 112 3728 ⁸
154 3712 164 3718 ·
267 3704 357 3782 Resp.
379 3706 441 3768 Sibi
454 3711 629 3786 persuadeat
643 3711 825 3772 verecundus
840 3718 943 3771 euotm
962 3708 1074 3769 nulium
1095 3721 1158 3767 esse
1178 3705 1228 3766 hic
1243 3711 1287 3766 te·

205 3804 348 3864 meritum
361 3812 468 3866 uotum‘
475 3809 749 3885 pertimescendum.
772 3809 839 3868 Nou
854 3809 950 3883 enim,
964 3812 999 3865 ut
1018 3809 1080 3881 ipse
1093 3805 1285 3877 criminetur,

207 3905 364 3964 esoedmus
383 3908 537 3966 mstedem
555 3909 704 3982 suscipere
716 3921 777 3965 nou
792 3920 878 3981 posse
890 3903 1047 3980 puniitetes
1061 3915 1137 3977 quoe
1157 3913 1226 3958 cum
1241 3913 1289 3956 so·

207 3995 321 4061 iidiiute
338 4006 369 4062 et
387 4006 557 4067 extensione
575 4005 788 4066 connexionem
807 4017 867 4064 nen
887 4001 1014 4080 behem,
1028 4013 1082 4060 uec
1098 3995 1162 4057 lieo
1185 3999 1289 4072 poten·
