2892 4425
235 355 292 407 ²8⁰
563 359 782 404 HtTfflmlGA
802 359 976 401 (tunnulis

294 471 348 534 nt
371 470 404 528 in
430 468 516 528 finem
538 473 605 545 pei,
633 475 662 527 et
690 471 719 526 in
748 467 835 528 linem
857 469 917 528 eei.
944 468 995 527 lile
1012 473 1056 527 est
1078 465 1186 527 bonum
1207 469 1300 543 ipsum

233 568 312 646 quod
337 569 517 644 appetimus,
544 566 594 625 hie
617 565 778 626 subiectum
801 567 846 626 eui
873 565 980 626 bonum
1006 565 1124 642 uliquod
1153 565 1301 626 volumus.

235 666 286 726 IV.
314 665 349 724 ln
375 664 462 724 linem
482 663 657 724 olleoiiomu
679 669 709 723 et
724 661 897 739 semelem.
922 662 1037 724 Primus
1064 661 1301 739 seobronum,

235 764 312 840 quod
329 765 481 839 eupimus3
497 762 585 839 ulter,
604 769 686 822 uetus
701 778 752 839 per
772 779 857 838 quem
874 764 967 838 ipsum
984 764 1198 839 eonsequimur.
1214 762 1251 820 V.
1266 763 1299 821 ln

235 860 323 920 fineru
344 863 437 938 operes
458 867 488 920 et
503 860 592 919 linem
610 862 768 937 opereulis.
792 860 844 919 lile
864 867 924 935 esi3
944 859 981 918 ed
1001 877 1086 936 quern
1106 876 1179 936 opus
1197 866 1302 920 nuture

235 975 288 1020 sue
307 966 433 1037 speeint3
455 958 504 1018 hie
524 954 611 1035 quem
634 974 723 1036 egens
743 959 798 1018 sibi
821 957 1030 1032 useqneouum
1053 961 1226 1033 praestituit.
1255 957 1303 1018 Sie

235 1058 331 1135 quood
343 1057 525 1134 horologium
543 1057 681 1116 indientio
693 1056 832 1116 herorum
851 1063 895 1117 est
915 1055 981 1116 linis
1001 1059 1107 1132 operis,
1119 1057 1233 1116 lucrum
1256 1071 1304 1116 er·

235 1155 321 1215 tineis
340 1158 384 1215 est
406 1154 473 1214 linis
495 1157 655 1231 opereutis.

296 1263 344 1313 65.
362 1253 427 1314 Duo
439 1261 592 1330 supersunt
604 1251 793 1328 enucleando,
809 1254 946 1312 nimirum
959 1267 1060 1312 sensns
1076 1252 1164 1310 huius
1178 1250 1303 1326 dupliels

235 1351 336 1412 eiluti:
363 1349 444 1428 qnod
465 1355 509 1409 est
526 1354 656 1427 primum
681 1353 714 1410 io
738 1352 899 1410 intentione
921 1357 964 1409 esi
983 1349 1122 1409 ultimum
1147 1351 1180 1408 io
1204 1365 1307 1410 exeun·

238 1451 334 1523 elom
358 1455 402 1507 et:
424 1450 524 1507 omnio
541 1451 700 1524 operantur
718 1452 842 1526 propter
857 1448 960 1526 sinens.
981 1445 1027 1508 iu
1049 1447 1122 1508 illud
1141 1449 1238 1524 imque
1260 1450 1305 1507 ln·

236 1545 567 1623 seligendumuivuu
580 1546 710 1604 ordinem
727 1547 894 1606 intentionis
914 1545 986 1606 nihii
1006 1561 1069 1606 esse
1084 1544 1176 1622 eliud,
1193 1547 1251 1606 uisi
1262 1561 1306 1606 se·

237 1645 308 1702 rlem
322 1649 441 1702 omnum
455 1643 627 1720 voluntuils,
639 1646 689 1720 qui
701 1646 779 1704 olree
793 1644 880 1704 linem
895 1650 924 1704 et
933 1643 1028 1704 medin
1042 1651 1209 1720 versentur,
1220 1649 1307 1720 proni

237 1739 309 1799 insen
329 1741 359 1799 in
379 1730 475 1800 m'ente
493 1747 610 1801 tuntum
630 1744 776 1819 exlsurnt3
800 1741 931 1802 ordinem
954 1757 1024 1801 vero
1046 1745 1226 1802 executionis
1245 1757 1309 1802 esse

236 1839 341 1898 seriem
367 1846 484 1898 uctuum
505 1838 663 1898 voluntatis
682 1847 712 1898 et
735 1846 894 1900 eetemrum
921 1839 1059 1916 operandi
1081 1842 1210 1916 virium,
1230 1857 1308 1918 quoe

236 1933 327 1994 finem
344 1942 374 1996 et
396 1936 490 1998 medie
506 1939 671 2014 attingunt,
692 1943 779 2014 prout
796 1940 976 2022 exequimur.
1000 1939 1040 1998 At
1059 1945 1169 1999 eertum
1190 1947 1234 1999 est
1252 1955 1307 2000 nos

120 2075 123 2081 ,
238 2035 332 2109 primo
349 2042 482 2110 oppetere
499 2034 607 2113 linem,
628 2043 715 2116 utque
736 2053 773 2096 ex
795 2038 857 2096 eius
876 2037 1017 2097 desiderio
1042 2038 1080 2097 ed
1104 2038 1198 2097 medie
1220 2053 1306 2114 eppe·

239 2131 325 2191 tende
338 2140 367 2192 et
385 2132 532 2209 sdlgenrle
551 2135 671 2193 moveri.
686 2133 812 2217 Proinde
825 2133 892 2194 linis
906 2137 1017 2211 primus
1030 2142 1074 2196 est
1087 2138 1116 2194 ln
1137 2139 1304 2196 intentione,

197 2279 201 2287 .
239 2232 272 2290 ln
292 2232 459 2293 executione
477 2240 575 2292 entem
595 2235 743 2293 vleeverse
764 2250 794 2293 se
816 2248 862 2293 res
882 2232 979 2293 helem.
1000 2234 1073 2295 Nem
1098 2238 1192 2311 primo
1213 2234 1306 2295 medie

238 2326 428 2407 adhibemus,
450 2329 585 2407 detneeps
606 2334 638 2391 vi
657 2332 772 2391 illorum
796 2331 883 2391 finem
904 2335 1118 2408 consequimur.
1136 2334 1259 2393 Proinde
1273 2332 1307 2391 ii·

239 2428 285 2487 nis
304 2434 349 2488 est
368 2431 398 2487 ln
419 2432 590 2490 executione
609 2438 781 2507 postremus.
866 2476 869 2481 .

298 2526 345 2586 Ao
364 2527 487 2588 niternm
509 2544 578 2588 uero
597 2530 675 2607 quod
693 2535 823 2607 spectet,
838 2529 971 2590 videlieet
991 2532 1090 2589 omniu
1107 2532 1218 2606 operuri
1242 2546 1309 2605 pro·
1434 2542 1440 2553 '

239 2630 303 2700 pter
322 2624 427 2702 tinen,
447 2626 571 2687 observo
595 2626 682 2687 rebus
707 2628 842 2689 omnibus
867 2645 931 2688 esse
957 2631 1158 2704 praestitutum
1184 2629 1311 2706 aliquem

239 2722 344 2798 linem,
365 2725 396 2783 in
416 2742 502 2803 quem
523 2743 654 2805 quaeque
673 2731 735 2787 suis
753 2728 1071 2805 tendunt-sotionlbns,
1093 2726 1143 2787 sed
1164 2728 1311 2787 multimo-

240 2819 296 2881 dis.
326 2820 400 2881 Nem
430 2828 545 2901 egentis
574 2828 685 2889 ratione
713 2825 840 2885 fruentis
868 2818 946 2885 hune
974 2825 1060 2886 linem
1089 2828 1250 2901 percipiunt
1276 2842 1312 2886 eo

240 2920 393 2995 semetipso
418 2924 450 2980 in
474 2921 556 2982 illum
582 2923 722 3000 dirigunt.
753 2922 876 3001 Agentis
901 2940 970 2983 vern
1000 2924 1146 2983 intellectu
1172 2924 1311 2984 destituto

242 3025 388 3093 nequeunt
406 3021 554 3096 percipere
572 3019 677 3097 linem
703 3021 749 3081 vel
770 3024 794 3083 si
814 3038 866 3099 per
892 3024 1085 3100 eognitlonem
1106 3023 1241 3082 sensilem
1260 3038 1312 3098 ep·

244 3114 437 3195 prehendunt,
462 3117 510 3194 (ut
528 3125 573 3179 est
592 3121 622 3179 in
642 3120 749 3197 brutis)
775 3124 941 3199 neutiquam
962 3128 1059 3181 tomen
1081 3122 1163 3179 illum
1186 3120 1241 3179 sul)
1264 3134 1311 3180 ru·

242 3215 320 3275 lione
348 3214 418 3275 linis
441 3216 627 3294 dignoscunt.
653 3219 796 3293 Qnoeiruu
825 3236 883 3281 non
908 3236 939 3280 se
965 3222 996 3279 in
1024 3218 1155 3279 eumdem
1176 3218 1313 3294 dueunt,

156 3360 162 3369 .
242 3308 461 3467 auspicentur
484 3314 523 3373 eb
546 3315 671 3376 iuetme
696 3324 835 3395 naturae,
859 3321 909 3395 qul
933 3318 1019 3379 linem
1045 3320 1127 3377 novit
1147 3316 1315 3394 &memque

242 3423 295 3481 pre
363 3416 386 3468 t.
