2892 4425
290 483 788 617 mnnirnisimn
823 484 1148 637 sancionis

526 760 670 829 PARS
708 758 894 829 PRIMA

601 1000 835 1013 -0———1—

415 1186 1012 1273 castiniacum
1084 1196 1090 1215 '

580 1427 854 1464 -φ-

456 1812 460 1819 ·
551 1786 689 1889 cnam
714 1788 881 1859 estnon

407 1978 447 2023 nt
458 1978 557 2023 riuum
569 1976 734 2024 minime
745 1976 783 2023 iit
795 1978 1023 2027 comestam.

236 2130 439 2191 Pulcherrima
452 2131 524 2191 isaeo
544 2147 641 2191 rernm
662 2132 799 2191 maehina
819 2136 936 2207 aspecto
950 2126 1013 2207 ipso
1026 2132 1167 2206 sentitur3
1186 2146 1252 2206 pro

177 2227 303 2305 indeqm
327 2229 482 2289 ridiooinm
499 2237 575 2290 oeoet
598 2233 661 2290 eins
680 2233 853 2290 existentiae
877 2230 1153 2289 demonstrationem
1180 2230 1254 2287 sario

178 2342 326 2403 maerere.
350 2327 549 2388 Nihilominus
575 2329 805 2404 pronominum
835 2327 1042 2388 nonnuiiornm
1069 2327 1253 2401 pervicacia,

177 2422 320 2483 mnsmodi
337 2427 470 2500 quamdo
481 2427 597 2500 penitas
614 2425 871 2501 praetermittenda
890 2440 949 2483 non
969 2429 1029 2499 est3
1049 2423 1099 2482 sed
1116 2439 1189 2498 rem,
1209 2439 1254 2482 oe·

178 2524 312 2598 toroqnin
330 2521 495 2597 indubiam,
516 2523 775 2598 demonstratione,
797 2529 831 2583 nt
848 2524 942 2597 aiunt,
962 2521 1003 2582 od
1022 2521 1167 2583 hminem
1186 2537 1254 2580 con·

178 2618 316 2695 firmare,
337 2626 426 2696 atque
443 2619 482 2679 ab
504 2619 740 2680 adversariorum
761 2621 915 2681 oonaiibns
936 2620 1085 2679 vindicare
1104 2617 1253 2678 debemus.

178 2714 290 2776 Deinde
305 2717 408 2776 mnndi
422 2719 537 2777 interna
549 2719 678 2778 oonditio
692 2718 866 2794 explicanda
879 2725 939 2795 est3
956 2734 1027 2778 nom
1044 2732 1110 2776 enm
1128 2713 1255 2791 ipso-ab·

179 2812 276 2872 soioto
294 2820 325 2872 et
339 2813 454 2873 infinito
470 2821 537 2874 ente
553 2815 693 2875 ooninndi
712 2817 815 2892 possit,
836 2831 872 2875 an
891 2816 1024 2874 diversas
1042 2813 1079 2874 ab
1098 2829 1133 2874 eo
1148 2813 1256 2872 disere·

178 2917 286 2987 torque
298 2913 352 2970 sit.¹
364 2911 490 2971 Demnm
506 2915 532 2972 si
551 2913 589 2972 ab
603 2920 670 2973 ente
684 2898 801 2973 iniin'ito
817 2915 988 2990 seoernitur‚
1004 2929 1074 2972 num
1087 2911 1255 2972 inchoatam
1306 2931 1312 2946 ·

179 3022 218 3067 ea
230 2997 337 3068 aiieno'
345 3011 488 3085 principio
505 3018 536 3070 ot
553 3014 770 3089 contingentem
785 3014 926 3088 originem
945 3013 1065 3072 sortitus
1078 3012 1129 3086 sit,
1143 3026 1181 3070 sn
1196 3011 1258 3068 eni·

179 3111 239 3166 siat
250 3109 361 3168 virtuto
371 3124 428 3168 sna
441 3115 471 3169 et
486 3107 571 3170 iataii
584 3110 710 3186 quadem
726 3112 897 3170 necessitate
915 3116 1048 3168 naturae.
1065 3109 1141 3167 Hine
1160 3109 1258 3183 itaque

180 3203 221 3262 sit
238 3205 375 3263 initiam
395 3211 425 3265 et
443 3206 545 3265 mnndi
564 3208 629 3266 sive
646 3207 821 3283 renitentem,
836 3207 899 3266 sive
911 3207 1126 3266 distinctionem
1147 3219 1165 3263 a
1186 3203 1259 3278 Deo,

181 3299 244 3358 sire
264 3303 506 3378 contingentiam,
525 3305 588 3363 sive
606 3306 747 3380 originem
766 3311 892 3380 quotuor
914 3319 1093 3380 exequamur
1114 3301 1255 3361 articulis.

559 3499 741 3559 Annnconos
763 3499 888 3558 Pennus

384 3697 431 3757 De
453 3698 596 3758 obiectioo
618 3702 649 3757 et
665 3697 745 3758 reoli
760 3697 919 3758 existentia
939 3697 1056 3758 mnndi.

244 3903 273 3954 i.
294 3894 339 3954 De
357 3903 491 3958 exstante
505 3897 616 3956 mnndo
631 3896 802 3973 disceptatio
815 3896 959 3973 dupiioem
978 3896 1055 3973 apud
1070 3893 1261 3971 phiiosophos

182 3990 356 4053 roiniionem
376 3993 504 4073 inaboit,
524 3995 632 4055 animis
654 3997 686 4053 in
710 3997 872 4054 contrarios
894 3995 1051 4054 sententias
1073 3990 1258 4052 abeuntibus.
