2892 4425
205 341 213 356 .
233 311 290 364 m
560 309 800 362 fflsslffllffl
820 313 978 362 ”midinis

232 427 391 488 reatinum
409 424 499 485 rubus
520 423 642 484 adtraat.
664 425 741 488 mam
761 429 788 486 sl
808 441 854 486 reo
874 441 945 487 rea-e
963 429 995 486 in
1014 443 1047 488 se
1066 431 1197 505 sunt,·ln
1214 439 1309 508 qna·

231 532 295 586 tum
308 529 389 599 sunt,
403 524 525 600 cogitari
541 537 673 584 mnam
686 531 826 600 passuum
840 523 1071 585 mmidmattone
1084 540 1102 586 a
1115 528 1308 602 respectibus,

134 695 139 704 Ι
231 637 305 699 qnos
331 621 502 698 includunt,
524 629 659 683 anomia
680 622 766 682 linae
786 639 856 682 vero
875 625 1105 700 coglmtlonem,
1125 640 1202 700 quae
1222 639 1306 699 prae·

191 775 196 780 .
231 722 282 779 oia
300 726 366 796 cst,
391 720 451 780 atis
472 723 681 798 conseqmtur,
700 737 761 798 qua
780 722 946 784 earumdem
968 739 1066 782 mum
1085 723 1190 783 reatin
1210 729 1242 781 et
1260 739 1306 782 re·

232 825 349 896 spectus
362 821 588 896 investigantur.
604 819 702 896 lltqne
719 819 748 878 id
763 822 892 879 mamma
904 833 1068 880 consonum
1083 828 1128 882 est
1146 820 1307 880 conditioni
1371 815 1374 822 ’

231 916 438 992 intelligentiae
457 917 615 994 numanae,
634 935 721 994 quae,
743 907 809 978 curri
830 918 915 978 linita
934 920 984 992 sit,
1005 935 1065 978 uon
1085 922 1186 979 mutim
1206 921 1306 978 omnia

231 1031 306 1092 qnae
318 1030 492 1092 cognoscere
511 1023 618 1091 potest,
633 1020 729 1092 primo
749 1023 817 1076 actu
837 1015 1042 1092 apprehendit;
1056 1017 1109 1076 aad
1130 1016 1308 1092 pedetentim

232 1129 263 1172 se
282 1112 457 1190 quibusdam
478 1113 568 1173 veluti
588 1115 727 1190 madibus
741 1113 778 1175 ad
795 1116 932 1174 scientiae
945 1115 1151 1190 perlectionem
1173 1114 1306 1178 manau.

291 1210 403 1271 Deinde
416 1227 484 1270 cnm
501 1211 570 1270 hnic
591 1215 680 1272 edam
698 1212 839 1272 relativae
864 1214 1021 1288 cognitioni
1041 1212 1165 1272 obiectio
1185 1211 1237 1272 illa
1255 1227 1308 1288 ap·

231 1307 368 1386 plicatur,
388 1310 576 1369 distinctione
596 1309 717 1386 indiget.
733 1309 809 1368 Nam
827 1311 853 1368 si
876 1309 933 1370 hac
952 1312 1189 1386 interpretatione
1208 1326 1307 1373 suma·

232 1413 294 1480 tur,
313 1412 348 1465 ut
367 1406 440 1466 crdo
463 1407 640 1482 cognldooia
658 1405 833 1481 respondere
853 1406 960 1466 debut
973 1407 1068 1469 ordini
1093 1423 1190 1467 rernm
1210 1407 1308 1483 quoad

232 1503 408 1562 utimum
425 1505 654 1579 perceptionem,
676 1511 821 1580 quatenns
841 1503 918 1564 idem
938 1504 1011 1566 ordo
1033 1504 1308 1582 cognominasse,

231 1603 284 1677 qni
303 1615 404 1676 reapse
422 1603 500 1660 inest
517 1603 554 1660 in
569 1601 676 1677 rebus,
696 1617 768 1662 vera
789 1609 834 1662 est
852 1604 1027 1678 propositi03
1049 1609 1081 1662 at
1100 1601 1174 1661 nllaii
1195 1603 1308 1662 auctori

232 1697 425 1774 suffragatur.
440 1696 492 1756 Sin
508 1704 606 1758 autem
623 1702 667 1758 lta
684 1699 856 1776 intelligitur
873 1703 1031 1775 propositio
1043 1701 1108 1776 ilia,
1123 1707 1158 1760 ut
1174 1700 1308 1760 ordinem

232 1797 409 1872 cognitionis
426 1795 648 1856 assimilandum
666 1797 738 1858 velit
760 1797 856 1859 ordini
879 1813 977 1857 reram
996 1797 1094 1874 quoad
1112 1796 1308 1858 subtantiam

232 1892 477 1970 captivationem
494 1892 578 1953 miso
599 1900 645 1954 est
661 1899 692 1952 et
716 1897 913 1971 experientiae
930 1911 1017 1971 saepe
1036 1895 1220 1955 contradicit.
1240 1895 1308 1955 Non

232 1992 311 2050 enim
329 2005 442 2066 semper
456 1991 648 2070 cognoscendi
669 1997 764 2070 aetus,
779 1992 891 2052 obtecta
910 1993 1009 2068 aliqua
1026 1995 1224 2069 respicientes,
1237 2009 1309 2052 enn-

232 2090 298 2150 dem
319 2105 486 2166 processum
506 2091 537 2148 in
557 2106 611 2149 sua
631 2091 729 2166 geneal
750 2096 881 2166 servant,
902 2093 953 2166 qui
974 2091 1053 2168 viget
1073 2093 1103 2148 in
1129 2089 1216 2150 rebus
1235 2091 1308 2166 ipsis

232 2205 308 2267 quoe
326 2194 552 2265 cognoscuntur.
575 2187 635 2265 Sic,
657 2204 706 2248 ex.
721 2203 787 2265 gn,
810 2188 877 2248 licet
896 2190 978 2265 prius
996 2193 1044 2247 est
1066 2187 1123 2263 sol,
1145 2203 1235 2263 qoem
1256 2188 1309 2249 iux

232 2286 272 2347 ab
283 2302 319 2345 eo
331 2293 505 2362 propagata
521 2289 631 2361 optime
642 2292 742 2345 mmen
758 2287 840 2361 prins
857 2288 987 2363 gignimur
999 2288 1118 2345 intuitio
1131 2286 1219 2361 ineis,
1231 2284 1312 2344 dela·

232 2398 301 2460 cepc
319 2384 399 2442 solis.
415 2383 547 2459 lienique
565 2382 634 2442 licet
654 2384 735 2457 prius
754 2384 792 2440 sit
810 2388 902 2458 pater,
917 2398 1007 2458 quam
1024 2382 1117 2457 illlus3
1140 2386 1250 2458 optime
1263 2390 1310 2442 ta·

234 2498 299 2541 men
327 2483 359 2540 ln
386 2482 551 2557 cognitione
575 2480 727 2555 utriusque
754 2480 902 2539 invasum
928 2480 983 2538 iter
1005 2478 1144 2555 habetur,
1173 2486 1203 2539 et
1227 2482 1311 2555 prins

232 2581 419 2657 cognoscitur
437 2578 529 2654 filins,
547 2576 651 2636 deinde
668 2584 762 2652 pater.
784 2576 949 2637 Generatim
970 2576 1037 2637 licet
1057 2580 1138 2653 prius
1159 2578 1219 2637 sint
1240 2594 1308 2639 cau·

232 2693 304 2754 sae,
326 2692 417 2753 quam
439 2674 579 2750 eiieotns3
605 2680 704 2734 tamen
727 2674 758 2733 hi
784 2677 865 2749 prius
888 2677 1091 2751 attingantur,
1110 2690 1200 2751 quam
1219 2675 1308 2752 illaa;

233 2774 377 2851 siqnidem
399 2790 437 2833 ex
460 2772 620 2833 effectuum
645 2772 889 2847 contemplatione
913 2772 952 2830 ad
978 2773 1145 2832 eorumdem
1167 2776 1310 2849 principia

233 2872 394 2948 detegenda
413 2870 625 2947 progredimur.
651 2870 759 2945 Quidni
780 2872 870 2945 igitur
890 2870 1034 2928 consimili
1056 2874 1178 2945 ratione,
1200 2874 1253 2931 etsi
1272 2875 1311 2931 sit

234 2972 315 3044 prins
333 2969 423 3043 Deus,
444 2982 533 3044 quam
553 2974 615 3026 totu
630 2974 751 3043 natura3
772 2974 869 3025 tamen
890 2982 972 3025 mens
986 2966 1112 3027 hominis
1133 2966 1210 3027 hanc
1225 2975 1311 3027 antea

233 3067 457 3141 contempletur,
471 3064 607 3138 deinceps
627 3064 737 3123 Deum?
750 3064 850 3141 Neque
870 3063 940 3123 hinc
960 3064 1021 3123 ulla
1035 3066 1168 3141 exsurgit
1181 3064 1311 3138 falsitas,

233 3162 322 3222 modo
340 3163 372 3221 ld
390 3151 472 3237 quod
489 3162 570 3235 prius
589 3166 791 3240 cognoscitur,
813 3178 873 3221 non
893 3163 974 3237 prius
994 3177 1057 3221 esse
1077 3151 1240 3240 asseratur,
1260 3162 1311 3223 sed

233 3261 409 3335 manitionis
428 3272 564 3333 processu
580 3262 612 3318 in
630 3274 666 3318 co
684 3259 787 3320 ordine
804 3260 945 3319 obieetlve
962 3260 1130 3335 collocetur,
1144 3275 1232 3336 quem
1252 3276 1312 3319 rea·

234 3375 286 3436 pse
306 3359 361 3434 ipsi
382 3364 545 3433 competere
567 3374 649 3417 mens
666 3360 815 3435 perspicit.

293 3456 336 3513 At
355 3456 467 3530 inquit:
482 3458 508 3514 si
528 3456 571 3514 lta
589 3454 651 3532 liet,
668 3462 739 3513 tnnc
756 3456 836 3513 notio
852 3453 903 3513 liei
918 3470 956 3513 ex
973 3458 1093 3515 notione
1113 3462 1310 3515 creaturarum

234 3552 380 3629 gignenda
400 3555 472 3629 erit;
493 3553 654 3634 quodiam
675 3551 854 3627 impossibile
867 3551 928 3627 'aaa
948 3568 1036 3628 quarn
1053 3552 1150 3613 licum
1167 3570 1205 3613 ex
1227 3554 1313 3616 renus

235 3652 342 3711 creatis
363 3654 456 3730 gigni.
965 3688 968 3696 ι

295 3748 386 3825 llcsp.
411 3750 489 3809 ilaec
506 3749 630 3807 obiectio
652 3751 682 3805 in
704 3764 804 3807 crassa
825 3748 951 3823 quadam
976 3750 1087 3807 ratione
1107 3746 1249 3807 fundatur
1269 3750 1311 3805 iu·
1371 3810 1375 3817 ,

234 3846 382 3923 telligendi
396 3846 621 3906 abstractionem
635 3844 778 3904 idearum.
794 3842 936 3901 Subaudit
950 3846 1026 3902 enim
1043 3851 1180 3919 mentem,
1195 3843 1314 3920 quando

235 3942 330 4001 ideam
354 3944 482 4018 aliquem
503 3958 520 4000 a
541 3942 627 4002 rebus
647 3942 813 4017 abstrahit,
838 3944 920 4017 quasi
949 3942 1131 4018 superficiem
1151 3940 1313 4017 quamdam
