2892 4425
236 350 272 403 εἱ
706 356 838 401 uourcsu

237 469 281 527 vir
294 474 390 527 autem
407 464 536 543 prudens
554 466 670 529 nonnisi
688 468 772 541 gravi
790 472 937 525 momento
952 474 1100 541 pernotus
1119 470 1159 525 rei
1178 482 1236 525 non
1251 483 1310 526 cer·

235 572 281 625 tae
300 581 449 627 assensum
470 571 608 643 praestat.

296 672 345 725 aa.
365 665 441 727 Cum
456 664 518 725 sola
530 663 685 740 ceudtudo‚
706 668 735 722 et
753 663 870 738 qmdm
891 678 928 721 en
945 677 981 721 ea
996 670 1089 738 parte,
1105 678 1165 738 qua
1184 662 1307 724 dubium

234 760 373 837 excludit,
391 764 422 821 ln
441 760 611 837 ludlylslbili
628 764 686 821 sita
704 763 763 837 sit3
785 760 985 836 probabilitas,
1000 776 1077 836 quae
1096 761 1227 837 proiecto
1245 778 1309 822 oer-

234 859 329 919 tltudo
346 876 404 919 nou
426 866 482 935 est,
505 861 701 919 extensionem
723 858 882 934 quamdam
899 864 931 917 et
946 857 1131 917 latitudinem
1147 857 1248 932 babet,
1267 861 1310 917 iu·

234 964 280 1019 tra
300 974 387 1035 quam
409 961 530 1035 spatiari
553 964 647 1035 potest
667 972 702 1017 ac
723 960 900 1017 maturasse
921 958 966 1017 vei
988 960 1097 1031 minor,
1110 962 1197 1035 prout
1213 958 1309 1032 magis

234 1059 368 1117 minusve
386 1056 479 1117 llrmls
500 1062 552 1117 aut
572 1057 758 1117 auctoritatis
773 1063 830 1114 ant
850 1058 972 1119 tadonis
992 1054 1169 1131 pooueribm
1189 1054 1309 1113 robore·

232 1160 291 1217 tur.
315 1156 456 1230 Quocirca
476 1170 610 1217 assensus
634 1154 680 1215 bis
701 1154 871 1229 adbibitus,
891 1171 978 1231 quem
998 1155 1164 1229 opinionem
1185 1152 1309 1229 appella·

226 1258 343 1334 ¹illarius,
368 1258 462 1332 magis
484 1258 619 1313 minusve
637 1252 796 1329 probabilis
817 1270 881 1313 esse
902 1260 1009 1329 potest.

253 1378 258 1397 ι
293 1355 410 1431 Quaiu
432 1370 463 1413 re
485 1352 662 1413 arbitrantur
685 1352 775 1427 aliqui
798 1351 1031 1428 probabilitatem
1054 1352 1196 1409 minorem
1221 1350 1310 1408 unius

233 1454 440 1530 propositionis
459 1453 489 1509 in
508 1449 645 1509 conflictu
665 1453 800 1525 maioris,
820 1466 880 1528 qua
899 1449 1126 1511 contradictoria
1144 1446 1219 1510 toras
1239 1464 1309 1523 gau·

184 1568 208 1587 ··
233 1548 319 1623 daei,
345 1564 464 1626 prorsus
484 1548 561 1607 elidi
575 1555 604 1608 et
626 1548 847 1625 improbabilem
871 1547 966 1609 reddi.
988 1546 1044 1607 Sed
1068 1546 1100 1605 bi
1121 1545 1309 1606 uehementer

233 1652 342 1707 mrnnt.
365 1647 441 1707 Nam
460 1650 513 1706 etsi
532 1646 651 1706 evidens
673 1647 816 1707 cern'tudo
834 1648 1040 1723 propositionis
1058 1646 1223 1720 cuiuspiam
1240 1659 1309 1704 con·

233 1745 433 1805 tradictorlam
448 1745 553 1805 salsam
567 1744 688 1822 affimat,
702 1748 786 1822 elque
799 1762 915 1805 omnem
935 1744 1170 1821 probabilitatem
1183 1742 1306 1818 adimat3

233 1842 327 1903 simile
339 1850 437 1903 tamm
454 1859 512 1902 nou
533 1845 675 1921 contingit
693 1860 759 1903 cum
779 1844 816 1903 de
833 1861 915 1903 mera
931 1841 1135 1919 probabilitate
1151 1848 1310 1917 utcumque

234 1943 336 2001 maiori
353 1949 485 2019 respectu
501 1944 623 2001 minoris
639 1949 684 2002 est
699 1946 843 2020 quaestio.
866 1943 1011 2021 Utrinque
1027 1942 1105 2000 enim
1122 1941 1234 1999 motiva
1256 1941 1309 1997 ml-

233 2041 320 2101 litaut
336 2041 486 2117 prudentis
500 2056 647 2115 assensium
662 2057 754 2118 grave
771 2048 868 2101 auteur
884 2049 914 2101 et
928 2041 1078 2103 sufficiens
1091 2046 1234 2104 motivum
1254 2058 1309 2102 suo

234 2138 336 2199 robora
353 2155 412 2198 nou
433 2140 616 2215 destituitur,
638 2141 753 2199 tametsi
773 2156 841 2198 cum
861 2140 995 2216 graviore
1016 2141 1194 2200 conferatur.
1213 2140 1310 2217 Magis

233 2242 310 2300 euim
333 2247 362 2299 et
382 2242 498 2314 miuus,
522 2245 554 2298 ut
577 2237 799 2315 somersetam,
825 2241 952 2316 speciem
978 2242 1020 2298 rei
1038 2257 1097 2300 non
1122 2246 1307 2316 commutat;

234 2354 288 2398 nec
310 2338 437 2416 dignitas
457 2337 576 2405 inferior
599 2337 630 2395 in
652 2337 778 2396 dedecus
801 2336 979 2414 degenerat,
1004 2355 1039 2396 eo
1062 2337 1180 2416 quoda
1202 2340 1308 2397 maiori

233 2436 376 2514 dlguitate
394 2443 564 2515 superatum
585 2451 638 2496 nec
656 2435 863 2499 subobscurior
885 2436 939 2498 lun
956 2438 987 2496 iu
1007 2437 1142 2500 tenebras
1164 2440 1309 2511 aaudiat,

234 2538 258 2597 sl
280 2553 347 2598 cum
368 2537 509 2598 vividiors
532 2537 597 2594 luca
618 2535 769 2612 confligat.
888 2609 892 2618 Ι

294 2635 394 2697 Solent
413 2638 501 2694 etium
522 2635 657 2694 nonnulli
677 2635 714 2693 ad
737 2637 834 2694 varios
854 2635 1066 2709 probabilitatis
1081 2635 1198 2712 gradus
1217 2635 1309 2695 detor

235 2734 389 2794 minandos
409 2732 612 2792 certitudinem
637 2733 666 2790 in
685 2733 798 2806 aliquot
818 2747 917 2791 secero
939 2732 1117 2807 particulas,
1141 2735 1225 2807 quusi
1246 2736 1309 2792 ual-

233 2837 323 2892 t'atem
342 2833 371 2890 iu
388 2827 507 2891 totidem
517 2825 694 2905 fractiones.
714 2830 823 2890 Verum
839 2829 871 2888 id
886 2829 1110 2904 improbandum
1126 2831 1247 2888 manino
1266 2834 1309 2890 ui·

234 2927 328 2988 detur.
348 2927 496 2987 Certitudo
516 2929 606 3000 enim,
629 2933 730 3001 utpote
748 2941 826 3002 quae
842 2924 941 3000 quoad
962 2923 1045 2983 dubii
1062 2927 1259 2984 mensionem
1278 2929 1310 2986 lu

166 3067 167 3071 ,
235 3025 403 3086 indivisibili
430 3031 581 3098 moretur,
609 3026 709 3098 nequit
731 3027 762 3080 in
783 3024 978 3100 partasulles
998 3023 1112 3102 dividis
1138 3039 1192 3084 neo
1211 3041 1310 3086 rerum

234 3124 330 3201 quoad
346 3108 471 3200 speciem
489 3121 687 3182 differentium
706 3128 801 3196 potest
820 3138 881 3182 uua
900 3137 954 3182 eeu
974 3109 1171 3200 fragmentum
1189 3124 1310 3188 alterius

235 3221 422 3282 considerari.
442 3221 489 3280 Sic
504 3222 600 3297 inepte
617 3221 792 3296 cogitaretur
810 3222 981 3297 imaginatio
997 3221 1075 3280 bruti
1094 3221 1183 3282 edati
1195 3218 1311 3298 ¹fractio

235 3322 355 3380 mnonis
374 3320 531 3379 humanae.
550 3317 670 3378 Fraciio
688 3320 765 3376 enim
782 3335 833 3394 per
849 3319 970 3392 alterius
983 3316 1146 3396 sanctonis
1160 3324 1312 3381 contium·

137 3407 141 3412 ’
183 3435 187 3442 ·
233 3425 297 3479 tum
319 3419 548 3478 additamentum
569 3419 710 3478 unitatem
732 3418 777 3476 vel
802 3420 972 3493 aequiparat
993 3419 1040 3477 vel
1061 3421 1149 3478 etlam
1172 3425 1309 3495 superat3

234 3519 404 3595 imaginatio
426 3523 524 3577 autem
542 3515 670 3577 belluina
691 3515 801 3574 nullius
819 3518 1037 3592 imaginationis
1060 3518 1238 3593 perfectioris
1262 3505 1321 3576 aci

235 3617 363 3676 eessloue
391 3617 531 3674 rationem
558 3614 684 3674 hominis
711 3630 840 3691 uuquam
864 3615 1012 3692 aequabit.
1042 3617 1126 3690 Quod
1152 3619 1311 3695 generatim

234 3712 272 3773 do
287 3715 367 3773 omni
387 3729 419 3772 re
441 3712 573 3773 diversae
595 3707 722 3790 speciei,
745 3721 776 3772 et
799 3715 920 3790 proinde
944 3715 981 3774 de
997 3715 1201 3791 probabilitate
1222 3716 1310 3772 etiam

236 3819 366 3888 respectu
385 3812 567 3872 certitudinis
585 3812 768 3871 sentiendum
785 3818 842 3872 est.
867 3814 993 3887 Quinam
1011 3817 1101 3891 igitur
1122 3810 1311 3889 probabilitas

236 3916 385 3988 tamquam
403 3911 585 3972 certitudinis
605 3909 732 3971 fmstnm
751 3911 822 3988 tingi
842 3914 970 3987 poterit?
995 3911 1025 3971 Sl
1043 3912 1074 3971 id
1094 3911 1187 3984 lleret,
1214 3925 1311 3968 maen·

235 4009 306 4070 tlala
328 4011 485 4072 dbmiuren
505 4013 656 4088 utriusque
677 4010 839 4082 tolleretur,
858 4018 886 4070 et
906 4009 1050 4070 certitudo
1070 4027 1106 4067 ex
1122 4007 1311 4082 probabilita-
