2892 4425
247 357 303 407 2⁴2
573 357 789 402 {uladislao
811 359 985 400 dubitatis

246 480 299 547 eri,
318 491 375 533 aon
390 489 459 545 esse,
482 471 553 530 dom
568 475 624 532 est.
639 470 723 542 Quod
739 477 836 530 autem
850 471 990 530 eiusmodi
1008 471 1159 547 indicium,
1174 489 1313 549 quacum-

246 589 303 648 que
318 572 413 630 ianua
427 573 578 643 undatur,
598 571 638 628 alt
658 571 785 645 pomum
805 585 824 628 a
842 575 937 627 mente
959 569 1116 645 prolatum,
1139 574 1182 632 sic
1202 571 1312 633 breuis·

247 673 319 728 sime
334 669 450 729 suaderi
467 673 576 744 potnit
598 667 741 728 iudicium
762 666 882 726 resultat
899 683 936 726 ex
952 671 1167 744 comparatione
1186 669 1312 732 dumam

247 767 387 828 idearum
409 767 498 842 Atqui
520 765 612 841 tdccc,
632 781 707 841 quae
729 767 823 840 primo
844 764 1038 840 explicantur,
1058 775 1127 826 sunt
1149 767 1214 827 idea
1236 773 1314 830 entia

248 873 278 926 et
292 867 357 926 idea
368 881 427 924 non
439 867 524 924 entis.
540 863 618 940 Ergo
630 863 702 922 illud
716 863 855 922 iudicium
872 869 917 922 cst
930 866 1056 938 pdmuro
1072 867 1221 942 omnium,
1236 868 1314 942 qnod

249 967 368 1026 resultat
386 981 425 1024 ex
443 965 659 1038 comparatione
675 962 756 1022 ideae
771 963 846 1020 entis
863 977 930 1021 cum
952 962 1015 1020 idea
1032 979 1089 1022 non
1112 967 1200 1024 enda.
1224 967 1314 1040 Atqui

248 1082 282 1124 ex
303 1064 358 1124 bac
376 1065 592 1138 comparatione
613 1077 673 1120 non
692 1060 773 1120 aliud
796 1059 916 1119 resultat
940 1062 995 1118 nisi
1017 1064 1206 1138 repugnantia
1229 1064 1317 1122 unius

247 1159 753 1236 cumaltero.·1irgopriucipium,
775 1158 852 1234 quod
877 1157 906 1216 id
930 1161 1094 1233 exprimat,
1118 1166 1163 1218 est
1187 1162 1314 1236 primum

248 1262 386 1321 iudicium
406 1258 485 1335 quod
508 1264 605 1316 mente
625 1255 780 1332 protertur.

307 1358 400 1418 0biic.
426 1358 463 1414 ll.
487 1356 664 1429 Principium
687 1354 924 1414 contradictionis
952 1355 1127 1414 evidentiam
1154 1355 1314 1431 subaudit,

248 1473 298 1516 aen
319 1456 375 1515 hoc
392 1454 549 1514 indicium:
569 1451 715 1529 quidquid
733 1455 899 1512 continetur
917 1455 950 1511 ia
970 1451 1038 1512 idco
1054 1453 1140 1512 claro
1160 1459 1189 1512 ei
1208 1451 1316 1514 distin·

249 1561 298 1612 cta
317 1569 416 1612 ocum
437 1556 491 1610 eat.
516 1552 593 1626 Ergo
613 1567 671 1609 nun
691 1557 735 1610 eat
756 1553 885 1610 omnium
909 1553 1046 1627 nmmum.
1353 1597 1361 1613 .
1390 1608 1395 1617 ,

309 1651 397 1726 Rasp.
415 1650 493 1708 Dici.
511 1648 580 1708 Ani.
595 1647 736 1708 subaudit
749 1649 925 1708 euidentiam
944 1656 1094 1726 tamquam
1115 1651 1316 1712 characterem

249 1757 279 1808 ct
297 1750 498 1825 proprietatem
515 1745 664 1823 quodlibet
680 1747 820 1806 iudicium
839 1763 940 1807 aarum
958 1751 1201 1809 concomitantem
1218 1767 1317 1823 conc„-

248 1854 398 1924 tamquam
420 1847 616 1921 principiam,
632 1861 669 1904 ex
690 1859 749 1919 quo
768 1844 965 1904 ratiocinando
984 1845 1125 1906 indirecte
1143 1847 1246 1906 saltem
1270 1851 1316 1907 in·

248 1944 370 2018 teratur,
390 1959 475 2020 naqa.

308 2043 370 2102 Etsi
390 2043 562 2118 principium
582 2041 817 2100 contradictionis
836 2039 891 2100 boc
911 2044 986 2116 ipso,
1001 2041 1080 2117 qnod
1107 2057 1208 2100 verum
1229 2049 1317 2102 mtet

249 2147 350 2202 notnm
373 2146 475 2217 sponte
497 2155 574 2215 sua,
600 2138 796 2215 evidentiam,
822 2145 851 2198 ct
873 2138 990 2215 quidem
1011 2153 1087 2215 quaa
1109 2141 1240 2199 mulina
1257 2142 1316 2215 sit,

249 2240 441 2317 imiimi
464 2246 561 2299 umen
582 2254 619 2297 ne
642 2238 781 2297 indirecte
804 2237 921 2313 quidam
944 2236 1067 2297 infertur
1091 2254 1128 2298 ex
1151 2253 1186 2297 ea
1210 2242 1317 2315 perspi·

249 2342 371 2413 onitate,
394 2354 455 2415 qua
473 2337 576 2415 iulgct.
598 2335 655 2396 Sed
673 2352 824 2395 assensum
844 2337 920 2411 rapit
941 2336 1106 2395 immediata
1130 2344 1248 2412 propter
1267 2352 1317 2396 ne·

248 2452 321 2498 xum
344 2437 542 2513 praedicatam
567 2438 642 2495 luter
669 2435 889 2510 subiectumqne
916 2434 1164 2515 inuroeuantem„
1184 2434 1221 2493 Et
1246 2451 1317 2495 stoc

248 2534 394 2612 quomodo
406 2550 443 2593 cx
455 2534 601 2593 avidentia
618 2533 721 2592 tulerri
740 2538 849 2609 possen
862 2535 901 2608 si,
921 2534 1062 2609 principio
1080 2532 1318 2593 contradictionis

230 2650 310 2693 ·non
330 2635 567 2709 praesupposito,
592 2634 656 2707 ipsa
680 2631 826 2690 euidentia
845 2631 1015 2690 corrueret?
1038 2630 1117 2689 llaec
1136 2632 1214 2691 eninr
1240 2638 1319 2693 cerie

250 2732 336 2792 simoi
356 2747 420 2789 casa
437 2736 532 2805 poaaet
554 2728 699 2789 evidentia
716 2736 746 2787 et
764 2744 825 2789 uon
844 2728 1009 2805 euidentia,
1029 2730 1085 2788 nlai
1106 2729 1244 2805 implicite
1260 2730 1318 2789 sal·

250 2833 309 2889 tem
332 2842 414 2887 mens
431 2827 670 2887 contradictionis
693 2826 785 2885 eiiato
806 2825 927 2885 tirmiter
951 2827 1132 2887 adhaereret.

309 2924 405 2985 0biic.
422 2926 478 2984 111.
493 2924 557 2983 Nisi
575 2940 674 2983 aarum
688 2930 765 2985 emet
778 2926 810 2983 in
830 2926 972 3001 pnnclpio
986 2924 1223 2983 ‹ronuadictlonis
1237 2940 1320 3000 prac-

250 3025 379 3085 dlcatum
394 3039 485 3082 onum
503 3022 634 3099 meaque
657 3038 720 3082 asae
733 3038 799 3081 cum
815 3022 955 3099 subiecto,
972 3040 1053 3082 ruens
1071 3026 1129 3099 ipsi
1150 3026 1320 3099 neutiquam

251 3120 534 3196 ossenbrcturdirgo
546 3121 720 3197 principium
730 3118 970 3200 contradictionis
981 3123 1130 3197 praevium
1142 3120 1229 3181 babet
1241 3124 1323 3196 prin·

251 3224 359 3299 dolum
379 3218 564 3293 identiioiic‚·
586 3218 738 3277 uidelicet:
759 3218 838 3297 quod
854 3225 913 3295 est,
933 3225 1084 3293 csi‚··sen:
1109 3218 1131 3279 A
1152 3224 1261 3296 aequat
1281 3220 1319 3278 Α.

312 3319 399 3394 Raso.
415 3318 496 3377 Dici.
512 3316 582 3377 Ant.
600 3316 637 3375 iit
656 3318 728 3377 baec
747 3316 884 3377 identitas
900 3325 944 3377 eat
961 3318 1089 3378 conditio
1104 3317 1253 3394 quodlibet
1273 3320 1319 3377 iu·

251 3418 359 3477 dicium
381 3416 572 3475 necessarium
589 3414 731 3490 alliciens,
751 3432 831 3475 coac.
841 3435 853 3489 ‚·
877 3425 922 3477 cst
944 3416 1104 3493 iudicium,
1128 3434 1164 3477 aa
1181 3431 1241 3493 quc
1263 3417 1323 3475 clia

127 3530 144 3593 ,¹
253 3516 361 3575 iudicia
380 3514 563 3589 derivantur,
582 3530 667 3591 neco.

311 3612 417 3672 Videre
430 3615 493 3671 acie
507 3613 610 3671 mentis
624 3611 795 3671 attributum
810 3612 927 3687 aliquod
943 3612 1072 3671 subiecto
1089 3626 1260 3688 congruere,
1276 3616 1320 3669 at·

252 3726 310 3787 qne
327 3710 382 3771 boc
394 3713 489 3788 ipsum
506 3710 665 3787 affirmare,
684 3710 760 3769 idem
776 3716 832 3769 cat.
856 3709 981 3769 Proinde
999 3727 1080 3769 mens
1096 3710 1238 3786 principio
1255 3724 1324 3767 con·

253 3808 433 3869 dedicionis
454 3810 613 3869 mentiens
634 3824 693 3867 non
716 3809 850 3868 innititur
871 3810 981 3867 rislam
1002 3808 1162 3867 identitatis
1182 3810 1320 3866 mimine·
1376 3858 1381 3865 .

194 3917 198 3925 ·
253 3924 319 3966 rum
342 3914 490 3983 tamquam
513 3909 693 3983 praemissa,
716 3923 752 3964 ex
778 3922 837 3982 qua
859 3906 935 3965 illius
954 3908 1085 3983 principii
1108 3913 1216 3965 certam
1239 3912 1324 3965 eruat

255 4007 467 4081 cognitionem,
493 4004 542 4063 sed
568 4012 717 4079 umquam
744 4006 881 4078 requisito
904 4002 941 4062 ad
967 4003 1043 4063 banc
1072 4003 1240 4063 eliciendum
1271 4020 1321 4061 uc·
