2892 4425
559 344 637 393 rins
658 346 762 393 rursm
933 384 942 405 ,
1162 336 1200 390 st

180 460 211 514 9.
231 454 305 513 Cum
319 455 461 515 terminus
481 456 564 515 extro
577 456 804 531 propositionem
825 456 939 516 undam
952 451 1199 533 slgnisscntinnem

121 554 264 627 suscipere
276 555 368 629 possit
379 570 389 630 ς
414 552 569 629 diiigenter
581 552 761 612 considerari
774 552 860 613 debet
877 552 916 613 uti
928 568 1088 630 quemnam
1101 554 1200 628 potius

117 648 149 706 in
170 651 365 724 propositione
383 648 602 708 determinetur.
628 650 724 722 Quare
744 658 971 711 consentaneum
988 652 1044 710 erit
1065 648 1198 709 diversos

119 744 167 803 hic
186 761 355 829 enumerare
372 745 495 823 modos,
519 744 625 821 quibus
647 747 765 805 tormini
787 750 923 823 usurpari
946 744 1067 824 queunt.
1091 746 1197 822 ltaque

118 842 259 900 terminus
282 840 328 900 vei
350 856 403 917 pru
425 857 495 900 sorio
514 846 629 900 tantum
646 844 705 901 oris
726 845 864 918 sumitur,
886 849 920 902 nt
935 845 960 901 si
982 844 1086 902 dices:
1112 840 1216 903 loma.

118 938 252 1009 etloum·
274 936 319 995 rei
337 952 391 1011 pro
410 953 442 995 re
462 953 483 994 a
498 952 569 997 soro
588 934 742 1011 distincta,
764 943 798 996 ut
815 940 841 996 si
858 938 955 997 dicas:
976 937 1061 999 tomo
1074 939 1198 997 estuat·

118 1032 191 1092 mal.
215 1033 316 1091 Prima
329 1035 458 1107 receptio
475 1049 534 1091 non
554 1034 780 1110 incongruenter
797 1037 953 1111 marpatr'o
972 1034 1198 1111 rtpm'steaitorrs'r

117 1128 285 1188 motertalts
303 1132 515 1206 nominaretur,
535 1129 627 1190 ultera
645 1132 801 1207 amrpatto
812 1127 966 1206 serenatis.
985 1131 1094 1195 lterum
1116 1146 1198 1189 usur·

116 1226 197 1302 patin
217 1226 375 1285 materialis
395 1241 458 1284 esse
475 1232 571 1302 potest
593 1227 638 1285 vei
662 1225 814 1287 maturatis
834 1227 881 1287 rei
905 1228 1084 1303 artificioso,
1110 1231 1198 1301 prout

116 1325 259 1382 terminus
278 1326 405 1383 sumitur
424 1323 462 1383 ud
479 1339 584 1383 sonum
599 1323 881 1404 vocisinnuendnm
900 1322 1060 1383 secondum
1074 1322 1104 1380 isi
1118 1322 1198 1398 quoti

115 1420 204 1480 habet
217 1437 235 1480 a
248 1426 366 1496 natura,
385 1426 420 1480 ut
439 1423 470 1479 in
491 1419 624 1495 exemplo
647 1403 741 1497 nuper
755 1420 860 1480 aiirta:
883 1417 969 1478 tarro
986 1424 1032 1477 art
1050 1433 1128 1492 voa;
1149 1416 1196 1475 uei

11 1580 12 1583 ,
69 1549 72 1557 ¹
116 1518 275 1577 secundnm
295 1517 422 1593 iuquod
441 1516 529 1576 habet
551 1514 588 1575 ab
610 1520 692 1592 arte,
716 1524 749 1575 ut
767 1520 793 1577 si
812 1517 912 1576 dicus:
933 1514 1196 1575 lomoertnomerr

118 1616 223 1675 tertiae
244 1612 464 1673 declinationis.
481 1613 619 1672 Vicissim
634 1616 784 1690 usurpatio
797 1612 930 1673 formeiis
950 1626 1014 1671 mse
1034 1617 1128 1687 potest
1149 1609 1195 1669 rel

116 1711 235 1785 proprie
257 1708 304 1769 vei
325 1709 535 1786 metaphorica,
559 1716 704 1785 quatenus
724 1717 905 1786 usurpantur
922 1712 1039 1769 termini
1056 1710 1088 1766 in
1108 1710 1197 1784 signi·

116 1806 251 1866 iicstioue
272 1813 324 1866 aut
341 1808 458 1882 propris
478 1812 531 1865 aui
551 1806 658 1867 aiiena.
679 1806 853 1882 Exemplum
875 1807 962 1881 primi
983 1806 1096 1883 generis
1117 1806 1193 1863 erit:

116 1900 277 1979 Philippos
284 1900 352 1979 sall
360 1918 471 1980 parerer
484 1900 669 1978 Ameaadrm
682 1902 849 1978 exemplum
864 1918 934 1963 uero
945 1902 1127 1978 posterioris:
1142 1899 1195 1961 Sa·

115 2004 211 2059 crater
222 1997 290 2076 salt
304 2010 415 2077 pareas
427 1998 663 2077 pltmsoplslae„

174 2096 285 2155 Deinde
301 2096 393 2155 diuidi
411 2103 507 2173 potest
525 2097 556 2154 in
575 2096 684 2156 realerrr
705 2103 735 2156 et
755 2096 892 2174 topicam.
914 2098 1027 2158 iinmm
1045 2098 1125 2172 prior
1143 2094 1195 2154 ira·

114 2193 213 2269 betur,
233 2208 301 2252 cum
325 2196 459 2252 terminis
477 2196 588 2254 utimur
606 2193 644 2254 ad
659 2193 884 2271 significandum
898 2192 1010 2271 aliquid
1031 2191 1193 2253 secundnm

115 2289 235 2349 modum
249 2289 359 2349 realem
372 2290 529 2366 existendi,
544 2297 577 2350 ut
590 2293 615 2349 si
630 2291 728 2350 dices:
750 2290 835 2350 lenam
848 2295 893 2349 ert
906 2289 981 2350 liter
988 2310 1001 2366 ‚·
1015 2291 1107 2348 aitera
1123 2304 1193 2349 vero

114 2403 182 2446 cum
202 2385 314 2463 aliquid
333 2386 533 2462 significemus
547 2387 706 2446 secundom
722 2387 842 2445 morium
856 2387 1001 2445 existendi
1024 2386 1191 2461 mentalem,

114 2490 150 2544 ut
172 2486 197 2542 si
217 2483 318 2548 dieas:
342 2481 427 2542 ltnmo
445 2486 490 2541 est
505 2485 625 2558 spectes.
645 2483 742 2540 Homo
763 2484 842 2541 enim
863 2485 970 2559 spectet
988 2485 1136 2542 notionem
1149 2483 1194 2540 in·

112 2581 179 2640 duit
198 2595 249 2656 per
269 2580 374 2639 mentis
392 2580 663 2642 considerationem.

37 2713 43 2724 ·
173 2677 271 2737 Tertio
293 2675 385 2735 dividi
409 2680 507 2752 potest
525 2678 554 2734 in
570 2674 790 2753 particularem
803 2682 833 2736 et
844 2691 1035 2740 commanem.
1059 2674 1193 2735 Particu-

112 2773 184 2834 iuris
203 2779 248 2834 est
273 2775 401 2848 acceptio
423 2774 541 2833 termini
568 2789 621 2850 pro
642 2773 741 2850 aliquo
762 2775 808 2834 rei
829 2773 975 2850 aiiqniims
995 2772 1193 2850 singularibus
1309 2831 1311 2836 .

111 2887 188 2946 quae
207 2868 422 2946 complectitur,
443 2875 477 2942 ut
496 2869 618 2947 pallam
637 2867 768 2928 lomr'aer
787 2875 859 2930 sant
873 2871 1041 2947 rapteatm5
1059 2884 1192 2928 commn-

110 2968 158 3026 nis
181 2972 225 3025 est
243 2969 372 3042 acceptio
387 2968 504 3026 termini
523 2981 575 3042 pro
594 2965 731 3026 omnibus
748 2967 935 3026 inferioribus
955 2981 1031 3043 quae
1048 2967 1190 3042 continet,

109 3069 145 3123 ut
163 3079 261 3122 omnes
286 3061 415 3122 hormines
438 3067 508 3122 rant
527 3065 643 3122 ratione
666 3061 814 3140 praediti.
838 3063 936 3139 Atque
958 3061 1008 3120 iric
1030 3061 1191 3121 uidendum

109 3165 156 3220 est
175 3167 275 3220 umam
297 3175 356 3218 vox
377 3161 471 3220 ommis
491 3159 690 3236 particularis,
709 3175 789 3236 quae
806 3162 932 3219 termino
951 3161 1100 3218 communi
1120 3175 1191 3218 con·

108 3257 251 3331 tinentur,
267 3261 383 3316 revocet
401 3254 556 3330 collectim,
573 3263 606 3315 nt
618 3259 643 3314 si
656 3255 753 3316 dicos:
775 3271 874 3316 omnes
881 3253 1023 3332 planctae
1035 3258 1107 3314 rant
1118 3254 1193 3331 plas

106 3356 237 3429 septam
251 3359 303 3413 eut
315 3351 444 3428 divisim,
464 3359 497 3413 ut
510 3355 535 3413 si
548 3353 645 3412 dicas:
660 3368 759 3412 omnes
774 3353 919 3430 planctae
935 3355 1090 3412 moveatur
1107 3353 1190 3410 circa

107 3447 209 3522 solem,
229 3448 308 3524 quod
325 3449 362 3508 de
380 3449 504 3526 singuiis
522 3463 652 3509 morsum
673 3465 774 3507 rernm
787 3456 842 3508 est.
865 3448 900 3507 in
915 3449 1004 3523 priori
1017 3463 1087 3506 casu
1106 3463 1192 3507 usur·

37 3591 45 3600 .
107 3545 189 3620 patio
202 3543 423 3619 significationis
433 3547 532 3604 uacari
545 3550 641 3620 potest
653 3543 820 3620 mimano,
832 3547 862 3604 in
875 3545 968 3605 nitero
981 3542 1188 3604 distributiva.

171 3637 250 3697 Haec
264 3653 323 3696 non
335 3638 431 3700 iutiiia
445 3639 624 3700 umumuuda
637 3647 718 3718 sunt,
729 3641 781 3700 seri
791 3656 857 3700 cum
867 3641 994 3700 ntiiitete
1002 3640 1190 3700 mnsideren·

106 3743 158 3796 tur
171 3735 210 3795 ad
224 3735 433 3812 sophistarum,
455 3739 506 3812 qui
527 3751 677 3813 nunquam
691 3736 809 3815 desum,
822 3737 1006 3814 deceptiones
1027 3737 1185 3798 cerendas.

18 3835 24 3842 '
106 3833 230 3892 variata
243 3833 372 3892 enimin
393 3834 545 3892 ratiocinio
566 3836 755 3910 usurpatione
770 3835 1007 3912 significationis,
1029 3850 1185 3911 argumen-

106 3935 172 3991 tum
190 3927 281 3990 solim
295 3929 394 3992 erudit
407 3944 442 3990 uo
455 3927 605 4008 pluribus,
619 3945 708 4010 quem
721 3929 834 4009 uitus,
848 3937 986 3992 consteos
997 3932 1144 3992 terminis.

153 4055 154 4058 ,
826 4023 837 4036 ’
1009 4033 1026 4086 ⁸
