2892 4425
245 354 302 408 110
571 356 812 403 ΙΙΜἮΙΙΟΔΒ
832 358 994 403 arbelitis

241 468 351 529 iudido
368 466 477 544 quibos
497 464 615 527 latiaris
632 467 728 544 dotem
745 470 855 545 possit,
871 468 1059 529 mmlestnm
1076 475 1122 530 mt
1139 486 1156 530 a
1177 470 1240 531 lieo
1252 479 1334 543 tune,

239 566 395 625 &monis
413 563 561 623 talladam
577 568 705 640 psrrrdttl
719 582 778 625 noo
790 567 929 641 potuisse.
946 567 1031 639 Quod
1049 568 1213 629 esidemios
1232 586 1325 647 uppa-

242 668 287 723 ret
308 665 333 722 el
350 662 603 723 animadrmtatur
615 663 748 740 prodigia
761 680 876 739 semper
894 666 1003 741 patrari
1021 667 1051 723 in
1068 666 1324 727 oonflrmaliooenr

241 759 392 820 doetrinae
408 760 559 821 cuiusdam
574 767 627 821 aot
645 764 809 821 emetitatis
823 765 911 823 vitae.
930 762 1090 822 lioralibne
1107 765 1184 823 enim
1205 764 1258 824 liei
1276 773 1323 825 at-

127 892 131 900 ·
240 857 358 917 elbora
378 864 523 935 repugnat
541 864 575 917 ot
590 858 710 917 arbitrio
728 860 797 917 mali
816 863 935 935 spiritus
947 862 1133 943 permittatur
1145 877 1230 940 opus,
1244 864 1326 939 qnod

241 956 274 1015 io
292 956 448 1033 ospitalem
463 961 494 1015 et
512 955 727 1015 ineluctabilem
744 956 946 1031 dooepllonem
965 957 1100 1017 homines
1119 959 1282 1021 induceret.

299 1054 413 1114 lodioia
427 1061 536 1129 autem,
558 1054 664 1130 quibos
683 1053 765 1113 iraus
781 1054 848 1112 meli
871 1056 989 1129 spiritns
1003 1056 1098 1133 detegi
1119 1063 1237 1132 posset,
1251 1058 1326 1117 liaeo

241 1154 425 1229 potissimum
448 1154 624 1228 respiciunt:
645 1153 784 1214 nimirum
802 1166 893 1227 opus,
911 1160 1100 1227 operantem,
1120 1154 1232 1229 linem,
1255 1172 1325 1232 ope·

241 1251 384 1327 modique
401 1249 533 1309 modom.
556 1249 660 1323 Quoad
678 1264 776 1325 opos,
795 1248 1014 1325 ponderandum
1035 1250 1138 1309 sedulo
1156 1257 1201 1311 est
1219 1259 1320 1312 atrum

241 1350 355 1408 ratione
380 1349 426 1407 soi
448 1348 495 1406 vel
518 1345 663 1422 subiecti,
687 1349 718 1405 io
743 1362 802 1422 qoo
826 1345 881 1422 iit,
906 1348 952 1407 vel
978 1346 1181 1407 adiunctorom
1207 1351 1246 1407 sit
1268 1350 1323 1409 all·

240 1445 313 1522 qnid
326 1445 453 1519 bonnm,
473 1451 603 1519 rectum,
627 1444 757 1521 nullique
777 1444 923 1505 honestati
945 1447 1149 1519 contrarium,
1174 1462 1227 1505 neo
1245 1447 1323 1505 divi·

241 1558 310 1601 nam
332 1546 512 1601 maiestatem
532 1542 578 1599 vel
601 1542 761 1602 bonitatem
776 1542 929 1601 dedecens.
951 1543 1053 1616 Quoad
1072 1550 1251 1619 operantem,
1272 1558 1325 1605 ne·

240 1614 321 1699 essee
338 1644 384 1698 est
396 1645 430 1698 ut
441 1640 471 1697 ln
490 1640 582 1698 vitam
596 1655 632 1699 ac
642 1654 738 1700 mom
756 1639 847 1715 illios,
859 1642 911 1716 qui
923 1640 1056 1699 mirabile
1068 1640 1178 1716 aliquid
1190 1640 1322 1719 exbibet,

241 1737 519 1798 animadvertamus.
537 1738 600 1797 Etsi
616 1739 696 1797 eninr
709 1737 787 1798 Deus
809 1738 927 1798 bomine
946 1730 1035 1799 etiam
1050 1754 1175 1815 nequam
1199 1743 1243 1799 uti
1268 1742 1323 1801 ali·

240 1835 361 1913 qnando
385 1837 479 1912 possit
500 1836 538 1896 ad
562 1836 737 1897 miraculum
759 1837 1007 1913 perpetrandam,
1032 1844 1065 1897 nt
1085 1836 1151 1897 aliis
1168 1838 1209 1895 sit
1226 1838 1323 1912 proin·

240 1939 345 2010 turus,
373 1937 568 1995 communiter
588 1940 687 1994 tameo
717 1936 835 1995 nonnisi
856 1935 961 2010 probos
990 1940 1163 2011 sanctosque
1188 1934 1320 1997 adhibet.

241 2030 363 2108 Saltem,
378 2034 434 2093 etsi
451 2048 488 2092 ex
505 2035 650 2108 pravitate
664 2034 814 2107 operantis
832 2031 899 2107 (nisi
916 2032 974 2091 aila
990 2032 1097 2107 adsint)
1120 2032 1226 2091 inlerre
1242 2042 1324 2095 certo

240 2145 421 2208 nequeamus
439 2130 574 2190 miracoli
585 2130 758 2206 falsitatem,
771 2136 869 2190 tamen
883 2146 920 2189 ex
933 2131 1010 2191 illios
1026 2130 1154 2191 bonitate
1167 2134 1238 2189 certi
1258 2132 1323 2195 red·

240 2229 339 2290 dimur
363 2229 494 2290 iraudern
518 2245 634 2288 omnem
653 2228 802 2303 abluisse,
825 2235 855 2288 et
880 2229 966 2288 vaide
995 2245 1102 2306 urgens
1126 2245 1161 2288 ac
1186 2244 1257 2290 nero
1283 2233 1323 2290 si·

240 2330 397 2389 mllilmum
420 2333 624 2405 argumentum
647 2329 778 2387 eruimus
797 2327 880 2386 nulla
902 2343 938 2400 ex
961 2333 1042 2404 parte
1062 2326 1212 2387 daemonis
1229 2329 1320 2388 inter·

239 2425 332 2487 inisse
352 2428 521 2503 praestigia.
541 2426 656 2484 Etenim
679 2425 775 2485 malus
788 2426 873 2484 malls
888 2427 991 2484 utitur.
1011 2424 1184 2485 Praesertim
1209 2425 1322 2486 attendi

240 2525 326 2586 debet
339 2533 438 2586 utrum
457 2527 525 2602 quis
549 2525 626 2583 elato
648 2524 863 2601 magnificoque
886 2525 1031 2583 animost
1052 2539 1083 2582 se
1103 2523 1237 2584 iactando
1255 2540 1321 2600 pro-

240 2623 353 2701 digiam
378 2622 532 2699 spondeat.
557 2620 616 2681 Ubi
640 2625 716 2680 enim
740 2621 770 2680 id
791 2624 854 2680 vitii
876 2627 940 2697 cst,
961 2637 1020 2680 non
1041 2621 1143 2680 divina
1167 2625 1320 2701 operatio,

239 2723 292 2783 sed
312 2722 393 2783 fraus
413 2727 527 2781 nomm
548 2727 577 2781 et
601 2723 789 2798 praestigium
816 2722 959 2797 arguitur.
986 2718 1123 2795 Superbia
1144 2723 1221 2780 enirn
1242 2719 1321 2782 Deus

240 2835 299 2880 non
320 2821 481 2897 opitulatur
501 2821 552 2880 sod
573 2821 693 2880 resistit.

298 2917 431 2994 &nique
453 2918 549 2994 quoad
571 2916 659 2976 daem
685 2923 715 2976 et
740 2916 857 2977 modom
883 2917 1021 2993 operandi
1046 2916 1247 2977 observatione
1273 2923 1321 2976 est

239 3015 362 3092 dignum
383 3016 414 3073 io
436 3015 537 3090 primis
557 3031 616 3090 qno
634 3015 745 3074 tactum
767 3021 899 3091 spectat,
916 3029 986 3074 nam
1004 3030 1109 3090 scopus
1126 3015 1204 3074 illins
1220 3017 1317 3091 oporte

239 3116 280 3174 sit
294 3113 348 3173 Dei
371 3114 485 3190 gloria,
507 3112 654 3188 adquam
675 3113 911 3189 amplificandam
929 3129 1031 3172 rerum
1056 3113 1230 3172 miraculum
1251 3116 1315 3172 teo·

239 3212 308 3272 dere
325 3212 424 3287 debet,
441 3216 494 3269 aut
510 3226 624 3269 morum
640 3213 781 3270 saocdtas
801 3211 1018 3271 disseminando
1036 3218 1088 3270 aut
1106 3215 1153 3286 pia
1172 3211 1315 3288 quaedam

238 3310 373 3370 doctrinm
394 3309 441 3369 rel
462 3307 559 3367 cultus
577 3311 639 3367 reri
659 3308 797 3368 Numinis
818 3309 1047 3386 propagandus,
1071 3315 1122 3367 sut
1142 3309 1315 3367 beneficium

238 3407 408 3468 hominibus
427 3407 655 3485 eonferendum,
678 3409 796 3468 aliudve
816 3409 953 3468 decorum
976 3413 1005 3466 et
1022 3407 1177 3466 bonesmm
1198 3421 1233 3466 ao
1255 3421 1318 3466 roa·

238 3507 333 3566 lorum
356 3509 514 3583 spirituum
535 3507 681 3568 voluntati
703 3510 894 3567 eontrarium.
920 3507 950 3566 Si
974 3509 1050 3566 enirn
1075 3507 1105 3564 id
1129 3505 1231 3582 deest,
1258 3507 1321 3564 evi-

239 3607 341 3666 denter
361 3609 530 3684 eonlicitnr,
553 3607 645 3666 Deum
673 3605 796 3666 effectus
818 3606 897 3665 illios
918 3622 976 3664 non
1000 3621 1063 3664 esse
1087 3611 1252 3680 auctorem,
1281 3603 1320 3663 ab

238 3707 303 3780 ipso
322 3705 465 3781 siquidem
484 3708 600 3765 nonnisi
620 3705 698 3764 bona
714 3704 878 3763 dimanant.
901 3703 1034 3781 Itemque
1053 3702 1091 3762 ad
1109 3701 1228 3762 modum
1241 3701 1321 3778 quod

238 3805 361 3881 eminet,
380 3803 533 3882 diligenter
553 3803 731 3874 considerari
751 3801 836 3862 debet
859 3807 956 3862 uirum
980 3801 1114 3860 miracoli
1136 3799 1321 3860 ellectionem

238 3917 290 3961 eoa
305 3905 478 3963 comitentur
498 3903 746 3977 circumstantiae,
766 3917 841 3977 qrree
859 3903 1047 3978 gravitatem,
1069 3899 1250 3976 religionem,
1267 3899 1322 3956 lro·

238 4007 392 4078 nmmum,
411 4001 543 4060 divinam
561 4000 686 4075 denique
700 3999 874 4074 sapientiam
892 4001 1014 4072 spirent.
1036 3997 1114 4056 Deus
1137 3997 1215 4054 eoim
1233 3995 1324 4054 modo
