2892 4425
117 382 123 387 .
210 338 269 390 Ἀθ
539 342 762 388 ΙΠΔΡΙΥΙῙΕΔ
785 342 962 386 tintinnis

208 458 458 517 tertianarum
479 452 635 528 genennae
657 459 724 528 apte
749 451 950 527 dintinguitur.
971 449 1047 510 iiam
1071 467 1138 510 eum
1161 451 1289 514 dieitur:

210 554 327 612 notione
345 566 400 610 saro
417 548 495 626 reoli
510 554 542 608 et
553 548 700 630 piyaioo,
720 550 914 610 aeoerniturn
932 547 1033 622 finali,
1052 561 1128 624 quae
1144 563 1203 608 uon
1219 549 1293 628 pity-

212 652 272 710 aioe
294 651 326 708 in
349 648 489 707 effoetum
509 654 668 723 operatur,
688 637 742 706 aod⁴
765 646 941 706 eitioientem
964 645 1093 706 bonitate
1114 661 1169 706 nna
1187 645 1291 726 allicit,

210 750 316 824 auique
340 749 448 806 amorio
473 745 599 822 appninu
623 745 661 805 nd
687 744 827 805 enectum
853 743 1034 806 moiiaadum
1058 743 1192 804 imitant.
1218 743 1292 804 Corn

210 946 414 1012 quampluribus,
433 961 498 1021 qnae
518 947 666 1000 iatriaaeonn
680 960 731 998 non
750 947 938 1000 ooaneotnntur.
958 947 999 998 sie
1017 947 1113 998 ratione
1130 947 1296 1004 aomudoaia

210 1028 428 1092 negotium,unde
443 1032 524 1082 oetera
542 1029 706 1090 inchoamus,
724 1028 869 1080 eorumdem
883 1028 1034 1094 principium
1052 1027 1160 1090 diuitum
1182 1041 1293 1090 aurora,

211 1107 277 1157 unde
290 1108 343 1159 dien
358 1109 495 1172 exorditur,
509 1110 563 1159 eiua
579 1109 728 1172 principium
742 1109 888 1172 appellatur.
905 1111 936 1158 rt
951 1107 1046 1159 veroni
1064 1109 1128 1159 inter
1143 1107 1293 1172 principium

212 1191 237 1237 et
256 1187 291 1249 id,
309 1188 378 1250 quod
396 1201 425 1238 er
441 1189 495 1253 ipao
508 1188 632 1252 prouidit,
649 1202 699 1238 non
714 1189 904 1251 qualiacumque
923 1201 1001 1238 neuun
1018 1193 1135 1240 arternua
1149 1188 1226 1246 adsit,
1248 1187 1293 1238 nod

212 1268 308 1318 interna
328 1269 449 1318 connexio
472 1271 497 1318 et
518 1281 592 1318 rerna
613 1268 717 1318 aetionis
741 1266 870 1330 indunua;
894 1271 955 1317 tuno
978 1268 1052 1318 huiua
1076 1267 1145 1318 rocio
1167 1267 1295 1331 usurpatio

211 1348 318 1410 preraior
336 1350 385 1398 erit
405 1350 532 1411 magisque
547 1347 656 1411 propria.
945 1345 948 1352 '

198 1491 203 1499 ¹
270 1426 318 1477 Sed
335 1427 485 1491 principium
502 1427 639 1490 manandi,
656 1428 723 1489 quod
741 1427 834 1478 ideireo
848 1427 886 1478 aio
903 1427 1046 1480 noninrtm
1062 1426 1121 1490 quir
1139 1429 1241 1480 amone
1258 1428 1295 1479 ia·

211 1507 277 1569 doit,
297 1508 393 1556 nntium
408 1509 447 1557 ent
465 1509 491 1556 in
508 1507 583 1558 renna
597 1506 696 1570 oratio,
716 1508 784 1571 quod
801 1509 850 1560 hoo
871 1509 926 1572 ipen
945 1509 1066 1568 rationem
1082 1520 1171 1560 murae
1189 1519 1238 1558 non
1256 1509 1296 1558 iu·

214 1586 284 1637 dont.
304 1589 333 1636 in
353 1589 442 1636 urentia
462 1587 529 1636 enim
548 1587 645 1637 unitum
665 1591 704 1637 ent
718 1601 806 1652 agenn,
822 1588 891 1651 qnod
908 1589 986 1650 poenit
1006 1588 1103 1638 actione
1121 1599 1167 1638 aua
1182 1588 1297 1642 eamdem

213 1678 317 1716 numero
330 1669 458 1730 naturam,
480 1679 545 1729 quae
563 1664 658 1730 iniquo
678 1670 729 1730 ert,
749 1667 934 1716 communicare
954 1679 1011 1716 oum
1027 1681 1076 1728 eo,
1101 1665 1169 1731 quod
1189 1681 1219 1717 en
1241 1667 1307 1732 ipno'

214 1746 336 1811 prooedit.
358 1748 412 1796 iioo
433 1746 499 1796 enim
522 1745 642 1796 intinitam
663 1747 805 1810 exquireret
826 1747 1020 1810 nummum,
1043 1749 1069 1798 et
1089 1748 1198 1797 humano
1220 1751 1297 1812 oapiu

213 1825 487 1891 inoqurprairenniiriiem
505 1826 706 1879 watinum.
726 1827 849 1885 Quadrata
870 1827 959 1878 oreada
980 1827 1005 1876 iu
1027 1826 1100 1877 manu
1124 1827 1246 1891 quidquid
1264 1841 1297 1878 ex

214 1908 300 1972 atiquo
315 1908 438 1972 principio
455 1907 545 1969 oritur,
562 1905 629 1960 idem
645 1907 763 1958 etieotum
781 1919 834 1958 eene
853 1909 959 1972 oportet.
976 1909 1078 1970 Semper
1096 1909 1163 1960 enirn
1181 1911 1297 1962 natum

214 2001 245 2038 aa
266 1986 402 2038 realitatem
424 1988 513 2051 rnoipit
531 2001 547 2036 a
566 1987 679 2038 realitate
700 1989 740 2037 nui
762 1987 879 2052 principii
900 1999 1004 2036 numero
1025 1986 1113 2038 saitem
1135 1987 1296 2054 diaiinotarn,

212 2081 243 2118 ao
261 2068 365 2132 proinde
385 2067 564 2132 dependentem
585 2067 741 2118 existentiam
764 2069 900 2117 mutuatur.
924 2065 1108 2116 Tantummodo
1129 2068 1156 2116 in
1178 2069 1297 2132 augaunia-

215 2149 280 2198 ainno
295 2149 424 2200 Trinitatin
440 2148 566 2211 tirnerto,
585 2147 690 2198 doeente
708 2135 936 2211 Fide,'exernpium
954 2145 1073 2197 hammus
1088 2147 1201 2211 principii
1219 2148 1298 2198 ouius·

215 2228 283 2292 dam,
300 2229 368 2293 qnod
385 2232 487 2281 aetuoae
501 2230 527 2279 in
540 2230 615 2279 attam
634 2242 764 2292 perronam
783 2228 865 2278 iniiuit
881 2226 1045 2290 impertiendo
1064 2228 1188 2291 naturam,
1205 2232 1297 2279 neate·

215 2322 272 2361 rnen
288 2312 325 2359 ent
343 2310 398 2362 etna
417 2324 507 2375 mona,
525 2312 655 2374 propterea
672 2308 741 2373 quod
756 2306 837 2359 eidem
856 2320 906 2359 non
925 2309 1039 2359 naturam
1059 2321 1074 2358 a
1092 2322 1120 2361 no
1136 2307 1297 2373 dutiaotam,

213 2388 257 2439 aed
274 2402 345 2441 onam
365 2391 490 2455 propriam
509 2391 660 2455 impartitur.

274 2470 368 2522 Deinde
387 2472 570 2522 ohnervandum
589 2473 627 2521 eat
644 2471 676 2521 ad
697 2469 848 2534 principium
867 2469 989 2533 pertinere
1010 2472 1039 2519 ut
1056 2472 1167 2535 reapooto
1184 2469 1247 2533 eiua,
1257 2483 1299 2521 ou·

214 2551 255 2602 ina
274 2553 313 2602 eat
327 2552 486 2615 principium,
501 2551 674 2615 aliquomodo
692 2551 727 2601 nit
742 2552 824 2614 priuo3
843 2562 913 2599 aecus
930 2562 1087 2613 nequaquam
1105 2548 1131 2598 id
1146 2552 1220 2611 esset,
1231 2548 1299 2601 undo

217 2631 265 2681 troo
281 2632 433 2695 meret.
453 2634 488 2682 iit
502 2635 586 2682 autem
605 2631 757 2693 intelligatur
776 2642 885 2694 quonam
906 2631 979 2693 proto
998 2628 1146 2691 principium
1164 2630 1234 2692 priua
1245 2642 1301 2679 eone

214 2714 335 2775 oporteat,
354 2712 504 2763 oonniderari
522 2712 595 2765 debet
612 2712 735 2776 tripiioem
753 2724 825 2774 ponne
841 2708 974 2773 praeeundi
995 2708 1124 2773 rationem,
1141 2722 1217 2773 quam
1229 2712 1298 2775 prio

108 2836 112 2843 .
213 2794 322 2842 nmen
337 2792 472 2857 appeliant,
490 2792 601 2856 ooqitari.
618 2794 675 2844 Una
689 2792 783 2843 dieitur
803 2793 936 2855 temporis,
958 2804 1009 2855 qua
1025 2790 1153 2853 quidpiam
1167 2789 1238 2841 alteri
1255 2788 1300 2839 du·

217 2871 312 2921 ratione
325 2872 450 2922 antecedit
464 2872 568 2937 ipsoque
583 2874 694 2924 nondum
711 2874 823 2923 exeunte
837 2874 931 2933 erntnt3
950 2872 987 2921 aio
1005 2871 1058 2923 dien
1077 2872 1143 2934 prior
1162 2872 1199 2921 ent
1215 2873 1298 2921 noote.

218 2952 301 3001 nitere
317 2951 410 3002 dicitur
427 2955 552 3013 noturoe,
570 2966 614 3017 per
629 2967 705 3017 quem
726 2952 820 3015 aliquid
842 2951 888 3001 etei
910 2952 984 3005 timui
1004 2956 1084 3003 enatet
1099 2964 1156 3002 oum
1175 2952 1241 3013 aiiog
1262 2955 1297 3001 ta·

219 3046 274 3081 rnen
294 3036 331 3083 eat
347 3033 484 3097 eiusmodi,
500 3036 528 3083 ut
542 3034 589 3085 iroo
604 3034 636 3084 ab
654 3036 721 3097 ipno,
742 3033 824 3097 quoad
837 3034 1009 3095 existentiam,
1029 3033 1142 3095 pendeat.
1158 3031 1198 3082 sio
1216 3031 1252 3082 noi
1272 3046 1301 3082 ee

219 3113 294 3163 habet
309 3113 393 3177 quoad
416 3114 512 3177 iooen,
532 3127 597 3177 qnae
614 3114 689 3166 nimui
709 3114 812 3178 quidem
833 3115 915 3177 viget,
937 3116 1046 3165 attamen
1061 3113 1092 3163 ab
1111 3126 1141 3163 eo
1160 3110 1301 3176 dependena

216 3196 263 3243 eet.
282 3194 365 3245 Tertia
378 3194 472 3245 dieitur
491 3197 610 3257 oriqiatn
629 3207 675 3257 per
691 3208 767 3257 qaam
782 3193 910 3258 quidpiam
927 3194 962 3244 ita
980 3194 1025 3257 nit,
1044 3195 1074 3243 ut
1090 3190 1185 3255 aliquid
1197 3191 1228 3241 ab
1245 3190 1300 3256 ipno

219 3274 345 3325 exoriatur
355 3275 439 3345 piioet
454 3275 502 3325 noe
517 3288 598 3338 neque
610 3277 723 3339 tompore
736 3275 770 3325 nit
783 3276 920 3339 murino,
939 3286 1019 3337 noque
1033 3275 1147 3324 umorem
1159 3270 1298 3335 dependen-

219 3356 270 3404 tem
286 3355 399 3418 aooipiat.
483 3356 489 3365 ’
584 3401 591 3414 ,
945 3392 951 3397 -

278 3434 320 3485 sio
335 3449 352 3485 a
369 3435 430 3487 Fide
448 3436 566 3488 doournur
578 3437 605 3488 in
618 3438 670 3488 tino
689 3449 717 3489 ae
734 3436 932 3487 haberai’atrem
956 3438 1066 3499 reapeatu
1081 3434 1148 3498 iiiiii,
1162 3436 1187 3484 et
1205 3437 1300 3484 utrum·

120 3512 124 3519 '
219 3530 269 3579 qne
288 3518 399 3579 reapootu
411 3516 517 3580 spiritua
528 3519 621 3569 sanati.
641 3520 692 3569 iam
708 3530 768 3569 nero
784 3517 814 3567 ad
832 3518 953 3569 rationem
969 3514 1083 3581 principii
1100 3515 1161 3565 nnec
1177 3517 1301 3579 punirem

220 3596 336 3659 prioritan
349 3597 449 3662 editicii,
467 3600 513 3651 etai
534 3600 599 3651 duae
614 3602 710 3661 oeterae
731 3598 870 3664 superiores
888 3599 977 3650 dreini.

146 3718 156 3741 .
278 3679 391 3743 Denique
411 3680 475 3732 iuter
494 3682 644 3746 prinotpinm
659 3684 685 3732 rt
702 3680 739 3743 id,
758 3682 831 3731 onina
847 3681 885 3730 eat
901 3678 1061 3744 prinoipinrn,
1081 3676 1208 3729 diatinotio
1230 3674 1303 3727 realia

221 3757 373 3812 inuadere
385 3758 469 3823 debet,
483 3760 607 3825 siqnidem
622 3761 684 3812 iraee
702 3761 767 3811 inter
786 3774 813 3811 ne
829 3763 940 3811 mutuam
960 3758 1103 3811 relationem
1122 3758 1213 3809 habent
1227 3758 1302 3819 atque

127 3830 135 3835 ⁵
223 3839 417 3903 ⁰i¹ti⁰⁸¹tionom3
434 3841 496 3891 ninii
516 3844 598 3892 autam
616 3842 716 3892 sibimet
736 3842 828 3905 opponi
849 3853 894 3891 nan
912 3841 945 3891 ad
962 3841 1070 3902 enipeum
1088 3837 1173 3889 reterri
1194 3838 1285 3900 potant

280 3920 325 3971 iiia
344 3922 491 3986 explanatio,
506 3914 651 3984 intelligitur
666 3920 816 3983 differentia,
834 3934 899 3985 quaa
915 3922 979 3971 inter
998 3932 1099 3971 monam
1112 3922 1137 3969 et
1153 3916 1303 3982 principium

225 4002 323 4063 proprie
340 4001 435 4053 diotum
455 4003 529 4065 viget.
549 4003 612 4053 iiam
631 4000 792 4065 prinotpium,
809 4014 867 4053 oum
883 4001 1007 4051 internmn
1020 4001 1076 4062 eat,
1098 4002 1212 4049 naturam
1236 3996 1301 4059 prin·
