2892 4425
410 378 488 424 etue
511 378 631 425 ΔΠΙΙΑ
650 394 662 410 ·
682 379 901 426 HYCEOLOGU
1131 373 1191 424 207

114 491 195 550 tioue
210 486 300 548 huiur
318 490 434 563 generis
459 487 659 563 notesceret,
688 488 824 548 ruenteiis
849 487 902 549 iiie
928 487 1056 564 cognitio
1078 491 1194 564 penitus

114 586 322 646 destrueretur.
343 583 433 645 Nutte
451 587 542 661 igitur
559 587 590 643 in
613 587 712 644 enimc
735 585 833 661 qnoed
852 585 1042 662 cogitetiouee
1060 601 1129 644 enee
1147 587 1191 646 in·

113 681 293 742 teiteetneiee
318 681 496 742 exercendos
517 685 676 742 necessites
700 683 860 743 iunctionis
884 698 952 742 eum
978 697 1098 760 corpore
1119 683 1193 761 iiugi

114 785 221 856 poee.
811 781 814 788 ’

172 876 271 952 Atque
290 877 348 936 hoc
371 878 556 952 perspicuum
576 879 670 954 magis
687 879 766 952 erit,
791 880 816 937 si
836 878 874 937 de
897 881 1062 956 cognitione
1084 879 1192 938 reflexo

114 989 209 1034 nermo
228 976 289 1049 eit,
312 989 371 1050 que
394 975 510 1033 enimus
531 975 563 1032 in
583 977 709 1048 seipsum
733 975 889 1051 cogitando
914 978 1078 1036 revertitur.
1104 975 1190 1035 Obie·

114 1077 194 1130 otum
218 1073 297 1130 enim
320 1070 359 1130 ed
376 1087 442 1130 cem
459 1071 657 1130 determinans
679 1088 738 1131 non
761 1071 833 1131 ioris
852 1074 978 1147 positum
992 1079 1047 1148 est,
1066 1087 1120 1130 nec
1139 1089 1190 1132 ex·

113 1170 259 1228 trinsecus
280 1171 422 1245 edreuit3
445 1169 497 1228 sed
516 1171 597 1228 intus
620 1173 653 1228 iu
674 1172 737 1246 ipeo
762 1172 860 1228 enimn
883 1172 1004 1245 existit,
1028 1177 1059 1229 et
1083 1185 1190 1246 coguo-

113 1268 206 1326 eocuti
226 1268 268 1325 ite
292 1267 423 1342 tangitur
442 1273 477 1325 ut
496 1265 570 1324 nihii
587 1268 628 1325 sit
648 1269 675 1324 ei
697 1268 840 1326 intimius.
866 1267 1009 1339 Quocirca
1028 1266 1109 1326 nuiie
1126 1283 1191 1342 pro·

113 1362 219 1423 1111111111
236 1365 312 1422 retio
326 1371 371 1422 eet
387 1378 453 1439 eur,
474 1361 631 1438 ebeumpto
654 1378 788 1440 corpore,
810 1363 1025 1439 praepedietur.

174 1460 256 1519 Idem
275 1459 324 1519 dic
345 1460 383 1519 dc
402 1460 495 1536 ideis,
520 1476 595 1537 ques
615 1462 732 1522 animm
754 1463 868 1537 corpori
892 1461 1045 1537 copuletur
1068 1461 1190 1537 adeptor

112 1565 168 1618 ert.
190 1558 276 1617 Meus
296 1561 376 1618 enirn
397 1574 466 1618 cum
485 1574 535 1618 ees
560 1559 639 1634 epud
665 1575 697 1618 se
720 1562 857 1634 retiueet,
884 1561 1034 1620 meterieru
1060 1559 1191 1635 proiecto

108 1655 253 1733 ‚penidee
271 1673 360 1733 quoru
381 1657 498 1717 eesidne
515 1656 728 1733 contempletur
748 1662 778 1716 et
796 1673 831 1716 ex
850 1672 909 1733 que
927 1671 1019 1716 noves
1041 1657 1191 1734 cogitetio·

111 1769 168 1814 nee
183 1753 291 1814 eiiciet.
311 1754 397 1814 Petet
419 1756 511 1830 igitur
534 1757 667 1814 animum
689 1757 820 1814 tuentem
843 1753 992 1832 cogitandi
1014 1755 1096 1829 vim,
1122 1768 1190 1813 eum

112 1855 265 1926 seperetn
278 1866 296 1909 e
309 1867 442 1928 corpore,
455 1851 556 1927 proeoi
570 1851 660 1913 dubio
675 1859 856 1911 retenturum
873 1841 946 1926 esee,
964 1867 1056 1928 oeque
1069 1849 1189 1926 epoiieri

112 1963 172 2006 nou
191 1963 285 2023 posse.
303 1948 398 2008 immo
415 1950 515 2024 etiem,
533 1951 559 2009 si
577 1964 646 2008 vere
664 1948 799 2010 volemus
819 1949 959 2023 indicere,
978 1965 1055 2024 cem,
1075 1947 1131 2008 hee
1144 1964 1190 2009 ee·

111 2047 261 2105 iunctione
283 2049 422 2122 pcreete,
446 2047 533 2124 ionge
555 2049 706 2123 potentiue
730 2051 761 2106 et
782 2045 947 2121 expeditius
969 2045 1126 2104 exercebit.
1147 2044 1191 2108 ut

111 2145 191 2202 enirn
211 2144 326 2203 interne
343 2145 449 2221 cuique
465 2147 644 2221 experientia
664 2143 854 2220 mentientur,
874 2144 963 2203 etiem
989 2145 1019 2201 in
1045 2143 1191 2218 preeeeuii

111 2246 193 2301 stetu
211 2257 248 2301 eo
266 2240 432 2301 distinctius
453 2249 484 2301 et
503 2242 624 2302 nitidius
646 2241 848 2319 iniungimus,
866 2256 925 2316 qno
944 2243 1038 2317 megis
1061 2244 1189 2303 mentem

112 2352 132 2396 n
152 2352 272 2413 corpore
293 2353 463 2399 erooemos.
485 2338 637 2399 Preeciere
652 2339 766 2400 Tettius
785 2340 848 2399 ioco
869 2354 961 2413 uuper
977 2340 1085 2397 eiteto:
1108 2336 1191 2397 «itt-

115 2458 129 2484 ·
153 2448 211 2509 que
230 2450 265 2493 ee
283 2434 414 2511 proiecto
436 2443 500 2495 turn
520 2436 613 2497 mutto
635 2423 754 2513 puriore
775 2444 805 2496 et
823 2435 995 2501 diiueidiore
1018 2440 1189 2512 cernuntur,

116 2554 129 2583 ι
153 2546 243 2608 enm,
265 2548 325 2609 qno
348 2539 454 2594 neture
475 2534 551 2609 tert,
578 2533 651 2594 iiber
672 2536 787 2595 enimus
811 2536 987 2610 pervenerit.
1011 2533 1086 2593 Nem
1111 2546 1191 2593 nunc

115 2651 129 2680 ι
152 2629 270 2704 quidem
291 2644 469 2706 qumquem
492 2630 639 2691 ioremine
660 2632 712 2691 iiie
734 2646 809 2707 quoe
834 2638 933 2707 petent
958 2631 996 2691 ed
1016 2631 1147 2689 enimnru
1170 2644 1190 2689 e

114 2749 128 2775 ι
152 2740 273 2802 corpore
292 2727 481 2789 cetitdiesimo
498 2728 623 2789 artifieio
649 2736 757 2789 neture
782 2728 998 2804 febriente-eet,
1019 2724 1117 2787 temen
1134 2732 1190 2786 ter·

115 2848 128 2875 ·
151 2826 231 2888 renio
260 2826 461 2901 concretisque
486 2826 656 2902 corporibus
680 2832 750 2886 eunt
778 2828 937 2901 intercepte
960 2822 1187 2903 quodemmodo.

114 2947 128 2973 ·
151 2922 226 2981 Cum
245 2922 438 3006 eutem-nihii
458 2925 514 2983 erit
531 2930 646 3000 praeter
663 2925 809 3000 nmmum,
831 2922 914 2983 nuile
937 2938 983 2983 ree
1004 2921 1117 2983 obieete
1135 2921 1191 2980 irn-

116 3041 131 3069 ι
154 3017 250 3093 pediet
268 3020 428 3095 quominus
446 3023 589 3097 percipiet
606 3021 694 3098 queie
712 3020 842 3098 quidque
863 3022 913 3081 eit.
931 3044 944 3073 n

527 3232 718 3291 Pnoeosrrro
737 3232 789 3288 iii.

286 3422 409 3477 Animus
424 3423 583 3493 reparator
600 3436 621 3475 o
638 3435 760 3493 corpore
778 3418 904 3493 spoliari
920 3421 1021 3491 nequit

570 3519 738 3575 1111111111.
761 3540 767 3561 o

173 3714 243 3766 ior.
265 3706 397 3787 Deuiqoe
411 3711 542 3771 acimum
557 3712 721 3769 seiunctum
736 3724 754 3767 e
768 3722 889 3783 corpore
904 3720 1056 3783 uunquam
1070 3705 1194 3765 existen

107 3806 151 3864 tie
172 3803 346 3867 destitutum
369 3809 406 3867 111
425 3807 575 3868 evidenter
598 3808 794 3867 convincitur.
818 3806 902 3865 Tune
929 3807 1006 3863 euim
1027 3817 1086 3862 nou
1109 3802 1194 3861 etiter-

107 3903 297 3962 exietentiem
316 3906 449 3965 emittere
467 3910 576 3980 ponet,
596 3905 652 3963 uisi
672 3909 817 3980 quotenne
838 3904 868 3961 iu
886 3900 1012 3960 nihilum
1030 3914 1048 3958 e
1069 3897 1132 3957 Deo
1152 3912 1194 3955 re

106 3997 268 4075 digeretur.
292 4000 333 4062 11
350 4018 421 4061 vero
444 4000 538 4061 Deum
562 4001 593 4060 id
618 4018 769 4077 nnoqnem
791 4016 853 4061 esee
879 4000 1027 4059 tectorum
1048 3998 1195 4071 comperte
