2892 4425
230 348 286 398 186
560 355 780 400 ΙΙΤΑΗΜΙΕΔ
801 357 977 400 etunius

288 463 368 522 llaec
386 462 515 524 ‹ieliroos
534 466 634 539 opinio
651 439 722 524 ioue
741 471 807 524 ortu
823 465 951 542 ridetur,
970 467 1048 542 quod
1070 467 1179 526 mollo
1193 483 1307 545 perspe-

228 568 308 620 ctum
332 577 391 618 non
410 559 498 620 inerit
517 577 620 620 vcmm
645 561 801 621 discrimen
819 565 894 620 inter
918 579 1036 624 sensum
1058 570 1087 622 et
1105 563 1305 640 intellectum,

228 659 312 719 euius
331 663 376 716 est
398 657 489 717 soiius
510 660 650 717 essentias
672 663 815 735 attingere
829 663 851 718 ¹.
867 661 932 733 Qun
953 660 1102 721 udstmetn
1126 662 1306 738 ignorantia,

228 753 395 814 mirandum
418 754 504 830 pium
528 770 586 814 nou
613 763 674 831 cst,
700 758 725 814 si
752 755 888 834 deinceps
911 757 1033 817 dublum
1053 758 1091 817 ue
1116 757 1308 833 possibilitate

229 853 368 913 meterius
382 854 538 929 cogitantis
557 853 677 912 inducet
692 871 728 912 ex
750 870 796 930 eo,
813 855 890 931 quod
913 857 1051 914 materiae
1070 858 1225 914 munuum
1246 871 1307 914 ncn

227 965 448 1024 cognoscamus.
469 950 578 1010 Verum
596 967 679 1009 error
701 951 844 1010 eiusmodi
868 951 935 1028 (qno
956 951 1136 1029 pestilentior
1161 951 1259 1010 nullus
1274 953 1305 1010 ln

227 1049 363 1108 scientias
377 1053 472 1124 potest
491 1048 600 1123 invehi)
619 1049 784 1123 eripiendus
802 1052 924 1108 omuino
944 1055 1001 1122 est,
1023 1055 1123 1124 utpote
1140 1051 1190 1122 qni
1217 1053 1246 1106 et
1258 1063 1307 1106 ex·

228 1147 400 1219 perlentium
418 1152 447 1203 et
466 1148 571 1205 rationi
593 1151 624 1204 et
651 1147 687 1204 iis
708 1148 819 1222 etism,
840 1161 915 1222 quse
939 1146 1065 1205 Loelsius
1084 1144 1239 1221 coneedit,
1261 1160 1306 1202 re-

112 1278 125 1294 .
229 1248 342 1316 pugnat
357 1244 494 1302 maxime.

289 1337 325 1395 Et
346 1353 416 1400 sane
433 1339 611 1413 experientis
625 1345 741 1398 consini
755 1354 809 1396 uos
827 1355 913 1413 suepe
926 1339 973 1396 vel
991 1339 1183 1415 intelligentia
1197 1338 1243 1398 rel
1261 1355 1308 1398 rc-

227 1435 384 1510 stignticue
398 1436 442 1494 rei
461 1437 615 1494 ratiocinio
632 1439 662 1493 in
681 1435 795 1511 aliquos
814 1435 950 1495 devenire
970 1443 1139 1510 conceptus,
1160 1439 1211 1512 qui
1231 1436 1306 1513 phy·

228 1533 290 1590 sies
310 1531 629 1590 reruninounuiinmm
650 1535 858 1592 constituentia
878 1535 950 1592 satis
963 1533 1042 1592 clare
1062 1539 1091 1592 et
1108 1533 1245 1592 distincte
1266 1549 1308 1591 re·

228 1670 340 1721 finitione
355 1671 474 1734 mouens,
497 1671 631 1734 generatim
651 1671 739 1723 asserii
756 1685 811 1722 enm
830 1667 892 1723 nihii
910 1685 963 1722 csse
977 1671 1059 1735 uliud,
1079 1673 1125 1722 nisi
1143 1674 1216 1724 unlus
1235 1686 1307 1724 rccu-

229 1749 282 1800 tull
297 1763 344 1813 ope
359 1751 469 1813 plurium
486 1751 593 1801 aliorum
605 1752 795 1814 explicationem
814 1751 846 1815 (§.
862 1753 909 1816 to).
928 1773 940 1796 u
955 1755 1004 1803 car
1021 1752 1046 1802 ln
1060 1751 1187 1802 deliniticn
1204 1753 1306 1816 u'ttnnt,

230 1849 243 1874 ι
256 1843 354 1883 mmmc
373 1830 390 1880 il
412 1830 554 1894 stituit,
572 1844 621 1895 que
637 1832 806 1894 l'espiication
823 1819 883 1882 d'nn
899 1835 952 1882 mot
972 1846 1017 1896 per
1037 1833 1159 1896 plusieurs
1179 1835 1271 1883 antra.
1293 1851 1307 1876 ι

227 1910 322 1961 vende
339 1911 427 1962 statuit
446 1911 514 1962 idces
536 1902 661 1975 generales
679 1926 729 1962 ncu
746 1926 799 1963 esse
817 1913 865 1962 nisi
882 1913 1008 1977 simplices
1026 1913 1202 1976 productiones
1219 1913 1309 1964 ruenn's

227 1993 327 2042 mnae
342 1991 375 2055 (§.
390 1992 437 2054 il).
457 1995 549 2042 «nors
569 1992 634 2042 donc
651 2006 701 2055 quc
718 2006 782 2042 nous
796 1992 930 2042 laissonsi
950 1995 1005 2056 peri
1024 1993 1058 2042 les
1080 1991 1253 2056 porticuliers5
1272 1992 1309 2042 les

230 2091 243 2116 α
256 2072 388 2136 generans,
409 2072 454 2136 qui
470 2074 571 2135 restent,
588 2086 620 2122 ne
636 2076 693 2122 sunt
709 2086 759 2136 que
778 2071 822 2122 des
837 2073 938 2135 simplus
956 2070 1116 2135 productione
1133 2070 1165 2120 de
1183 2073 1254 2120 notre
1274 2083 1308 2122 es·

229 2173 242 2198 ι
255 2153 317 2217 prii,
334 2153 396 2204 dont
413 2154 438 2203 le
454 2154 541 2203 nature
561 2153 675 2217 generale
689 2154 758 2203 n'est
777 2154 848 2203 entre
863 2153 938 2202 chose
956 2165 1005 2216 que
1021 2151 1045 2201 lu
1063 2149 1173 2215 capacite
1190 2163 1240 2214 que
1252 2149 1308 2200 l'en

230 2256 242 2279 α
254 2234 397 2287 tendeuacnt
416 2236 472 2285 lorrr
487 2235 673 2297 communique,
686 2233 720 2283 (lo
733 2233 842 2297 signiiier
856 2246 888 2311 op
904 2232 936 2283 (ic
955 2232 1106 2297 representet
1120 2230 1244 2294 plusieurs
1255 2242 1309 2293 pnr-

228 2338 241 2361 ι
254 2316 371 2370 tienters.
387 2338 399 2361 ι
416 2320 479 2369 Tum
496 2310 639 2379 progressus
650 2315 756 2366 ulterius
772 2316 807 2363 sit
822 2315 941 2363 essentias
956 2314 990 2363 nil
1005 2326 1059 2363 esse
1072 2311 1140 2362 aliud
1154 2323 1229 2373 quum
1243 2310 1309 2373 ipsus

227 2398 295 2449 iiless
314 2398 449 2449 abeuuctcs
467 2397 499 2461 (§.
514 2397 561 2459 12).
577 2416 590 2440 u
602 2396 665 2445 licit
680 2395 698 2445 li
713 2395 794 2457 percit
808 2394 952 2444 oiuirement
966 2406 1015 2455 que
1028 2393 1064 2443 ies
1077 2404 1189 2443 esserum
1206 2390 1238 2441 de
1251 2388 1307 2441 cns.

140 2460 145 2469 ⁴
229 2499 241 2522 s
254 2492 304 2542 que
318 2478 404 2542 eopece
421 2478 453 2528 ile
471 2478 545 2527 chose
559 2488 590 2526 ue
608 2478 665 2525 scut
685 2470 734 2538 que
754 2488 794 2525 ces
813 2472 880 2523 ideee
897 2472 1034 2523 ubstrsites.
1053 2490 1066 2514 ι»
1084 2476 1178 2529 Quarto
1196 2473 1309 2537 adiungit

228 2556 291 2608 (luas
308 2558 401 2620 species
418 2570 489 2621 posse
502 2570 555 2607 esse
568 2555 654 2606 eadem
671 2555 765 2604 ratione
780 2566 854 2609 unum
869 2556 964 2602 tantum
982 2552 1097 2615 speciem,
1115 2554 1180 2602 siout
1192 2552 1256 2603 dune
1271 2552 1307 2603 ‹ii-

227 2648 314 2689 rersse
328 2637 449 2687 mnus
464 2622 567 2699 possum
583 2647 636 2685 csse
650 2634 755 2684 essentia
774 2634 848 2683 ouius
863 2630 954 2694 speciei
972 2630 1006 2694 (§.
1024 2630 1070 2693 15).
1093 2646 1106 2674 a
1127 2632 1177 2681 cer
1195 2630 1261 2681 slent
1276 2644 1310 2682 co

228 2735 242 2761 ι
254 2717 328 2781 pices
340 2720 449 2781 peurcnt
462 2719 516 2767 ttrc
533 2728 594 2775 trec
610 2716 697 2765 minut
710 2713 743 2764 (le
759 2713 902 2763 imponent
918 2724 966 2761 une
981 2711 1049 2763 seule
1063 2712 1159 2774 apice,
1173 2726 1223 2775 que
1242 2712 1308 2763 dens

230 2816 242 2839 κ
254 2796 398 2847 ‹lillereutes
418 2808 529 2847 essffloes
548 2798 656 2859 peureot
679 2797 732 2845 tire
748 2795 863 2845 l'cssenoe
883 2792 957 2843 d’uue
979 2782 1057 2843 seulc'
1069 2792 1163 2855 espice.
1186 2812 1198 2837 ι
1216 2794 1309 2850 Quinto

228 2877 358 2926 essentim
379 2875 484 2938 purtltur
503 2874 529 2923 ln
550 2874 654 2935 realem,
669 2886 745 2937 quem
764 2871 914 2923 contundere
930 2872 1031 2921 omnino
1051 2870 1151 2921 ridetur
1169 2886 1226 2923 curn
1243 2872 1308 2923 entis

143 3016 146 3020 ¹
201 2940 207 2949 ⁹
228 2955 358 3006 existentis
377 2954 409 3018 (§.
424 2954 473 3017 15),
491 2974 504 2998 o
516 2954 711 3017 premieremeut
729 2954 844 3004 l’esseuce
863 2953 922 3016 peut
940 2966 966 3001 se
981 2952 1086 3015 prendre
1103 2966 1166 3015 pour
1182 2952 1206 3001 la
1220 2965 1309 3016 propre

230 3035 380 3085 «erumpes
397 3034 539 3096 docteque
554 3034 645 3095 circsc3
664 3051 677 3077 υ
694 3036 720 3083 et
739 3033 898 3095 constantem,
914 3044 989 3095 quum
1009 3036 1037 3082 nt
1050 3044 1144 3083 merum
1164 3032 1308 3095 figmentum

228 3114 432 3165 scholasticorum
447 3114 557 3164 mucii
569 3112 662 3177 (ictu),
681 3133 694 3157 u
709 3126 741 3163 en
759 3114 850 3164 second
867 3115 927 3174 lieu,
947 3114 972 3163 lc
988 3112 1101 3163 donnino
1119 3112 1162 3163 der
1177 3111 1258 3162 cocles
1266 3112 1329 3162 s'e·
1352 3179 1356 3185 Ι

230 3214 243 3237 ι
254 3195 309 3245 tant
321 3194 371 3244 iort
380 3196 468 3245 exerce
481 3208 525 3245 sur
539 3195 564 3245 ie
577 3207 657 3257 genre
671 3196 698 3244 st
714 3194 818 3258 l'espiee
833 3195 877 3258 qui
891 3209 906 3258 y
919 3196 964 3245 ont
980 3195 1019 3245 ete
1038 3193 1060 3244 ie
1074 3193 1138 3255 sujei
1154 3192 1185 3243 (ie
1196 3193 1252 3243 hieu
1264 3192 1308 3245 des

230 3294 243 3318 ι
256 3277 330 3337 mois,
348 3276 371 3324 le
389 3276 443 3324 mot
454 3274 583 3325 d’essersce
603 3288 619 3324 c
638 3275 743 3339 presque
760 3276 837 3339 perdo
856 3290 884 3327 se
901 3275 1020 3339 premiere
1038 3273 1210 3339 signification,
1231 3276 1256 3324 et
1274 3286 1306 3324 nu

230 3374 243 3398 u
256 3354 303 3405 ileu
322 3354 353 3404 dc
371 3354 483 3418 designer
501 3355 526 3405 iu
542 3355 703 3406 constitution
720 3356 794 3407 reelle
813 3356 856 3420 des
872 3357 968 3419 choses,
985 3356 1003 3405 il
1024 3355 1159 3419 sprisquc
1177 3353 1216 3405 eie
1236 3355 1309 3405 satie

230 3453 243 3475 κ
256 3437 351 3485 rement
370 3434 487 3497 applicui
506 3435 522 3485 i
541 3437 567 3485 is
586 3436 747 3487 comtiiution
765 3436 900 3487 srtiilciclle
918 3436 951 3485 do
969 3448 1048 3499 genre
1067 3436 1093 3484 et
1109 3435 1140 3485 de
1160 3433 1272 3497 l’cspice.
1295 3454 1307 3477 u

229 3514 357 3565 Postremo
373 3514 500 3567 conciudlt
513 3516 631 3567 essentias
646 3518 724 3567 reales
741 3516 812 3567 nobis
827 3530 879 3567 esec
893 3517 990 3578 ignotas
1002 3515 1034 3579 (§.
1049 3516 1096 3578 is).
1111 3516 1167 3565 ulit
1179 3517 1243 3565 cettc
1253 3526 1308 3564 ccr-

204 3650 210 3660 ,
230 3612 243 3635 α
254 3595 368 3646 musico
386 3609 451 3646 ocus
466 3600 505 3648 cst
521 3598 653 3660 inmuose,
673 3596 706 3647 ‹ie
722 3600 790 3648 sorte
810 3610 860 3661 que
878 3598 933 3647 n’eu
954 3599 1029 3659 syant
1047 3596 1118 3661 point
1134 3594 1225 3658 uisse,
1245 3606 1309 3645 unns

233 3692 246 3717 α
258 3674 361 3725 n’nrons
377 3677 447 3739 pciut
465 3676 498 3728 de
517 3692 575 3728 nom
593 3679 637 3742 qui
655 3691 686 3728 en
705 3678 755 3727 soit
775 3677 797 3728 ie
812 3676 914 3739 signe.»

285 3758 506 3820 Portentumsanc
517 3759 654 3821 doctrinae,
670 3758 740 3822 quod
754 3758 808 3807 inre
826 3758 920 3821 peperit
937 3758 1030 3807 Locilc
1047 3770 1089 3808 eos
1109 3754 1204 3818 leudes,
1216 3753 1309 3818 quibus

231 3834 264 3885 sil
281 3838 378 3887 coelum
398 3852 477 3902 usquc
493 3838 579 3904 eispsn
593 3839 694 3890 sacculo
710 3841 811 3888 erectus
827 3840 876 3888 esti

291 3918 398 3971 silensi
413 3924 527 3983 possm
541 3918 615 3970 cccli
629 3921 745 3971 muros
763 3930 869 3969 norem
885 3930 984 3968 mrum.
1010 3919 1148 3968 tummim
1165 3918 1201 3966 lie
1217 3924 1309 3964 rerum

229 4002 341 4049 notura.
