2892 4425
199 343 258 394 206
513 350 746 394 ἸΠΔΙΙΙΥΙΙΟΔ
768 351 943 394 ΕΙΜΙΔΗΒ

135 463 143 476 ’
194 459 370 519 stuntiemm
389 473 490 518 ueeue.
513 457 622 518 Verum
638 458 697 518 hoo
712 473 822 536 soopo,
841 459 878 518 tie
898 473 958 536 qno
975 459 1026 519 hie
1046 462 1182 538 egimus,
1204 464 1278 524 nihii

197 555 300 631 obest3
323 555 469 631 otiumque
492 557 586 633 tangit
605 556 851 633 (imputationem,
877 555 914 616 de
931 573 990 633 qus
1010 557 1081 618 eiibi
1101 561 1278 622 sormooinn·
1407 612 1413 622 ,

197 652 306 712 Mmur.
325 651 457 729 Denique
475 655 537 730 ipse
554 653 683 712 ioekins
699 661 792 714 semet
809 635 978 731 oppo'guure
996 655 1128 732 videtur,
1152 673 1219 716 oum
1236 660 1279 716 in·

198 751 278 810 vitus
300 750 429 810 fatemur
448 749 543 810 ideam
566 751 747 811 substantioe
765 753 929 812 universate
952 753 1113 815 subiectum
1135 771 1197 814 esse
1218 771 1278 814 ser·

93 852 103 868 ·
199 847 295 906 monis
314 846 447 907 numeni.
471 849 623 921 Quomodo
641 851 738 924 euim,
758 851 784 909 si
805 853 847 909 itu
866 856 932 927 est,
955 853 1035 909 notio
1054 851 1234 913 substantioe
1260 870 1280 914 o

200 949 297 1010 mente
311 944 441 1005 humone
454 947 574 1006 exulare
586 953 639 1007 eut
655 947 805 1008 ohimneru
820 963 883 1008 esse
894 949 1022 1024 poterit?
1038 948 1115 1008 Num
1130 949 1280 1011 ohimeere

200 1056 265 1100 esse
281 1049 375 1118 potest
394 1059 429 1103 en
446 1045 540 1120 notio,
563 1045 594 1102 lu
611 1061 669 1121 qno
687 1047 784 1104 omnis
799 1061 895 1104 sermo
916 1045 1067 1123 fundetur,
1087 1054 1116 1107 et
1134 1064 1191 1124 quu
1213 1065 1278 1124 pru-

200 1139 269 1200 inoe
285 1157 377 1218 genus
397 1142 560 1203 homonum
579 1158 679 1202 enuere
698 1144 823 1220 nequii?

260 1246 312 1296 iu.
333 1239 460 1300 Loekius
480 1240 541 1300 ‹iuo
558 1239 678 1299 obiicit:
704 1243 852 1317 primum,
876 1242 1007 1302 ideonum
1028 1250 1193 1303 nosnnrnnu
1214 1242 1279 1303 iou·

200 1339 245 1395 tes
256 1351 314 1395 uon
328 1324 392 1398 esse
406 1339 463 1397 nisi
477 1339 673 1398 sensationem
686 1344 717 1396 et
733 1339 931 1415 reflexionem
950 1355 986 1400 ue
998 1339 1132 1416 proinde,
1147 1357 1216 1400 oum
1230 1339 1281 1401 hu-

203 1455 268 1499 rum
281 1443 384 1496 neutsu
402 1435 441 1494 uti
458 1437 608 1496 notionem
623 1435 805 1496 substantioe
823 1435 1066 1514 suppeditandum
1079 1438 1187 1515 voieet,
1203 1439 1281 1499 hune

201 1539 232 1595 in
253 1535 363 1594 iletitiis
383 1532 548 1606 habendum
562 1549 627 1592 esse
642 1535 665 1592 ¹.
687 1532 814 1612 Deinde,
828 1551 894 1610 nos,
909 1551 976 1596 uum
993 1535 1185 1596 substantiam
1197 1539 1280 1614 eogi-

200 1641 318 1707 tumus,
336 1631 410 1690 nihii
426 1630 508 1691 uiiuii
523 1637 619 1690 mente
636 1646 771 1707 versure,
795 1634 851 1691 nisi
871 1635 1073 1698 ooiieetionem
1089 1633 1277 1712 qualitatum,

201 1746 326 1809 quum
346 1729 425 1788 ideas
443 1745 615 1805 persensus
633 1732 841 1806 eoonpimus23
866 1733 894 1788 in
918 1731 973 1793 huo
994 1733 1083 1809 igitur
1103 1731 1278 1808 qualitatum

201 1828 339 1905 congerie
357 1834 530 1903 eonoeptum
549 1825 730 1886 substantioe
753 1830 865 1903 reponi.

262 1925 444 2002 Respondeo,
455 1924 618 1984 obiectione
626 1927 721 2001 mmo
732 1941 790 1984 uon
807 1929 954 1986 notionem
965 1925 1148 1986 substantioe
1164 1942 1200 1986 ex
1212 1925 1280 1986 uibo

201 2023 334 2085 idsumm
352 2025 500 2100 expungi,
523 2023 573 2082 sed
597 2023 728 2082 idmmm
750 2025 893 2099 originem
916 2041 934 2083 o
954 2023 1065 2083 Loeiio
1088 2022 1215 2084 emotum
1236 2024 1280 2081 in·

202 2115 374 2199 oum‘pietom
394 2128 425 2182 et
453 2121 611 2183 obtutuum
635 2121 763 2182 ostendi.
794 2122 911 2182 Rectius
935 2123 1012 2181 enim
1039 2125 1082 2182 sie
1100 2129 1146 2182 est
1167 2123 1282 2182 ratioet·

203 2221 354 2281 nendum:
377 2220 535 2297 hubam,
555 2227 590 2280 ut
605 2220 781 2281 oonseientiu
801 2226 831 2279 et
846 2222 920 2285 notio
945 2226 1083 2297 testatur,
1102 2220 1283 2281 substantiae

203 2322 372 2395 notionem
391 2318 472 2395 etqui
485 2318 574 2395 hose,
592 2317 836 2395 quemadmodum
853 2324 882 2377 et
897 2318 972 2378 uiine
987 2318 1168 2395 oompiunes‚
1187 2334 1281 2394 neque

203 2435 222 2480 u
246 2416 379 2479 sensibus
403 2433 498 2495 neque
517 2432 536 2477 u
558 2417 715 2476 reflexione
737 2418 826 2491 repeti
847 2422 961 2492 potest;
982 2432 1052 2494 ergo
1078 2416 1110 2475 hi
1131 2432 1187 2475 non
1214 2422 1285 2476 sunt

204 2519 322 2594 genuim
342 2516 439 2575 iontes
455 2515 600 2575 ideonum.
619 2513 747 2574 Loekius
761 2515 940 2573 eontrarium
951 2512 1032 2603 i'ooit.
1054 2514 1126 2573 Cum
1147 2515 1225 2573 enim
1244 2528 1281 2572 ex

205 2616 416 2689 commentitio,
435 2629 525 2690 quem
546 2612 742 2687 adstruxerit,
764 2613 878 2687 origine
896 2612 1027 2671 ideonum
1049 2614 1196 2671 notionem
1216 2610 1284 2671 sob-

205 2715 331 2773 stnntioe
350 2710 479 2770 derivari
499 2726 559 2769 uon
579 2726 664 2786 posse
682 2712 882 2787 uouspioeoet5
907 2710 985 2768 hene
1001 2709 1131 2784 devovit,
1151 2714 1185 2768 ut
1204 2724 1283 2767 eum·

206 2816 335 2870 mentum
358 2807 430 2867 uiui
451 2810 599 2867 munem.
724 2827 728 2837 “
1110 2802 1115 2819 ’

265 2906 398 2969 wenis
409 2903 570 2965 diffluuitus
587 2908 710 2965 omuino
724 2906 858 2982 negando
877 2912 932 2965 est.
948 2906 1011 2965 Etsi
1025 2908 1115 2987 enim,
1129 2920 1197 2963 cum
1214 2903 1284 2963 sub·
1360 2978 1364 2985 Δ

205 3007 328 3066 stantius
341 3010 453 3063 etenim
466 3002 656 3062 <imminete
669 3004 860 3079 ounuipimus,
874 3018 974 3062 eurum
988 3002 1216 3061 modificationes
1230 3000 1297 3059 aii·

205 3119 280 3179 qnos
292 3108 389 3161 mente
403 3116 571 3174 versemus3
584 3106 682 3159 tomen
702 3100 810 3159 iuisum
829 3107 873 3161 est
893 3117 947 3159 nos
966 3100 1081 3159 nonnisi
1096 3098 1202 3158 herum
1215 3112 1285 3156 oon-

207 3202 315 3278 gerieou
329 3205 470 3275 ouuoepto
491 3206 562 3258 tune
581 3196 750 3257 informare.
773 3197 860 3274 Nem,
878 3204 992 3274 prester
1007 3196 1084 3257 hene
1106 3197 1285 3272 congeriem,

206 3300 316 3374 optime
333 3299 515 3373 concipimus
532 3297 693 3355 restitutum
710 3297 740 3353 in
760 3310 793 3355 se
812 3297 996 3371 existentem,
1015 3310 1091 3371 quoe
1112 3293 1288 3369 quuiitetum
1339 3331 1347 3343 .

206 3396 325 3455 iliarum
344 3394 505 3454 subiectum
523 3395 584 3468 sit,
605 3397 635 3452 ei
652 3394 736 3451 euius
759 3394 909 3451 notionem
931 3394 1012 3451 notio
1033 3391 1208 3467 qoniitutum
1229 3402 1287 3445 non

205 3494 387 3569 ingredietur
408 3491 461 3552 sed
483 3492 636 3551 uomitetur
659 3496 775 3548 tuntum
798 3495 828 3547 et
852 3492 1041 3564 eircumstet,
1067 3490 1107 3546 ito
1132 3496 1229 3545 tamen
1257 3491 1291 3545 ut

208 3588 294 3650 fuotie
316 3590 355 3650 eb
376 3592 439 3665 ipso
460 3590 572 3649 secerni
593 3588 694 3665 possit.
716 3586 806 3647 Cuius
829 3590 867 3645 rei
897 3588 1020 3663 quisque
1043 3584 1098 3645 sibi
1119 3591 1164 3644 est
1184 3572 1288 3659 testis,

207 3689 316 3765 qnippe
332 3690 385 3765 qui
403 3689 478 3746 inter
497 3687 645 3745 notionem
666 3684 879 3760 neeinentium,
902 3690 1060 3759 utcumque
1074 3680 1218 3742 eoileetim
1239 3696 1289 3739 su·

207 3795 338 3864 mentor,
354 3792 385 3845 et
402 3788 550 3845 notionem
570 3784 764 3858 substantioe,
785 3798 859 3859 quoe
878 3781 937 3861 iliis
957 3781 1116 3858 efficietur,
1138 3794 1290 3854 eomputa-

268 3928 278 3968 1
291 3920 369 3968 Eueni
376 3916 447 3982 poti.
459 3928 580 3967 eoueem.
594 3914 666 3965 tout.
677 3914 750 3964 tum.
762 3913 780 3963 i.
795 3920 818 3975 i,
831 3914 871 3964 oh.
884 3920 906 3963 s.

266 4005 280 4049 ²
295 3998 365 4049 [tiu.
378 3998 397 4049 i.
410 3998 484 4059 2,oit.
497 4004 535 4047 nt.
780 4020 782 4025 ·
