2892 4425
225 348 263 406 it
702 359 837 405 aaaron
856 356 866 370 ’·

223 472 337 547 generis
362 471 422 529 sit:
450 466 535 551 Quod
554 476 599 528 est
619 468 767 547 simplex,
787 472 818 529 in
839 475 937 546 partes
955 468 1082 547 discerpi
1101 471 1224 549 nepuit3
1245 470 1299 531 sed

223 568 338 625 animus
359 573 403 625 est
428 567 570 643 simplex3
591 582 661 642 erge
680 568 710 624 in
729 574 827 642 partes
847 567 971 642 discerpi
989 572 1100 644 nequit.
1122 568 1298 644 Exemplum

222 678 293 721 vero
314 664 427 739 generis
448 666 613 738 posterioris
637 666 690 721 sit:
718 662 747 722 Si
773 663 901 723 muudus
926 664 1138 724 mutationibus
1156 665 1297 741 afficitur,

193 814 197 821 .
222 774 282 817 non
303 766 346 817 est
366 775 383 817 a
405 776 456 835 se;
478 759 528 818 sed
551 760 628 835 qnod
649 776 667 819 a
687 776 719 819 se
739 776 797 817 noa
818 766 882 835 est,
904 766 1053 819 aeteruum
1076 770 1141 820 esse
1165 778 1225 821 non
1245 778 1299 837 po·

222 858 297 932 tuit;
322 872 392 931 ergo
411 858 436 914 si
455 856 582 915 muudus
606 856 815 915 mutationibus
835 856 974 930 adicitur,
996 865 1131 931 aeternus
1151 875 1214 917 esse
1238 874 1299 917 nou

222 955 330 1029 poluit.
352 952 395 1011 De
408 958 530 1029 unoque
549 954 640 1030 igitur
660 952 717 1011 boe
731 969 836 1028 gauere
852 952 1092 1029 syllogismomm
1111 958 1245 1029 proprias
1258 955 1300 1013 le-

174 1065 177 1070 ·
223 1062 275 1120 gas
295 1064 439 1124 exponere
459 1064 493 1107 ac
513 1048 639 1108 breviter
659 1048 860 1107 demonstrare
878 1048 1028 1109 debemus.
1043 1048 1140 1123 'Quod
1158 1058 1193 1117 ut
1212 1050 1302 1111 isola

223 1160 303 1222 mus,
322 1148 449 1233 primum
469 1144 506 1205 de
526 1146 698 1223 syllogismo
718 1139 856 1231 simplet,
875 1142 981 1205 delude
999 1146 1037 1205 de
1059 1150 1220 1223 oomposito
1238 1136 1319 1206 dis?

225 1258 366 1303 seramus.
839 1275 843 1285 ·

219 1411 222 1417 Ι
285 1339 464 1414 Principium
478 1341 611 1399 omnium
627 1337 723 1415 legum
738 1326 901 1415 syllogismi
918 1340 1070 1415 simplicis,
1084 1345 1115 1399 et
1128 1341 1218 1400 veluti
1232 1338 1302 1400 tua·

178 1420 181 1425 ¹
226 1437 396 1495 dementum
417 1437 488 1493 artis
509 1434 701 1493 ratiocinandi
722 1441 834 1493 veteres
854 1451 956 1494 omnes
980 1443 1047 1511 post
1066 1436 1248 1496 Aristotelem
1268 1440 1302 1495 iu

226 1532 340 1593 duobus
355 1530 551 1590 axiomatibus
565 1534 655 1589 situm
668 1546 731 1589 esse
744 1547 927 1609 perspexere,
943 1530 1143 1610 quaeritatum
1157 1532 1194 1591 ele
1207 1537 1299 1608 omni,

226 1636 256 1691 et
276 1628 388 1689 dietum
408 1626 445 1687 de
463 1626 548 1699 nullo
573 1627 775 1687 nominabant.
801 1628 933 1688 Primum
953 1632 996 1688 sie
1017 1630 1163 1689 enuntiari
1181 1636 1299 1707 potest:

226 1726 368 1805 quidquid
388 1728 546 1801 generatim
567 1732 596 1783 et
616 1726 759 1800 oonrpiete
783 1726 870 1785 alieni
890 1728 1002 1785 uodoni
1027 1727 1167 1787 tribuitur
1175 1728 1189 1803 ‚'
1210 1727 1302 1788 tribul

147 1878 152 1885 .
227 1828 314 1885 etiam
336 1823 421 1881 debet
440 1822 664 1897 particularibus
685 1838 761 1897 quae
780 1824 965 1881 eontinentur
985 1824 1014 1881 in
1028 1824 1093 1882 ilia.
1116 1822 1299 1883 seeundum:

200 1916 209 1939 ⁸
227 1919 368 1999 quidquid
384 1922 542 1995 generatim
557 1925 585 1977 et
598 1919 740 1993 complete
754 1918 792 1976 de
804 1918 902 1995 aliqua
917 1922 1034 1978 notione
1049 1927 1182 1996 negatur,
1192 1935 1302 1996 nagan

226 2019 298 2093 dum
312 2018 401 2079 etiam
414 2022 457 2075 est
477 2016 513 2074 de
530 2014 756 2092 particularibus
775 2032 850 2093 quae
865 2020 1051 2075 eontinentur
1068 2019 1098 2075 iu
1114 2016 1176 2076 illa.
1191 2016 1304 2077 Verum

227 2122 294 2193 post
307 2118 475 2175 innovatam
490 2112 704 2189 philosophiam
718 2114 755 2171 iis
769 2128 787 2171 a
801 2112 946 2189 plerisque
965 2112 1024 2172 duo
1038 2112 1109 2173 haee
1122 2114 1226 2173 suffici>
1235 2130 1301 2174 ooe-

227 2221 278 2290 pta
291 2219 373 2272 sunt:
392 2215 529 2288 primum,
544 2210 621 2288 quod
636 2209 802 2270 talentitatir
815 2212 997 2287 prinmpium
1012 2218 1130 2287 uocant,
1144 2228 1220 2288 quae
1233 2229 1303 2270 oon·

228 2313 349 2370 veniunt
369 2310 460 2394 eidem
482 2312 644 2385 tertio,.ea
664 2309 843 2368 conueniunt
862 2311 938 2366 inter
957 2323 1006 2384 se3
1027 2308 1200 2385 seeundum,
1221 2309 1302 2384 quod

227 2395 445 2486 repugnantiae
466 2402 591 2482 assatum
613 2405 775 2481 appellant:
798 2421 922 2482 quorum
947 2406 1071 2464 alterum
1090 2409 1225 2483 congruit
1251 2409 1305 2466 uni

228 2497 461 2582 tertianarum
476 2518 544 2563 vero
558 2519 631 2579 non,
646 2517 680 2562 ea
693 2504 769 2562 inter
781 2518 814 2561 se
824 2518 884 2562 non
896 2504 1083 2563 conveniunt.
1091 2503 1203 2564 Tamen
1216 2505 1306 2564 diam

226 2709 281 2758 'lem
297 2706 435 2770 dispositio.
457 2704 580 2762 Quocirca
595 2705 633 2754 tot
650 2702 792 2756 exoriantur
809 2706 915 2769 oportet,
936 2705 999 2769 quot
1017 2705 1178 2770 disposituras
1193 2705 1221 2755 ia
1234 2704 1309 2778 syllo-

229 2786 308 2849 gismo
327 2785 474 2848 praemissae
492 2784 601 2832 nancisei
620 2786 730 2846 possum.
750 2787 802 2834 liae
818 2787 901 2836 autem
920 2785 1084 2848 disposituras
1102 2784 1133 2833 ad
1153 2786 1262 2846 quatuor
1280 2786 1308 2835 et

230 2864 355 2926 sexaginta
370 2864 428 2912 sunt
444 2873 561 2924 uumero;
581 2863 672 2925 quippe
690 2875 747 2914 enm
767 2864 793 2912 iu
806 2865 894 2924 quavis
906 2864 983 2927 ligura
1000 2866 1051 2914 sint
1069 2863 1185 2914 sedecim.
1201 2867 1263 2913 Nam
1282 2862 1308 2912 is

231 2956 292 3006 gnra
308 2943 433 3005 quaelibet
448 2943 486 2990 vsi
504 2941 540 2990 itu-
555 2953 612 2990 suas
631 2943 776 3004 praemissas
796 2943 914 3006 disponit,
935 2946 963 2993 ut
978 2943 1064 2992 ambae
1078 2943 1128 2992 siut
1143 2943 1307 3005 universalem

229 3024 269 3074 rel
284 3024 312 3072 ut
326 3023 412 3071 ambae
426 3021 476 3070 sint
491 3021 651 3083 particulares
656 3039 664 3084 ;
680 3023 720 3072 rei
734 3025 763 3072 nt
777 3023 856 3072 maior
869 3024 902 3072 sit
916 3023 1071 3084 universalis,
1085 3011 1166 3071 minor
1175 3021 1310 3085 pardonis·

230 3104 279 3166 rie;
293 3102 333 3154 rel
347 3101 454 3164 denique
468 3101 602 3152 nloesersa.
614 3103 727 3165 Itemque
739 3102 845 3164 quilibet
858 3102 946 3152 borum
956 3103 1155 3166 syllogismorum
1162 3100 1253 3152 vadari
1266 3102 1312 3152 tta·

229 3195 287 3232 rum
302 3183 384 3245 potest
401 3181 587 3244 quadrifariam.
609 3181 635 3231 Si
651 3182 717 3232 enim
736 3183 843 3232 sumitur
861 3195 901 3232 ex.
920 3194 957 3245 gr.
975 3185 1082 3244 utraque
1098 3182 1234 3244 praemissa
1251 3181 1309 3230 uni·
1420 3230 1428 3244 ,

231 3261 350 3323 versatim
366 3261 413 3310 bae
428 3260 468 3310 vel
487 3263 559 3310 erunt
576 3260 662 3310 ambae
675 3260 842 3322 affirmantes,
860 3262 899 3311 vel
918 3251 1018 3311 ambae*
1024 3263 1155 3323 negantes,
1171 3261 1212 3309 rel
1227 3261 1311 3311 mator

232 3339 358 3390 affirmans
373 3343 399 3388 et
413 3339 494 3388 minor
508 3349 608 3404 negare,
626 3341 665 3390 rel
680 3342 775 3389 eontra.
791 3339 893 3402 Singula
905 3341 979 3402 igitur
993 3340 1188 3402 quadripartitae
1201 3340 1312 3402 superio·

230 3421 266 3468 ris
283 3418 411 3468 divisionis
429 3419 538 3468 membra
556 3419 741 3482 quadruplicari
758 3422 870 3481 possum.
886 3419 935 3468 Sed
949 3423 1057 3482 quatuor
1074 3423 1162 3482 qnater
1180 3422 1310 3482 sumptum

230 3497 374 3560 suppeditat
386 3498 562 3548 sexdecim.·in
574 3499 662 3562 quavis
676 3511 734 3560 ergo
741 3496 837 3560 figura
847 3498 915 3549 boue
925 3511 1056 3558 rumenam
1066 3499 1183 3560 babebts;
1194 3499 1238 3560 qui
1248 3511 1311 3548 eum

231 3579 313 3627 denam
330 3576 355 3626 iu
370 3578 537 3641 quadruplum
552 3578 610 3628 duel
624 3577 712 3628 debeat
727 3576 860 3641 (siquidem
873 3577 965 3639 figurae
977 3582 1036 3628 sunt
1050 3579 1178 3641 quatitur),
1191 3580 1312 3642 supputa·

232 3657 265 3706 tls
279 3657 402 3721 omnibus,
417 3659 543 3722 sexaginta
560 3661 667 3722 quotuor
683 3658 815 3719 exsurgent
828 3657 1027 3720 syllogismorum
1041 3657 1120 3707 modl.

287 3739 318 3786 At
332 3751 382 3787 non
399 3739 486 3787 borum
504 3738 593 3800 singuli
613 3737 644 3787 ad
662 3735 816 3786 inferendum
830 3737 926 3801 valent3
945 3739 1078 3787 nonenim
1097 3751 1192 3797 omues,
1211 3737 1256 3787 sed
1268 3749 1313 3786 no·

122 3859 127 3870 ,
233 3815 370 3866 remalecim
390 3820 486 3866 tantum
506 3817 640 3880 syllogismi
658 3815 754 3877 reguiam
770 3821 878 3867 servant.
895 3817 968 3875 Quod
985 3819 1028 3880 qui
1041 3818 1125 3866 videre
1141 3817 1219 3880 eupit,
1237 3817 1315 3868 adest

225 3893 354 3944 waiam
372 3895 410 3946 rel
429 3895 589 3958 Galiuppium
605 3895 659 3946 inse
677 3895 738 3944 traso
752 3880 911 3958 expiiosntes,
932 3899 976 3948 aut
996 3897 1085 3947 melius
1104 3899 1217 3948 vetmdm
1234 3897 1312 3948 diale-

233 3971 354 4026 stiooratn
372 3975 521 4025 summulas.
588 4017 591 4022 .
639 4039 644 4048 Ι
