2892 4425
216 346 255 399 4ο
552 350 790 397 unsruusrcss
811 352 971 397 srserssrs

218 464 249 521 in
268 459 399 521 ordiaen
422 459 625 535 redigeretur,
650 460 744 519 eidem
768 459 885 521 subdita
908 460 1000 536 iuret,
1024 460 1062 519 ab
1084 476 1176 536 euque
1198 459 1296 536 quom

216 556 449 616 distributionem
465 556 655 632 ordinemque
672 556 857 631 dependeret.
879 556 956 633 Ergo
975 556 1021 615 vei
1041 559 1163 617 meterie
1179 556 1218 615 ab
1235 558 1297 631 opi·

216 653 273 713 iice
289 653 371 713 nulio
386 656 417 712 in
438 654 570 713 ordinem
590 654 707 713 reductu
726 661 771 713 cst
793 654 888 731 (quud
909 654 1017 713 ieisum
1035 670 1101 715 esse
1121 656 1297 713 monstreri-

217 749 322 826 mus);
346 751 392 809 vei
411 753 435 809 si
455 749 571 809 ebutio
591 750 723 810 ordinem
748 749 940 826 iormemque,
952 754 1082 827 recepit,
1109 754 1296 811 existentium

215 849 303 906 edam
321 854 352 906 et
367 853 501 910 nutarem
518 846 557 905 eb
574 848 634 907 uiio
652 850 815 924 suscepisse
834 847 1227 909 dicendaest.1iaobushis
1248 864 1297 906 cx-

216 947 317 1003 tremis
334 951 414 1004 arcte
430 950 567 1004 tenentur
583 944 823 1019 adverterimus
842 948 960 1005 tertium
981 945 1072 1006 uiiuru
1089 952 1211 1021 possunt
1231 960 1297 1021 spe·

215 1058 282 1102 rere
300 1041 483 1119 perfugium.
759 1107 764 1116 ¹

274 1138 391 1214 Tertio,
411 1141 436 1197 si
453 1137 599 1214 quaelibet
617 1141 755 1197 materiae
772 1154 841 1213 pars
862 1142 1034 1215 confingens
1053 1146 1108 1214 est,
1126 1138 1202 1196 idem
1223 1138 1298 1196 indi-

215 1240 294 1297 cium
315 1236 386 1297 ierri
409 1236 495 1295 debet
513 1235 550 1295 de
571 1242 657 1312 toto,
678 1235 758 1312 quod
777 1252 812 1293 ex
835 1236 967 1311 partibus
987 1235 1046 1295 iilis
1070 1238 1231 1311 consurgit.
1255 1235 1296 1293 At

214 1350 318 1393 rerum
335 1341 380 1393 est
393 1336 538 1409 primum;
555 1333 638 1392 uuita
656 1332 800 1409 siquidem
816 1334 1010 1410 repugnantia
1027 1335 1058 1391 in
1077 1332 1134 1391 hoc
1152 1336 1296 1407 cernitur,

182 1492 186 1498 ,
214 1437 249 1491 ut
267 1432 365 1507 eliqua
383 1433 522 1489 maurice
541 1430 685 1505 pnrdcuia
700 1430 886 1489 detrahatur.
904 1430 1012 1489 Verum
1033 1432 1123 1506 igitur
1141 1436 1186 1487 cst
1205 1432 1296 1489 etiem

215 1528 361 1603 aiterum3
385 1543 487 1586 omues
508 1526 652 1603 siquidem
675 1530 813 1587 materiae
840 1533 938 1603 partes
961 1528 1065 1587 similis
1086 1534 1208 1586 nutume
1227 1533 1298 1586 suut

215 1632 246 1685 et
261 1624 436 1684 conditionis
450 1624 591 1683 eiusdem.
608 1624 698 1699 Atqui
712 1640 765 1683 cus
781 1626 966 1701 contingens,
981 1630 1081 1699 utpote
1094 1640 1145 1699 per
1159 1640 1190 1682 se
1207 1624 1297 1683 indii·

214 1721 311 1781 tereus
330 1720 369 1779 ed
387 1720 571 1780 existendum
589 1720 635 1778 rei
655 1736 715 1779 uou
734 1720 935 1798 exeundum,
953 1737 1072 1781 causam
1097 1722 1228 1797 postulat
1243 1738 1296 1797 per
1388 1760 1392 1766 -

214 1834 304 1896 quum
325 1818 364 1879 ud
383 1818 567 1878 existendum
590 1825 790 1878 convertatur.
815 1818 893 1895 Ergo
913 1822 937 1878 si
959 1820 1059 1879 muudi
1079 1822 1203 1879 materia
1225 1836 1296 1879 cau·

179 1928 183 1935 ‘
213 1918 329 1993 tingens
348 1922 413 1991 est,
435 1918 536 1993 aequit
555 1915 664 1975 iniectu
682 1932 746 1975 esse
765 1932 799 1975 ac
822 1918 884 1975 siue
907 1932 996 1977 ceusu
1013 1920 1035 1977 ¹.

273 2012 406 2090 Denique
423 2029 461 2072 ue
480 2013 567 2090 piure
585 2020 758 2089 consecter,
786 2012 845 2073 duo
866 2012 1035 2090 depromam
1060 2021 1233 2091 argumenta
1257 2032 1295 2077 ex

213 2108 365 2187 (ierdiiio,
390 2112 527 2187 quirem
551 2109 629 2169 hauc
651 2116 787 2171 accurate
811 2116 982 2187 pertractat.
1010 2111 1235 2172 Horumunum
1257 2130 1294 2173 ex

213 2209 406 2270 determinas
428 2210 567 2270 meterius
589 2208 813 2286 magnitudine,
842 2208 964 2270 aiterum
987 2225 1023 2268 ex
1048 2212 1111 2270 cius
1138 2208 1296 2270 efflorescit

213 2308 320 2368 inertia
332 2311 357 2368 ².
373 2307 469 2384 Atque
488 2306 526 2366 ad
542 2309 671 2383 primum
691 2306 771 2384 quod
790 2309 933 2384 pertinet,
955 2309 1077 2366 materia
1097 2308 1198 2367 muudi
1216 2313 1295 2368 certe

214 2404 331 2465 induite
352 2421 411 2464 non
433 2409 501 2479 est;
523 2403 693 2481 siquidem,
720 2409 753 2462 ut
770 2419 857 2480 seepe
878 2403 962 2479 dixi,
985 2404 1156 2482 magnitudo
1177 2403 1293 2465 induite
1343 2415 1349 2422 ·

274 2552 283 2595 1
300 2547 355 2597 auc
371 2545 543 2608 argumentum
560 2544 684 2606 eques
700 2532 821 2608 expressit
834 2543 945 2594 versibus
964 2543 1104 2594 (inrdiueiis
1122 2545 1153 2595 de
1167 2545 1293 2606 Puiiguse,

212 2626 361 2675 destituor.
376 2625 393 2675 Ι.
407 2631 431 2687 t,
452 2637 476 2673 r.
490 2627 532 2675 tsi
546 2625 572 2673 et
590 2636 676 2687 seqq,
692 2623 757 2674 iuter
775 2625 868 2674 ceteras
884 2625 991 2676 rationes
1003 2625 1121 2688 egregias,
1136 2623 1227 2687 quibus
1238 2637 1296 2678 eou-

211 2705 300 2755 tiueutt
319 2704 383 2768 iiiito
401 2703 475 2754 tertio
486 2705 512 2755 et
529 2705 618 2768 quarto
633 2704 674 2754 sui
694 2703 776 2767 operis
794 2703 941 2767 Epiomeum
960 2705 1127 2754 commentum
1150 2703 1292 2752 inuectum.

211 2786 254 2834 Sis
269 2787 351 2836 sutem
368 2783 465 2847 iuquit:

348 2863 449 2914 scilicet
464 2863 524 2913 haec
548 2865 657 2928 storum,
676 2876 740 2927 quse
757 2875 823 2912 nuuc
837 2862 901 2912 mitri
919 2863 1038 2925 iungitur,
1059 2874 1112 2912 esse

348 2945 382 2993 Ut
397 2944 451 2993 siue
469 2956 509 2994 me
528 2945 633 3006 poterut,
655 2947 766 3007 poteram
786 2943 821 2992 sic
838 2955 891 2992 esse
908 2943 962 2992 siue
979 2943 1031 3002 ilie,

347 3025 481 3074 Aeternum
497 3023 524 3072 iu
544 3035 623 3074 reouo
643 3023 725 3087 putuit
740 3021 865 3074 disiuncta
883 3023 978 3086 regeri,

347 3105 481 3154 Aeternum
501 3103 599 3168 poterit.
622 3105 686 3154 cum
702 3117 762 3168 erqo
779 3105 811 3155 sit
827 3103 924 3155 iuutiiis
942 3103 1013 3166 oriri,

347 3187 471 3235 Pomanus
490 3197 540 3234 uon
562 3197 628 3246 csse;
646 3186 718 3234 ruent
738 3198 798 3234 num
815 3187 896 3235 cetere
916 3188 1016 3236 reram?

346 3267 518 3328 Nequaquam.
538 3267 593 3314 tion
612 3264 676 3313 hano
694 3264 770 3327 igitur
789 3267 897 3328 perstare
914 3277 1042 3314 necessum
1059 3265 1105 3324 cst,

346 3345 466 3407 illiusque
487 3345 543 3396 loco
564 3344 625 3394 setis
644 3347 682 3394 est
701 3345 722 3394 si
742 3345 834 3408 perstet
854 3345 935 3394 inane.

348 3425 429 3476 tinius
444 3426 503 3475 hinc
520 3425 598 3475 atomi
617 3425 682 3474 ratio
700 3437 750 3474 uon
771 3424 881 3488 postulet
899 3427 927 3475 ut
945 3423 986 3475 sit.

347 3505 421 3564 Quod
436 3506 458 3555 si
476 3518 551 3555 uuum
568 3518 582 3554 e
600 3517 681 3555 rerum
699 3509 789 3556 nutura
808 3516 947 3568 expungere
966 3503 1067 3571 possim,

346 3586 490 3648 Expungum
507 3585 626 3648 geminus,
640 3597 779 3648 expungam
798 3586 916 3647 quatuor,
935 3597 1022 3636 omues

346 3664 467 3728 Denique.
487 3667 599 3727 Namque
617 3677 704 3714 omues
724 3663 786 3712 nihii
806 3663 966 3713 excellentius
986 3663 1065 3724 inse,

347 3746 464 3794 iisturear
484 3744 551 3807 quod
568 3746 673 3807 spectet,
692 3743 792 3804 hebent,
811 3756 887 3806 quem
908 3743 1013 3806 pervide
1031 3741 1155 3806 quidquid

346 3830 383 3875 Ae
402 3825 508 3889 simplex
524 3828 621 3874 atomus
637 3837 721 3874 revera
739 3823 850 3886 possidet
872 3824 961 3873 amuis.

346 3904 419 3956 iiuiie
432 3905 507 3969 igitur
523 3918 566 3968 per
582 3917 618 3967 se,
635 3903 657 3953 si
677 3917 721 3966 per
739 3915 765 3953 se
784 3916 832 3953 non
854 3903 901 3953 tuit
923 3916 980 3952 une.

270 3991 284 4036 2
296 3984 473 4036 emerserat.
486 3983 643 4038 diminuat.
655 3986 746 4035 contre
758 3981 858 4035 detera.
872 3982 905 4036 de
918 3984 945 4034 ia
960 3981 1077 4035 maerere.
