2892 4425
193 328 250 379 iiiii
518 288 758 407 Uflsslllbidss
777 334 937 379 irretitis

102 508 104 513 ,
191 445 303 503 ratione
324 443 497 519 contingat,
520 459 575 502 suo
599 443 664 502 ioco
685 442 839 517 dicemus;
858 460 926 502 eum
947 441 984 501 de
1002 444 1115 518 origine
1134 441 1267 501 idearum

190 539 375 600 muamnm
394 543 461 599 erit.
487 540 574 600 Falsa
593 547 638 600 est
664 542 755 617 igitur
779 543 871 616 ratio,
895 554 983 617 qoam
1008 540 1116 599 Gousin
1138 540 1268 599 mundo

191 638 256 695 ioco
275 638 438 711 proposuit.
1152 696 1158 709 ,

250 731 320 793 Pari
336 733 423 792 modo
438 732 544 793 laisum
556 742 602 793 eat
620 734 699 809 quud
712 734 819 794 obiecit
838 737 932 810 primo
945 734 1023 810 loco,
1037 736 1175 794 nimirum
1193 734 1269 793 iudi-

191 832 238 890 cia
254 832 286 889 in
304 833 458 906 sententia,
478 848 567 908 quam
581 830 781 905 defendimus,
803 834 918 891 nonnisi
937 832 1091 892 abstractis
1108 831 1182 889 ideis
1200 846 1269 890 con·

191 930 288 988 tineri.
309 929 373 1002 Qua
388 930 419 987 iu
438 946 470 988 re
491 931 630 988 memoria
650 928 838 1004 repetendum
858 928 1001 1005 estquod
1021 930 1155 1003 superius
1174 928 1269 1003 expli-

191 1027 324 1085 cauimus
338 1028 362 1100 ¹,
387 1032 525 1101 mentem,
544 1027 599 1085 etsi
618 1028 699 1100 priua
719 1026 888 1104 universale
905 1032 939 1085 ιιι
957 1029 1106 1101 proprium
1121 1024 1268 1084 obiectum

193 1122 339 1181 abstrahit
351 1130 383 1181 et
400 1130 567 1197 contuetur,
585 1129 683 1182 tamen
698 1125 890 1181 conversione
904 1138 994 1198 supra
1012 1130 1095 1181 actus
1116 1125 1179 1181 sire
1198 1138 1270 1182 suos

192 1222 257 1278 siue
273 1221 426 1279 senatuum
444 1221 620 1279 facultatum
633 1223 729 1295 ipsum
744 1220 893 1297 singulare
908 1222 1063 1295 percipere.
1081 1220 1158 1280 litae
1177 1220 1212 1279 iit
1236 1227 1270 1279 ut

193 1318 387 1379 universalem
404 1317 499 1376 meam
518 1317 672 1377 indiuiduo
688 1318 816 1377 tribuere
839 1321 944 1393 possit,
966 1317 1211 1394 quemadmodum
1230 1334 1268 1376 ex

193 1416 244 1474 iilo
263 1432 328 1474 eam
349 1418 430 1489 prius
450 1414 644 1485 abstraxerat.
667 1415 768 1492 Neque
788 1418 818 1475 in
837 1415 895 1475 hoc
917 1430 1044 1475 errorem
1058 1414 1150 1473 ullum
1174 1416 1269 1473 incur·

107 1556 110 1560 .
194 1513 252 1587 rit,
276 1511 418 1587 siquidem
438 1512 603 1570 universale
621 1515 653 1570 in
673 1512 832 1572 individuis
855 1513 954 1588 aliquo
978 1512 1065 1571 modo
1085 1526 1185 1571 msera
1198 1526 1268 1569 eon·

193 1608 315 1682 ιιιιοιιιι,
334 1613 421 1682 prout
440 1610 471 1667 in
493 1608 597 1667 nlbmo
609 1610 818 1687 psyebologiae
834 1613 929 1686 capite
946 1610 1053 1668 dicturi
1067 1624 1180 1667 sumus.
1200 1606 1271 1667 Pro

193 1720 292 1763 cusos
314 1706 405 1781 igitur
426 1707 603 1781 cognitionis
625 1710 786 1784 generatim
816 1713 951 1784 aoocptaa
974 1708 1021 1766 hie
1043 1722 1106 1766 esse
1131 1706 1266 1765 videtur:

192 1801 313 1859 Initium
337 1800 371 1859 iit
391 1817 409 1860 a
432 1805 614 1877 perceptione
630 1805 732 1864 sensili
750 1804 935 1863 individuum
958 1802 1202 1879 apprehendente.
1221 1802 1269 1863 Sc·

193 1899 294 1973 quitur
319 1901 468 1974 perceptio
489 1899 625 1960 mentalis
646 1901 807 1977 abstracta,
831 1916 890 1978 qua
907 1900 1072 1960 uniuersale
1093 1902 1266 1974 concipitur.

194 1994 270 2052 Tum
286 1994 401 2053 ‘accedit
420 1996 614 2072 apprehensio
633 2000 703 2057 item
727 2000 863 2058 mentalis
882 1998 1038 2072 individui,
1051 2005 1168 2073 propter
1187 1998 1269 2058 reite·

194 2093 312 2151 xionern
325 2095 443 2168 mentis,
457 2101 492 2153 ut
507 2093 582 2170 dixi,
597 2098 629 2153 in
642 2099 791 2171 praeviam
806 2098 1016 2172 perceptionem
1031 2111 1181 2157 sensuum.
1194 2095 1268 2154 Cum

194 2205 264 2249 uero
280 2198 407 2268 nequeat
426 2208 509 2252 mens
531 2209 590 2253 non
609 2196 739 2254 contueri
763 2196 792 2254 iu
819 2188 971 2254 indiuiduo
994 2194 1042 2270 (ln
1061 2194 1141 2271 quod
1162 2194 1270 2270 cogita·

194 2290 276 2346 tione
295 2287 388 2365 redit)
410 2293 505 2351 inesse
525 2289 737 2368 quidditatem,
761 2307 851 2368 quam
874 2293 944 2352 iude
968 2292 1145 2352 abstractam
1165 2307 1215 2368 per
1237 2307 1269 2350 se

194 2390 224 2444 et
241 2387 444 2448 uniuersaliter
460 2390 657 2466 contemplata
673 2396 752 2466 arat;
772 2389 898 2450 eliieitur
919 2391 988 2449 hinc
1007 2397 1039 2449 ut
1059 2389 1200 2449 tudinium
1215 2405 1266 2448 ex-

194 2491 307 2561 surgat,
318 2501 378 2561 quo
392 2493 530 2562 concepta
549 2503 567 2545 a
586 2495 683 2547 mente
700 2487 849 2564 quidditas
866 2487 1019 2548 indiuiduo
1034 2487 1191 2546 tribuatur.
1208 2485 1268 2559 Sic,

195 2587 229 2640 ut
247 2583 459 2658 exemplo-rem
482 2584 671 2662 collustrem,
697 2601 801 2644 sensus
820 2585 910 2643 solem
937 2589 1004 2645 actu
1026 2589 1206 2660 praesentem
1229 2585 1270 2640 vl·

195 2681 276 2737 sione
296 2680 498 2755 apprehendit.
524 2681 629 2758 Mens,
649 2697 726 2759 quae
745 2680 850 2742 exinde
866 2683 1007 2740 rationem
1027 2682 1198 2740 emtentiae
1219 2695 1267 2739 cx.

171 2833 174 2836 ,
195 2791 241 2852 gr.
261 2775 455 2853 abstraxerat,
474 2787 542 2839 eam
563 2779 699 2856 deinceps
718 2780 758 2839 ad
778 2777 913 2838 sensilem
933 2777 1013 2836 illam
1034 2779 1269 2851 repraesentatio

195 2889 261 2931 nem
284 2873 378 2932 reditu
404 2874 530 2948 quodam
557 2876 800 2935 considerationis
823 2876 1023 2950 muuertitur3
1053 2874 1175 2949 percipit
1200 2886 1271 2930 sane

195 2975 307 3027 astrum
330 2967 515 3028 individuum
537 2971 616 3046 quod
644 2971 745 3031 mdem
771 2974 949 3048 continuus,
972 2973 1085 3046 ipsique
1110 2975 1271 3044 competere

196 3068 382 3125 existentiam
407 3067 513 3142 videt,
539 3074 656 3143 pmpter
678 3069 789 3130 iactum
816 3073 910 3146 ipsum
935 3083 1020 3128 sensu
1046 3065 1268 3143 apprehensum.

195 3163 240 3222 En
261 3163 418 3239 iudicium3
440 3164 479 3222 ad
498 3163 579 3240 quod
599 3165 803 3240 proferendum
823 3168 899 3243 (cum
918 3167 954 3225 de
972 3167 1125 3225 existentia
1146 3165 1187 3222 rei
1205 3177 1271 3221 con·

195 3269 274 3335 creta
294 3263 438 3337 ageretur)
456 3262 516 3320 dno
534 3266 701 3322 necessaria
719 3265 854 3324 luerunt:
877 3267 1016 3340 primum,
1039 3261 1162 3337 simplex
1184 3261 1271 3318 intui·

195 3359 238 3416 tio
257 3360 401 3434 complexi
415 3358 584 3436 cuiusdam,
602 3359 718 3438 deinde,
735 3362 872 3421 resolutio
888 3362 975 3420 huius
990 3359 1132 3434 complexi
1151 3361 1180 3415 tn
1198 3356 1272 3415 duos

195 3462 375 3532 conceptus,
394 3457 587 3534 subsequente
606 3461 707 3518 statim
728 3460 912 3535 perceptione
933 3458 1081 3518 relationis
1102 3471 1177 3532 quac
1197 3457 1273 3512 inter

195 3553 261 3613 iilos
281 3554 487 3614 intercedebat.
514 3555 563 3615 Sle
584 3556 725 3616 iudicium
750 3565 782 3616 ut
808 3563 903 3632 patet,
927 3556 1007 3615 ideas
1030 3555 1199 3631 praeeuntes
1219 3549 1271 3609 ha·

195 3651 270 3726 buit,
290 3658 369 3710 etex
392 3655 520 3728 ipsarum
540 3657 757 3730 comparatione
778 3655 930 3730 processit.

252 3863 342 3916 uvtde
357 3879 423 3930 quiae
439 3866 549 3919 diximus
568 3867 592 3931 §.
615 3869 660 3917 ill.
