<?xml version="1.0" encoding="UTF-8"?>
<!DOCTYPE html PUBLIC "-//W3C//DTD XHTML 1.0 Transitional//EN"
    "http://www.w3.org/TR/xhtml1/DTD/xhtml1-transitional.dtd">
<html xmlns="http://www.w3.org/1999/xhtml" xml:lang="en" lang="en">
 <head>
  <title>
</title>
<meta http-equiv="Content-Type" content="text/html;charset=utf-8" />
  <meta name='ocr-system' content='tesseract 3.04.00' />
  <meta name='ocr-capabilities' content='ocr_page ocr_carea ocr_par ocr_line ocrx_word'/>
</head>
<body>
  <div class='ocr_page' id='page_1' title='image "./institutionesph01libegoog_0627.png"; bbox 0 0 2892 4425; ppageno 0'>
   <div class='ocr_carea' id='block_1_1' title="bbox 340 395 1202 459">
    <p class='ocr_par' dir='ltr' id='par_1_1' title="bbox 340 395 1202 459">
     <span class='ocr_line' id='line_1_1' title="bbox 340 395 1202 459; baseline 0.005 -15"><span class='ocrx_word' id='word_1_1' title='bbox 340 402 417 445; x_wconf 75' lang='lat' dir='ltr'><strong>reue</strong></span> <span class='ocrx_word' id='word_1_2' title='bbox 431 399 550 459; x_wconf 70' lang='grc' dir='ltr'><strong>ιτιιιτιι</strong></span> <span class='ocrx_word' id='word_1_3' title='bbox 570 415 584 430; x_wconf 87' lang='grc'><em>·</em></span> <span class='ocrx_word' id='word_1_4' title='bbox 604 399 786 446; x_wconf 77' lang='lat' dir='ltr'><strong>runuweu</strong></span> <span class='ocrx_word' id='word_1_5' title='bbox 806 400 984 448; x_wconf 76' lang='lat' dir='ltr'><strong>urrunnu</strong></span> <span class='ocrx_word' id='word_1_6' title='bbox 1101 421 1108 438; x_wconf 85' lang='lat'><strong>·</strong></span> <span class='ocrx_word' id='word_1_7' title='bbox 1143 395 1202 448; x_wconf 77' lang='lat' dir='ltr'><strong>m</strong></span> 
     </span>
    </p>
   </div>
   <div class='ocr_carea' id='block_1_2' title="bbox 110 509 1274 3145">
    <p class='ocr_par' dir='ltr' id='par_1_2' title="bbox 110 509 1274 3145">
     <span class='ocr_line' id='line_1_2' title="bbox 123 509 1201 591; baseline 0.001 -18"><span class='ocrx_word' id='word_1_8' title='bbox 123 528 226 574; x_wconf 90' lang='lat' dir='ltr'><strong>corum</strong></span> <span class='ocrx_word' id='word_1_9' title='bbox 246 512 345 588; x_wconf 77' lang='lat' dir='ltr'><strong>generi</strong></span> <span class='ocrx_word' id='word_1_10' title='bbox 367 510 460 570; x_wconf 77' lang='lat' dir='ltr'><strong>eciem</strong></span> <span class='ocrx_word' id='word_1_11' title='bbox 479 509 581 570; x_wconf 80' lang='lat' dir='ltr'><strong>moui.</strong></span> <span class='ocrx_word' id='word_1_12' title='bbox 604 509 680 570; x_wconf 85' lang='lat' dir='ltr'><strong>Num</strong></span> <span class='ocrx_word' id='word_1_13' title='bbox 700 512 758 570; x_wconf 75' lang='lat' dir='ltr'><strong>cul</strong></span> <span class='ocrx_word' id='word_1_14' title='bbox 774 513 935 588; x_wconf 78' lang='lat' dir='ltr'><strong>gmerrum</strong></span> <span class='ocrx_word' id='word_1_15' title='bbox 953 511 1082 591; x_wconf 69' lang='lat' dir='ltr'><strong>meulugl</strong></span> <span class='ocrx_word' id='word_1_16' title='bbox 1100 515 1131 574; x_wconf 89' lang='lat' dir='ltr'><strong>iu</strong></span> <span class='ocrx_word' id='word_1_17' title='bbox 1151 529 1201 590; x_wconf 91' lang='lat' dir='ltr'><strong>po·</strong></span> 
     </span>
     <span class='ocr_line' id='line_1_3' title="bbox 125 607 1203 688; baseline 0.002 -18"><span class='ocrx_word' id='word_1_18' title='bbox 125 611 216 672; x_wconf 71' lang='lat' dir='ltr'><strong>sitire</strong></span> <span class='ocrx_word' id='word_1_19' title='bbox 237 610 460 669; x_wconf 82' lang='lat' dir='ltr'><strong>mneervetloue</strong></span> <span class='ocrx_word' id='word_1_20' title='bbox 475 607 660 668; x_wconf 76' lang='lat' dir='ltr'><strong>udetrueude</strong></span> <span class='ocrx_word' id='word_1_21' title='bbox 684 609 890 686; x_wconf 74' lang='lat' dir='ltr'><strong>consentiam,</strong></span> <span class='ocrx_word' id='word_1_22' title='bbox 908 625 1069 688; x_wconf 75' lang='lat' dir='ltr'><strong>omnesque</strong></span> <span class='ocrx_word' id='word_1_23' title='bbox 1093 613 1203 688; x_wconf 73' lang='lat' dir='ltr'><strong>edun,</strong></span> 
     </span>
     <span class='ocr_line' id='line_1_4' title="bbox 126 706 1201 788; baseline 0 -18"><span class='ocrx_word' id='word_1_24' title='bbox 126 725 188 770; x_wconf 88' lang='lat' dir='ltr'><strong>unu</strong></span> <span class='ocrx_word' id='word_1_25' title='bbox 207 714 331 784; x_wconf 81' lang='lat' dir='ltr'><strong>excepto</strong></span> <span class='ocrx_word' id='word_1_26' title='bbox 350 707 513 784; x_wconf 77' lang='lat' dir='ltr'><strong>uomodo,</strong></span> <span class='ocrx_word' id='word_1_27' title='bbox 533 721 708 768; x_wconf 74' lang='lat' dir='ltr'><strong>coneursum</strong></span> <span class='ocrx_word' id='word_1_28' title='bbox 729 706 782 767; x_wconf 87' lang='lat' dir='ltr'><strong>Dei</strong></span> <span class='ocrx_word' id='word_1_29' title='bbox 801 707 1002 786; x_wconf 74' lang='lat' dir='ltr'><strong>immcdlutum</strong></span> <span class='ocrx_word' id='word_1_30' title='bbox 1026 709 1201 788; x_wconf 75' lang='lat' dir='ltr'><strong>admittunt,</strong></span> 
     </span>
     <span class='ocr_line' id='line_1_5' title="bbox 126 805 1203 881; baseline 0.003 -14"><span class='ocrx_word' id='word_1_31' title='bbox 126 813 225 867; x_wconf 86' lang='lat' dir='ltr'><strong>tumen</strong></span> <span class='ocrx_word' id='word_1_32' title='bbox 245 822 305 865; x_wconf 89' lang='lat' dir='ltr'><strong>uon</strong></span> <span class='ocrx_word' id='word_1_33' title='bbox 325 821 430 865; x_wconf 81' lang='lat' dir='ltr'><strong>omues</strong></span> <span class='ocrx_word' id='word_1_34' title='bbox 451 807 482 864; x_wconf 93' lang='lat' dir='ltr'><strong>in</strong></span> <span class='ocrx_word' id='word_1_35' title='bbox 502 808 566 866; x_wconf 85' lang='lat' dir='ltr'><strong>elue</strong></span> <span class='ocrx_word' id='word_1_36' title='bbox 586 808 700 866; x_wconf 81' lang='lat' dir='ltr'><strong>mucce</strong></span> <span class='ocrx_word' id='word_1_37' title='bbox 718 805 894 881; x_wconf 69' lang='lat' dir='ltr'><strong>explicando</strong></span> <span class='ocrx_word' id='word_1_38' title='bbox 915 809 1105 868; x_wconf 80' lang='lat' dir='ltr'><strong>conveniunt.</strong></span> <span class='ocrx_word' id='word_1_39' title='bbox 1127 807 1203 870; x_wconf 86' lang='lat' dir='ltr'><strong>Sunt</strong></span> 
     </span>
     <span class='ocr_line' id='line_1_6' title="bbox 126 902 1203 982; baseline 0.001 -16"><span class='ocrx_word' id='word_1_40' title='bbox 126 906 205 966; x_wconf 85' lang='lat' dir='ltr'><strong>euim</strong></span> <span class='ocrx_word' id='word_1_41' title='bbox 225 906 278 980; x_wconf 81' lang='lat' dir='ltr'><strong>qul</strong></span> <span class='ocrx_word' id='word_1_42' title='bbox 297 902 444 963; x_wconf 83' lang='lat' dir='ltr'><strong>iuilnxum</strong></span> <span class='ocrx_word' id='word_1_43' title='bbox 465 903 519 964; x_wconf 83' lang='lat' dir='ltr'><strong>ilel</strong></span> <span class='ocrx_word' id='word_1_44' title='bbox 541 905 649 963; x_wconf 84' lang='lat' dir='ltr'><strong>uctloui</strong></span> <span class='ocrx_word' id='word_1_45' title='bbox 668 917 823 964; x_wconf 78' lang='lat' dir='ltr'><strong>cuneorum</strong></span> <span class='ocrx_word' id='word_1_46' title='bbox 843 907 958 980; x_wconf 87' lang='lat' dir='ltr'><strong>preelre</strong></span> <span class='ocrx_word' id='word_1_47' title='bbox 972 905 1093 982; x_wconf 85' lang='lat' dir='ltr'><strong>docent,</strong></span> <span class='ocrx_word' id='word_1_48' title='bbox 1108 906 1203 968; x_wconf 90' lang='lat' dir='ltr'><strong>ilium·</strong></span> 
     </span>
     <span class='ocr_line' id='line_1_7' title="bbox 126 1000 1203 1078; baseline 0.005 -17"><span class='ocrx_word' id='word_1_49' title='bbox 126 1017 184 1078; x_wconf 84' lang='lat' dir='ltr'><strong>que</strong></span> <span class='ocrx_word' id='word_1_50' title='bbox 205 1003 249 1061; x_wconf 86' lang='lat' dir='ltr'><strong>ilc</strong></span> <span class='ocrx_word' id='word_1_51' title='bbox 270 1016 289 1060; x_wconf 87' lang='lat' dir='ltr'><strong>u</strong></span> <span class='ocrx_word' id='word_1_52' title='bbox 311 1000 372 1070; x_wconf 80' lang='lat' dir='ltr'><strong>llec</strong></span> <span class='ocrx_word' id='word_1_53' title='bbox 395 1003 427 1060; x_wconf 91' lang='lat' dir='ltr'><strong>ln</strong></span> <span class='ocrx_word' id='word_1_54' title='bbox 450 1009 600 1062; x_wconf 81' lang='lat' dir='ltr'><strong>creeturee</strong></span> <span class='ocrx_word' id='word_1_55' title='bbox 622 1001 766 1078; x_wconf 78' lang='lat' dir='ltr'><strong>proticisci</strong></span> <span class='ocrx_word' id='word_1_56' title='bbox 793 1004 967 1078; x_wconf 83' lang='lat' dir='ltr'><strong>opinentur,</strong></span> <span class='ocrx_word' id='word_1_57' title='bbox 992 1009 1025 1064; x_wconf 89' lang='lat' dir='ltr'><strong>ut</strong></span> <span class='ocrx_word' id='word_1_58' title='bbox 1049 1005 1088 1064; x_wconf 81' lang='lat' dir='ltr'><strong>eil</strong></span> <span class='ocrx_word' id='word_1_59' title='bbox 1111 1004 1203 1066; x_wconf 79' lang='lat' dir='ltr'><strong>veluti</strong></span> 
     </span>
     <span class='ocr_line' id='line_1_8' title="bbox 127 1098 1203 1178; baseline 0.004 -20"><span class='ocrx_word' id='word_1_60' title='bbox 127 1099 372 1176; x_wconf 68' lang='lat' dir='ltr'><strong>complementum</strong></span> <span class='ocrx_word' id='word_1_61' title='bbox 386 1098 536 1160; x_wconf 83' lang='lat' dir='ltr'><strong>iecuitetle</strong></span> <span class='ocrx_word' id='word_1_62' title='bbox 548 1099 672 1177; x_wconf 77' lang='lat' dir='ltr'><strong>egendi,</strong></span> <span class='ocrx_word' id='word_1_63' title='bbox 686 1107 741 1160; x_wconf 86' lang='lat' dir='ltr'><strong>unt</strong></span> <span class='ocrx_word' id='word_1_64' title='bbox 754 1103 875 1176; x_wconf 76' lang='lat' dir='ltr'><strong>praevie</strong></span> <span class='ocrx_word' id='word_1_65' title='bbox 887 1101 1016 1160; x_wconf 85' lang='lat' dir='ltr'><strong>conditio</strong></span> <span class='ocrx_word' id='word_1_66' title='bbox 1029 1100 1067 1160; x_wconf 90' lang='lat' dir='ltr'><strong>ud</strong></span> <span class='ocrx_word' id='word_1_67' title='bbox 1083 1105 1203 1178; x_wconf 78' lang='lat' dir='ltr'><strong>operen-</strong></span> 
     </span>
     <span class='ocr_line' id='line_1_9' title="bbox 128 1196 1205 1276; baseline 0.004 -20"><span class='ocrx_word' id='word_1_68' title='bbox 128 1198 200 1257; x_wconf 87' lang='lat' dir='ltr'><strong>dum</strong></span> <span class='ocrx_word' id='word_1_69' title='bbox 220 1198 381 1274; x_wconf 74' lang='lat' dir='ltr'><strong>requisitu,</strong></span> <span class='ocrx_word' id='word_1_70' title='bbox 401 1211 477 1273; x_wconf 85' lang='lat' dir='ltr'><strong>quee</strong></span> <span class='ocrx_word' id='word_1_71' title='bbox 496 1212 601 1258; x_wconf 82' lang='lat' dir='ltr'><strong>cuuece</strong></span> <span class='ocrx_word' id='word_1_72' title='bbox 622 1200 666 1256; x_wconf 85' lang='lat' dir='ltr'><strong>sic</strong></span> <span class='ocrx_word' id='word_1_73' title='bbox 687 1196 879 1273; x_wconf 82' lang='lat' dir='ltr'><strong>determinet,</strong></span> <span class='ocrx_word' id='word_1_74' title='bbox 901 1205 1055 1258; x_wconf 83' lang='lat' dir='ltr'><strong>uteorum</strong></span> <span class='ocrx_word' id='word_1_75' title='bbox 1078 1203 1205 1276; x_wconf 76' lang='lat' dir='ltr'><strong>nequent</strong></span> 
     </span>
     <span class='ocr_line' id='line_1_10' title="bbox 127 1293 1204 1372; baseline 0.001 -16"><span class='ocrx_word' id='word_1_76' title='bbox 127 1311 187 1356; x_wconf 90' lang='lat' dir='ltr'><strong>nou</strong></span> <span class='ocrx_word' id='word_1_77' title='bbox 207 1297 290 1371; x_wconf 77' lang='lat' dir='ltr'><strong>ecqui</strong></span> <span class='ocrx_word' id='word_1_78' title='bbox 313 1296 401 1354; x_wconf 84' lang='lat' dir='ltr'><strong>ectio.</strong></span> <span class='ocrx_word' id='word_1_79' title='bbox 423 1294 463 1354; x_wconf 87' lang='lat' dir='ltr'><strong>lli</strong></span> <span class='ocrx_word' id='word_1_80' title='bbox 482 1294 640 1355; x_wconf 81' lang='lat' dir='ltr'><strong>dumtuxet</strong></span> <span class='ocrx_word' id='word_1_81' title='bbox 655 1293 993 1372; x_wconf 66' lang='lat' dir='ltr'><strong>praetermeantem</strong></span> <span class='ocrx_word' id='word_1_82' title='bbox 1013 1299 1131 1357; x_wconf 88' lang='lat' dir='ltr'><strong>ucmlue</strong></span> <span class='ocrx_word' id='word_1_83' title='bbox 1151 1297 1204 1358; x_wconf 91' lang='lat' dir='ltr'><strong>do·</strong></span> 
     </span>
     <span class='ocr_line' id='line_1_11' title="bbox 127 1392 1200 1471; baseline 0.004 -19"><span class='ocrx_word' id='word_1_84' title='bbox 127 1393 190 1452; x_wconf 84' lang='lat' dir='ltr'><strong>nuti</strong></span> <span class='ocrx_word' id='word_1_85' title='bbox 203 1399 285 1452; x_wconf 83' lang='lat' dir='ltr'><strong>eunt.</strong></span> <span class='ocrx_word' id='word_1_86' title='bbox 300 1392 341 1450; x_wconf 80' lang='lat' dir='ltr'><strong>At</strong></span> <span class='ocrx_word' id='word_1_87' title='bbox 353 1394 442 1452; x_wconf 85' lang='lat' dir='ltr'><strong>ceteri</strong></span> <span class='ocrx_word' id='word_1_88' title='bbox 456 1396 636 1470; x_wconf 82' lang='lat' dir='ltr'><strong>omuee‚qul</strong></span> <span class='ocrx_word' id='word_1_89' title='bbox 649 1409 825 1454; x_wconf 74' lang='lat' dir='ltr'><strong>concursum</strong></span> <span class='ocrx_word' id='word_1_90' title='bbox 839 1395 989 1471; x_wconf 77' lang='lat' dir='ltr'><strong>praevium</strong></span> <span class='ocrx_word' id='word_1_91' title='bbox 1004 1397 1111 1456; x_wconf 81' lang='lat' dir='ltr'><strong>mucci</strong></span> <span class='ocrx_word' id='word_1_92' title='bbox 1125 1411 1200 1458; x_wconf 82' lang='lat' dir='ltr'><strong>euru·</strong></span> 
     </span>
     <span class='ocr_line' id='line_1_12' title="bbox 110 1476 1202 1568; baseline 0.005 -18"><span class='ocrx_word' id='word_1_93' title='bbox 110 1476 186 1568; x_wconf 67' lang='lat' dir='ltr'><strong>&#39;qne</strong></span> <span class='ocrx_word' id='word_1_94' title='bbox 205 1493 326 1550; x_wconf 87' lang='lat' dir='ltr'><strong>omnino</strong></span> <span class='ocrx_word' id='word_1_95' title='bbox 341 1489 583 1551; x_wconf 70' lang='lat' dir='ltr'><strong>determinantem</strong></span> <span class='ocrx_word' id='word_1_96' title='bbox 597 1493 748 1568; x_wconf 85' lang='lat' dir='ltr'><strong>reiiclunt,</strong></span> <span class='ocrx_word' id='word_1_97' title='bbox 764 1493 816 1554; x_wconf 87' lang='lat' dir='ltr'><strong>eed</strong></span> <span class='ocrx_word' id='word_1_98' title='bbox 832 1493 1042 1554; x_wconf 66' lang='lat' dir='ltr'><strong>romuleorum</strong></span> <span class='ocrx_word' id='word_1_99' title='bbox 1060 1495 1103 1555; x_wconf 82' lang='lat' dir='ltr'><strong>sic</strong></span> <span class='ocrx_word' id='word_1_100' title='bbox 1119 1501 1202 1556; x_wconf 81' lang='lat' dir='ltr'><strong>tucn·</strong></span> 
     </span>
     <span class='ocr_line' id='line_1_13' title="bbox 128 1589 1203 1670; baseline 0.001 -19"><span class='ocrx_word' id='word_1_101' title='bbox 128 1595 195 1666; x_wconf 87' lang='lat' dir='ltr'><strong>tur,</strong></span> <span class='ocrx_word' id='word_1_102' title='bbox 209 1595 243 1650; x_wconf 91' lang='lat' dir='ltr'><strong>ut</strong></span> <span class='ocrx_word' id='word_1_103' title='bbox 260 1595 409 1650; x_wconf 73' lang='lat' dir='ltr'><strong>creaturae</strong></span> <span class='ocrx_word' id='word_1_104' title='bbox 429 1589 468 1650; x_wconf 89' lang='lat' dir='ltr'><strong>ud</strong></span> <span class='ocrx_word' id='word_1_105' title='bbox 484 1595 594 1650; x_wconf 88' lang='lat' dir='ltr'><strong>certem</strong></span> <span class='ocrx_word' id='word_1_106' title='bbox 614 1593 761 1651; x_wconf 81' lang='lat' dir='ltr'><strong>actionem</strong></span> <span class='ocrx_word' id='word_1_107' title='bbox 774 1607 832 1651; x_wconf 89' lang='lat' dir='ltr'><strong>non</strong></span> <span class='ocrx_word' id='word_1_108' title='bbox 847 1589 1020 1652; x_wconf 75' lang='lat' dir='ltr'><strong>determinet</strong></span> <span class='ocrx_word' id='word_1_109' title='bbox 1033 1591 1086 1654; x_wconf 85' lang='lat' dir='ltr'><strong>eed</strong></span> <span class='ocrx_word' id='word_1_110' title='bbox 1104 1595 1203 1670; x_wconf 84' lang='lat' dir='ltr'><strong>iuvet,</strong></span> 
     </span>
     <span class='ocr_line' id='line_1_14' title="bbox 128 1688 1204 1768; baseline 0.001 -19"><span class='ocrx_word' id='word_1_111' title='bbox 128 1703 165 1749; x_wconf 77' lang='lat' dir='ltr'><strong>ce</strong></span> <span class='ocrx_word' id='word_1_112' title='bbox 180 1693 269 1764; x_wconf 89' lang='lat' dir='ltr'><strong>prout</strong></span> <span class='ocrx_word' id='word_1_113' title='bbox 287 1703 389 1750; x_wconf 83' lang='lat' dir='ltr'><strong>oerum</strong></span> <span class='ocrx_word' id='word_1_114' title='bbox 407 1695 515 1749; x_wconf 72' lang='lat' dir='ltr'><strong>nature</strong></span> <span class='ocrx_word' id='word_1_115' title='bbox 531 1688 590 1750; x_wconf 83' lang='lat' dir='ltr'><strong>lert</strong></span> <span class='ocrx_word' id='word_1_116' title='bbox 606 1689 646 1750; x_wconf 88' lang='lat' dir='ltr'><strong>ud</strong></span> <span class='ocrx_word' id='word_1_117' title='bbox 661 1688 842 1766; x_wconf 76' lang='lat' dir='ltr'><strong>operandum</strong></span> <span class='ocrx_word' id='word_1_118' title='bbox 860 1689 1012 1768; x_wconf 80' lang='lat' dir='ltr'><strong>expediet3</strong></span> <span class='ocrx_word' id='word_1_119' title='bbox 1033 1705 1068 1751; x_wconf 90' lang='lat' dir='ltr'><strong>eo</strong></span> <span class='ocrx_word' id='word_1_120' title='bbox 1086 1693 1204 1752; x_wconf 80' lang='lat' dir='ltr'><strong>nominc</strong></span> 
     </span>
     <span class='ocr_line' id='line_1_15' title="bbox 127 1787 1205 1866; baseline 0.004 -20"><span class='ocrx_word' id='word_1_121' title='bbox 127 1788 264 1864; x_wconf 74' lang='lat' dir='ltr'><strong>iungelri</strong></span> <span class='ocrx_word' id='word_1_122' title='bbox 283 1793 442 1864; x_wconf 82' lang='lat' dir='ltr'><strong>nequeunt</strong></span> <span class='ocrx_word' id='word_1_123' title='bbox 464 1787 529 1848; x_wconf 80' lang='lat' dir='ltr'><strong>ileo</strong></span> <span class='ocrx_word' id='word_1_124' title='bbox 548 1787 803 1848; x_wconf 82' lang='lat' dir='ltr'><strong>enimeduereione</strong></span> <span class='ocrx_word' id='word_1_125' title='bbox 826 1790 1004 1866; x_wconf 79' lang='lat' dir='ltr'><strong>praemitur,</strong></span> <span class='ocrx_word' id='word_1_126' title='bbox 1025 1804 1101 1865; x_wconf 82' lang='lat' dir='ltr'><strong>quoe</strong></span> <span class='ocrx_word' id='word_1_127' title='bbox 1123 1790 1205 1850; x_wconf 82' lang='lat' dir='ltr'><strong>vuele</strong></span> 
     </span>
     <span class='ocr_line' id='line_1_16' title="bbox 127 1885 1202 1964; baseline 0.001 -17"><span class='ocrx_word' id='word_1_128' title='bbox 127 1900 256 1947; x_wconf 75' lang='lat' dir='ltr'><strong>errorem</strong></span> <span class='ocrx_word' id='word_1_129' title='bbox 276 1885 430 1962; x_wconf 84' lang='lat' dir='ltr'><strong>emendet,</strong></span> <span class='ocrx_word' id='word_1_130' title='bbox 450 1902 489 1948; x_wconf 89' lang='lat' dir='ltr'><strong>ne</strong></span> <span class='ocrx_word' id='word_1_131' title='bbox 508 1903 548 1946; x_wconf 75' lang='lat' dir='ltr'><strong>ex</strong></span> <span class='ocrx_word' id='word_1_132' title='bbox 568 1902 641 1946; x_wconf 80' lang='lat' dir='ltr'><strong>uoce</strong></span> <span class='ocrx_word' id='word_1_133' title='bbox 661 1889 691 1946; x_wconf 89' lang='lat' dir='ltr'><strong>ln</strong></span> <span class='ocrx_word' id='word_1_134' title='bbox 712 1903 774 1945; x_wconf 90' lang='lat' dir='ltr'><strong>rem</strong></span> <span class='ocrx_word' id='word_1_135' title='bbox 795 1888 889 1962; x_wconf 80' lang='lat' dir='ltr'><strong>ipsum</strong></span> <span class='ocrx_word' id='word_1_136' title='bbox 910 1889 1037 1964; x_wconf 87' lang='lat' dir='ltr'><strong>irreput;</strong></span> <span class='ocrx_word' id='word_1_137' title='bbox 1059 1887 1202 1962; x_wconf 76' lang='lat' dir='ltr'><strong>dicimus,</strong></span> 
     </span>
     <span class='ocr_line' id='line_1_17' title="bbox 129 1983 1204 2062; baseline 0.001 -18"><span class='ocrx_word' id='word_1_138' title='bbox 129 1999 306 2044; x_wconf 74' lang='lat' dir='ltr'><strong>domnum</strong></span> <span class='ocrx_word' id='word_1_139' title='bbox 318 1985 402 2046; x_wconf 82' lang='lat' dir='ltr'><strong>ilium</strong></span> <span class='ocrx_word' id='word_1_140' title='bbox 416 1987 567 2060; x_wconf 78' lang='lat' dir='ltr'><strong>praevium</strong></span> <span class='ocrx_word' id='word_1_141' title='bbox 579 2001 601 2044; x_wconf 82' lang='lat' dir='ltr'><strong>u</strong></span> <span class='ocrx_word' id='word_1_142' title='bbox 613 1983 954 2062; x_wconf 78' lang='lat' dir='ltr'><strong>praedeterminantidur</strong></span> <span class='ocrx_word' id='word_1_143' title='bbox 969 1983 1139 2062; x_wconf 86' lang='lat' dir='ltr'><strong>inductum,</strong></span> <span class='ocrx_word' id='word_1_144' title='bbox 1152 1985 1204 2061; x_wconf 83' lang='lat' dir='ltr'><strong>qui</strong></span> 
     </span>
     <span class='ocr_line' id='line_1_18' title="bbox 124 2079 1206 2159; baseline -0.004 -15"><span class='ocrx_word' id='word_1_145' title='bbox 124 2084 292 2158; x_wconf 68' lang='lat' dir='ltr'><strong>praenoto</strong></span> <span class='ocrx_word' id='word_1_146' title='bbox 305 2081 353 2141; x_wconf 86' lang='lat' dir='ltr'><strong>vei</strong></span> <span class='ocrx_word' id='word_1_147' title='bbox 366 2085 454 2142; x_wconf 79' lang='lat' dir='ltr'><strong>etlam</strong></span> <span class='ocrx_word' id='word_1_148' title='bbox 468 2081 754 2159; x_wconf 78' lang='lat' dir='ltr'><strong>praedeterminute&#39;o</strong></span> <span class='ocrx_word' id='word_1_149' title='bbox 771 2080 829 2140; x_wconf 93' lang='lat' dir='ltr'><strong>dici</strong></span> <span class='ocrx_word' id='word_1_150' title='bbox 848 2081 938 2155; x_wconf 81' lang='lat' dir='ltr'><strong>solet,</strong></span> <span class='ocrx_word' id='word_1_151' title='bbox 954 2079 1070 2140; x_wconf 78' lang='lat' dir='ltr'><strong>euobis</strong></span> <span class='ocrx_word' id='word_1_152' title='bbox 1082 2095 1142 2140; x_wconf 90' lang='lat' dir='ltr'><strong>uun</strong></span> <span class='ocrx_word' id='word_1_153' title='bbox 1155 2080 1206 2152; x_wconf 89' lang='lat' dir='ltr'><strong>ud·</strong></span> 
     </span>
     <span class='ocr_line' id='line_1_19' title="bbox 129 2179 1206 2257; baseline -0.002 -16"><span class='ocrx_word' id='word_1_154' title='bbox 129 2182 219 2249; x_wconf 84' lang='lat' dir='ltr'><strong>mitti.</strong></span> <span class='ocrx_word' id='word_1_155' title='bbox 240 2179 282 2241; x_wconf 85' lang='lat' dir='ltr'><strong>Ut</strong></span> <span class='ocrx_word' id='word_1_156' title='bbox 298 2182 377 2241; x_wconf 88' lang='lat' dir='ltr'><strong>enlm</strong></span> <span class='ocrx_word' id='word_1_157' title='bbox 395 2183 567 2241; x_wconf 76' lang='lat' dir='ltr'><strong>omittemus</strong></span> <span class='ocrx_word' id='word_1_158' title='bbox 585 2196 624 2241; x_wconf 86' lang='lat' dir='ltr'><strong>en</strong></span> <span class='ocrx_word' id='word_1_159' title='bbox 640 2195 709 2241; x_wconf 85' lang='lat' dir='ltr'><strong>cum</strong></span> <span class='ocrx_word' id='word_1_160' title='bbox 729 2179 862 2240; x_wconf 75' lang='lat' dir='ltr'><strong>libertate</strong></span> <span class='ocrx_word' id='word_1_161' title='bbox 881 2183 953 2240; x_wconf 82' lang='lat' dir='ltr'><strong>eutis</strong></span> <span class='ocrx_word' id='word_1_162' title='bbox 969 2179 1118 2239; x_wconf 83' lang='lat' dir='ltr'><strong>couciiluri</strong></span> <span class='ocrx_word' id='word_1_163' title='bbox 1137 2193 1206 2257; x_wconf 84' lang='lat' dir='ltr'><strong>pce·</strong></span> 
     </span>
     <span class='ocr_line' id='line_1_20' title="bbox 128 2278 1208 2355; baseline 0.002 -17"><span class='ocrx_word' id='word_1_164' title='bbox 128 2280 187 2355; x_wconf 83' lang='lat' dir='ltr'><strong>eit,</strong></span> <span class='ocrx_word' id='word_1_165' title='bbox 207 2279 246 2339; x_wconf 92' lang='lat' dir='ltr'><strong>de</strong></span> <span class='ocrx_word' id='word_1_166' title='bbox 266 2294 326 2355; x_wconf 87' lang='lat' dir='ltr'><strong>quo</strong></span> <span class='ocrx_word' id='word_1_167' title='bbox 345 2282 376 2337; x_wconf 92' lang='lat' dir='ltr'><strong>iu</strong></span> <span class='ocrx_word' id='word_1_168' title='bbox 400 2286 555 2355; x_wconf 84' lang='lat' dir='ltr'><strong>utrumque</strong></span> <span class='ocrx_word' id='word_1_169' title='bbox 573 2286 686 2354; x_wconf 86' lang='lat' dir='ltr'><strong>purtem</strong></span> <span class='ocrx_word' id='word_1_170' title='bbox 706 2278 848 2355; x_wconf 74' lang='lat' dir='ltr'><strong>Theologi</strong></span> <span class='ocrx_word' id='word_1_171' title='bbox 868 2278 1036 2355; x_wconf 85' lang='lat' dir='ltr'><strong>dieputunt,</strong></span> <span class='ocrx_word' id='word_1_172' title='bbox 1057 2285 1136 2339; x_wconf 87' lang='lat' dir='ltr'><strong>certe</strong></span> <span class='ocrx_word' id='word_1_173' title='bbox 1152 2292 1208 2341; x_wconf 54' lang='lat' dir='ltr'><strong>eus</strong></span> 
     </span>
     <span class='ocr_line' id='line_1_21' title="bbox 129 2375 1274 2453; baseline 0.002 -18"><span class='ocrx_word' id='word_1_174' title='bbox 129 2392 328 2453; x_wconf 72' lang='lat' dir='ltr'><strong>pervademus</strong></span> <span class='ocrx_word' id='word_1_175' title='bbox 350 2377 436 2438; x_wconf 81' lang='lat' dir='ltr'><strong>nobie</strong></span> <span class='ocrx_word' id='word_1_176' title='bbox 462 2375 599 2453; x_wconf 60' lang='lat' dir='ltr'><strong>videtum</strong></span> <span class='ocrx_word' id='word_1_177' title='bbox 626 2377 768 2453; x_wconf 80' lang='lat' dir='ltr'><strong>elqdldem</strong></span> <span class='ocrx_word' id='word_1_178' title='bbox 797 2378 940 2437; x_wconf 79' lang='lat' dir='ltr'><strong>actionem</strong></span> <span class='ocrx_word' id='word_1_179' title='bbox 967 2376 1151 2452; x_wconf 83' lang='lat' dir='ltr'><strong>praecederet</strong></span> <span class='ocrx_word' id='word_1_180' title='bbox 1170 2392 1205 2437; x_wconf 88' lang='lat' dir='ltr'><strong>uc</strong></span> <span class='ocrx_word' id='word_1_181' title='bbox 1270 2377 1274 2387; x_wconf 92' lang='lat'>&#39;</span> 
     </span>
     <span class='ocr_line' id='line_1_22' title="bbox 129 2462 1204 2552; baseline 0 -17"><span class='ocrx_word' id='word_1_182' title='bbox 129 2475 252 2551; x_wconf 62' lang='lat' dir='ltr'><strong>proim</strong></span> <span class='ocrx_word' id='word_1_183' title='bbox 272 2492 382 2537; x_wconf 83' lang='lat' dir='ltr'><strong>novum</strong></span> <span class='ocrx_word' id='word_1_184' title='bbox 405 2462 580 2536; x_wconf 69' lang='lat' dir='ltr'><strong>concursum</strong></span> <span class='ocrx_word' id='word_1_185' title='bbox 605 2478 770 2552; x_wconf 81' lang='lat' dir='ltr'><strong>exquireret</strong></span> <span class='ocrx_word' id='word_1_186' title='bbox 792 2474 1018 2549; x_wconf 73' lang='lat' dir='ltr'><strong>cincinorum,</strong></span> <span class='ocrx_word' id='word_1_187' title='bbox 1040 2476 1091 2551; x_wconf 83' lang='lat' dir='ltr'><strong>qui</strong></span> <span class='ocrx_word' id='word_1_188' title='bbox 1114 2476 1204 2535; x_wconf 85' lang='lat' dir='ltr'><strong>ectio-</strong></span> 
     </span>
     <span class='ocr_line' id='line_1_23' title="bbox 128 2564 1205 2650; baseline -0.002 -15"><span class='ocrx_word' id='word_1_189' title='bbox 128 2590 197 2635; x_wconf 87' lang='lat' dir='ltr'><strong>nem</strong></span> <span class='ocrx_word' id='word_1_190' title='bbox 213 2576 308 2650; x_wconf 84' lang='lat' dir='ltr'><strong>ipcum</strong></span> <span class='ocrx_word' id='word_1_191' title='bbox 322 2577 523 2635; x_wconf 70' lang='lat' dir='ltr'><strong>comitteretur.</strong></span> <span class='ocrx_word' id='word_1_192' title='bbox 541 2574 586 2634; x_wconf 89' lang='lat' dir='ltr'><strong>Ne</strong></span> <span class='ocrx_word' id='word_1_193' title='bbox 598 2576 690 2650; x_wconf 83' lang='lat' dir='ltr'><strong>igitur</strong></span> <span class='ocrx_word' id='word_1_194' title='bbox 701 2564 805 2633; x_wconf 75' lang='lat' dir='ltr'><strong>sellem</strong></span> <span class='ocrx_word' id='word_1_195' title='bbox 823 2573 955 2648; x_wconf 77' lang='lat' dir='ltr'><strong>inutilia,</strong></span> <span class='ocrx_word' id='word_1_196' title='bbox 970 2576 1034 2631; x_wconf 87' lang='lat' dir='ltr'><strong>siue</strong></span> <span class='ocrx_word' id='word_1_197' title='bbox 1048 2570 1205 2633; x_wconf 78' lang='lat' dir='ltr'><strong>minuenti</strong></span> 
     </span>
     <span class='ocr_line' id='line_1_24' title="bbox 130 2670 1205 2749; baseline -0.001 -18"><span class='ocrx_word' id='word_1_198' title='bbox 130 2674 260 2748; x_wconf 85' lang='lat' dir='ltr'><strong>retioue,</strong></span> <span class='ocrx_word' id='word_1_199' title='bbox 272 2672 483 2749; x_wconf 66' lang='lat' dir='ltr'><strong>obtundentem</strong></span> <span class='ocrx_word' id='word_1_200' title='bbox 499 2674 657 2731; x_wconf 86' lang='lat' dir='ltr'><strong>motionem</strong></span> <span class='ocrx_word' id='word_1_201' title='bbox 671 2688 787 2731; x_wconf 88' lang='lat' dir='ltr'><strong>omnem</strong></span> <span class='ocrx_word' id='word_1_202' title='bbox 802 2672 951 2746; x_wconf 76' lang='lat' dir='ltr'><strong>praevium</strong></span> <span class='ocrx_word' id='word_1_203' title='bbox 965 2677 995 2729; x_wconf 90' lang='lat' dir='ltr'><strong>et</strong></span> <span class='ocrx_word' id='word_1_204' title='bbox 1008 2670 1205 2731; x_wconf 80' lang='lat' dir='ltr'><strong>determinen-</strong></span> 
     </span>
     <span class='ocr_line' id='line_1_25' title="bbox 129 2767 1206 2846; baseline -0.002 -15"><span class='ocrx_word' id='word_1_205' title='bbox 129 2779 189 2839; x_wconf 85' lang='lat' dir='ltr'><strong>tem</strong></span> <span class='ocrx_word' id='word_1_206' title='bbox 210 2773 379 2846; x_wconf 78' lang='lat' dir='ltr'><strong>relicturus,</strong></span> <span class='ocrx_word' id='word_1_207' title='bbox 391 2773 471 2831; x_wconf 54' lang='lat' dir='ltr'><strong>et&#39;io</strong></span> <span class='ocrx_word' id='word_1_208' title='bbox 489 2772 552 2831; x_wconf 81' lang='lat' dir='ltr'><strong>eolo</strong></span> <span class='ocrx_word' id='word_1_209' title='bbox 567 2787 712 2831; x_wconf 79' lang='lat' dir='ltr'><strong>concursu</strong></span> <span class='ocrx_word' id='word_1_210' title='bbox 729 2770 903 2831; x_wconf 84' lang='lat' dir='ltr'><strong>etmulteueo</strong></span> <span class='ocrx_word' id='word_1_211' title='bbox 922 2776 953 2828; x_wconf 86' lang='lat' dir='ltr'><strong>et</strong></span> <span class='ocrx_word' id='word_1_212' title='bbox 971 2767 1151 2829; x_wconf 86' lang='lat' dir='ltr'><strong>lndlilerentl</strong></span> <span class='ocrx_word' id='word_1_213' title='bbox 1165 2770 1206 2830; x_wconf 78' lang='lat' dir='ltr'><strong>ei·</strong></span> 
     </span>
     <span class='ocr_line' id='line_1_26' title="bbox 128 2847 1235 2945; baseline -0.001 -15"><span class='ocrx_word' id='word_1_214' title='bbox 128 2873 247 2930; x_wconf 59' lang='lat' dir='ltr'><strong>mmor.</strong></span> <span class='ocrx_word' id='word_1_215' title='bbox 269 2870 326 2929; x_wconf 86' lang='lat' dir='ltr'><strong>illu</strong></span> <span class='ocrx_word' id='word_1_216' title='bbox 345 2871 424 2929; x_wconf 89' lang='lat' dir='ltr'><strong>euim</strong></span> <span class='ocrx_word' id='word_1_217' title='bbox 444 2871 518 2929; x_wconf 82' lang='lat' dir='ltr'><strong>setis</strong></span> <span class='ocrx_word' id='word_1_218' title='bbox 540 2884 686 2945; x_wconf 86' lang='lat' dir='ltr'><strong>euperque</strong></span> <span class='ocrx_word' id='word_1_219' title='bbox 706 2876 751 2929; x_wconf 80' lang='lat' dir='ltr'><strong>eet</strong></span> <span class='ocrx_word' id='word_1_220' title='bbox 771 2866 809 2927; x_wconf 85' lang='lat' dir='ltr'><strong>ud</strong></span> <span class='ocrx_word' id='word_1_221' title='bbox 828 2866 1035 2944; x_wconf 76' lang='lat' dir='ltr'><strong>explicandum</strong></span> <span class='ocrx_word' id='word_1_222' title='bbox 1059 2866 1207 2943; x_wconf 77' lang='lat' dir='ltr'><strong>quomode</strong></span> <span class='ocrx_word' id='word_1_223' title='bbox 1227 2847 1235 2867; x_wconf 62' lang='lat'>⁸</span> 
     </span>
     <span class='ocr_line' id='line_1_27' title="bbox 129 2967 1206 3045; baseline -0.002 -18"><span class='ocrx_word' id='word_1_224' title='bbox 129 2974 227 3029; x_wconf 84' lang='lat' dir='ltr'><strong>creole</strong></span> <span class='ocrx_word' id='word_1_225' title='bbox 241 2967 439 3043; x_wconf 80' lang='lat' dir='ltr'><strong>lucullus‚etei</strong></span> <span class='ocrx_word' id='word_1_226' title='bbox 453 2968 550 3028; x_wconf 87' lang='lat' dir='ltr'><strong>edhuu</strong></span> <span class='ocrx_word' id='word_1_227' title='bbox 565 2968 741 3045; x_wconf 79' lang='lat' dir='ltr'><strong>perficienda</strong></span> <span class='ocrx_word' id='word_1_228' title='bbox 755 2970 794 3027; x_wconf 80' lang='lat' dir='ltr'><strong>ult</strong></span> <span class='ocrx_word' id='word_1_229' title='bbox 807 2982 858 3043; x_wconf 92' lang='lat' dir='ltr'><strong>per</strong></span> <span class='ocrx_word' id='word_1_230' title='bbox 872 2972 984 3043; x_wconf 85' lang='lat' dir='ltr'><strong>ectum,</strong></span> <span class='ocrx_word' id='word_1_231' title='bbox 994 2972 1092 3026; x_wconf 86' lang='lat' dir='ltr'><strong>temen</strong></span> <span class='ocrx_word' id='word_1_232' title='bbox 1107 2972 1206 3029; x_wconf 84' lang='lat' dir='ltr'><strong>ectum</strong></span> 
     </span>
     <span class='ocr_line' id='line_1_28' title="bbox 129 3066 686 3145; baseline 0.002 -21"><span class='ocrx_word' id='word_1_233' title='bbox 129 3067 276 3145; x_wconf 85' lang='lat' dir='ltr'><strong>emittere,</strong></span> <span class='ocrx_word' id='word_1_234' title='bbox 297 3066 360 3126; x_wconf 87' lang='lat' dir='ltr'><strong>Deo</strong></span> <span class='ocrx_word' id='word_1_235' title='bbox 379 3067 561 3143; x_wconf 75' lang='lat' dir='ltr'><strong>opitulante,</strong></span> <span class='ocrx_word' id='word_1_236' title='bbox 583 3068 686 3143; x_wconf 84' lang='lat' dir='ltr'><strong>possit.</strong></span> 
     </span>
    </p>
   </div>
   <div class='ocr_carea' id='block_1_3' title="bbox 478 3214 858 3287">
    <p class='ocr_par' dir='ltr' id='par_1_3' title="bbox 478 3214 858 3287">
     <span class='ocr_line' id='line_1_29' title="bbox 478 3214 858 3287; baseline -0.011 -13"><span class='ocrx_word' id='word_1_237' title='bbox 478 3216 637 3274; x_wconf 76' lang='lat' dir='ltr'><strong>Solvuntur</strong></span> <span class='ocrx_word' id='word_1_238' title='bbox 655 3214 858 3287; x_wconf 63' lang='lat' dir='ltr'><strong>dffdcuiiclee.</strong></span> 
     </span>
    </p>
   </div>
   <div class='ocr_carea' id='block_1_4' title="bbox 128 3356 1209 4023">
    <p class='ocr_par' dir='ltr' id='par_1_4' title="bbox 128 3356 1207 3536">
     <span class='ocr_line' id='line_1_30' title="bbox 193 3356 1207 3440; baseline -0.002 -19"><span class='ocrx_word' id='word_1_239' title='bbox 193 3370 261 3422; x_wconf 78' lang='lat' dir='ltr'><strong>itt.</strong></span> <span class='ocrx_word' id='word_1_240' title='bbox 284 3361 325 3422; x_wconf 83' lang='lat' dir='ltr'><strong>At</strong></span> <span class='ocrx_word' id='word_1_241' title='bbox 342 3362 379 3422; x_wconf 84' lang='lat' dir='ltr'><strong>ud</strong></span> <span class='ocrx_word' id='word_1_242' title='bbox 392 3362 473 3423; x_wconf 90' lang='lat' dir='ltr'><strong>hunc</strong></span> <span class='ocrx_word' id='word_1_243' title='bbox 487 3378 604 3440; x_wconf 86' lang='lat' dir='ltr'><strong>qnoque</strong></span> <span class='ocrx_word' id='word_1_244' title='bbox 618 3362 826 3421; x_wconf 83' lang='lat' dir='ltr'><strong>eimuituneum</strong></span> <span class='ocrx_word' id='word_1_245' title='bbox 845 3374 1021 3420; x_wconf 79' lang='lat' dir='ltr'><strong>concursum</strong></span> <span class='ocrx_word' id='word_1_246' title='bbox 1040 3356 1207 3434; x_wconf 87' lang='lat' dir='ltr'><strong>peliendnm</strong></span> 
     </span>
     <span class='ocr_line' id='line_1_31' title="bbox 128 3458 944 3536; baseline -0.002 -19"><span class='ocrx_word' id='word_1_247' title='bbox 128 3477 149 3517; x_wconf 89' lang='lat' dir='ltr'><strong>e</strong></span> <span class='ocrx_word' id='word_1_248' title='bbox 166 3460 281 3534; x_wconf 84' lang='lat' dir='ltr'><strong>medlo,</strong></span> <span class='ocrx_word' id='word_1_249' title='bbox 303 3460 377 3521; x_wconf 86' lang='lat' dir='ltr'><strong>hece</strong></span> <span class='ocrx_word' id='word_1_250' title='bbox 395 3461 582 3536; x_wconf 83' lang='lat' dir='ltr'><strong>potissimum</strong></span> <span class='ocrx_word' id='word_1_251' title='bbox 600 3465 754 3535; x_wconf 89' lang='lat' dir='ltr'><strong>opponunt</strong></span> <span class='ocrx_word' id='word_1_252' title='bbox 774 3458 944 3517; x_wconf 79' lang='lat' dir='ltr'><strong>adversarii.</strong></span> 
     </span>
    </p>

    <p class='ocr_par' dir='ltr' id='par_1_5' title="bbox 128 3555 1209 3931">
     <span class='ocr_line' id='line_1_32' title="bbox 190 3555 1207 3633; baseline -0.002 -16"><span class='ocrx_word' id='word_1_253' title='bbox 190 3558 216 3617; x_wconf 88' lang='lat'><strong>1.</strong></span> <span class='ocrx_word' id='word_1_254' title='bbox 237 3558 349 3619; x_wconf 73' lang='lat' dir='ltr'><strong>Cenem</strong></span> <span class='ocrx_word' id='word_1_255' title='bbox 362 3564 477 3618; x_wconf 81' lang='lat' dir='ltr'><strong>creelee</strong></span> <span class='ocrx_word' id='word_1_256' title='bbox 494 3560 567 3617; x_wconf 84' lang='lat' dir='ltr'><strong>cotie</strong></span> <span class='ocrx_word' id='word_1_257' title='bbox 585 3573 729 3633; x_wconf 85' lang='lat' dir='ltr'><strong>superque</strong></span> <span class='ocrx_word' id='word_1_258' title='bbox 747 3572 783 3616; x_wconf 84' lang='lat' dir='ltr'><strong>ex</strong></span> <span class='ocrx_word' id='word_1_259' title='bbox 796 3556 859 3615; x_wconf 84' lang='lat' dir='ltr'><strong>ileo</strong></span> <span class='ocrx_word' id='word_1_260' title='bbox 879 3555 1004 3632; x_wconf 85' lang='lat' dir='ltr'><strong>pendere</strong></span> <span class='ocrx_word' id='word_1_261' title='bbox 1023 3558 1207 3633; x_wconf 75' lang='lat' dir='ltr'><strong>cogitentur,</strong></span> 
     </span>
     <span class='ocr_line' id='line_1_33' title="bbox 128 3652 1209 3731; baseline -0.006 -16"><span class='ocrx_word' id='word_1_262' title='bbox 128 3657 154 3715; x_wconf 85' lang='lat' dir='ltr'><strong>el</strong></span> <span class='ocrx_word' id='word_1_263' title='bbox 179 3652 219 3715; x_wconf 86' lang='lat' dir='ltr'><strong>ub</strong></span> <span class='ocrx_word' id='word_1_264' title='bbox 242 3658 308 3731; x_wconf 85' lang='lat' dir='ltr'><strong>lpeo</strong></span> <span class='ocrx_word' id='word_1_265' title='bbox 333 3656 519 3716; x_wconf 76' lang='lat' dir='ltr'><strong>existentiam</strong></span> <span class='ocrx_word' id='word_1_266' title='bbox 544 3662 575 3714; x_wconf 89' lang='lat' dir='ltr'><strong>ct</strong></span> <span class='ocrx_word' id='word_1_267' title='bbox 602 3658 663 3713; x_wconf 82' lang='lat' dir='ltr'><strong>uim</strong></span> <span class='ocrx_word' id='word_1_268' title='bbox 688 3652 795 3731; x_wconf 80' lang='lat' dir='ltr'><strong>egendi</strong></span> <span class='ocrx_word' id='word_1_269' title='bbox 826 3654 1009 3728; x_wconf 83' lang='lat' dir='ltr'><strong>suscipient,</strong></span> <span class='ocrx_word' id='word_1_270' title='bbox 1035 3654 1108 3729; x_wconf 87' lang='lat' dir='ltr'><strong>quio</strong></span> <span class='ocrx_word' id='word_1_271' title='bbox 1131 3666 1209 3711; x_wconf 89' lang='lat' dir='ltr'><strong>novo</strong></span> 
     </span>
     <span class='ocr_line' id='line_1_34' title="bbox 128 3748 1209 3830; baseline -0.005 -17"><span class='ocrx_word' id='word_1_272' title='bbox 128 3759 235 3830; x_wconf 71' lang='lat' dir='ltr'><strong>egeant</strong></span> <span class='ocrx_word' id='word_1_273' title='bbox 256 3754 295 3815; x_wconf 81' lang='lat' dir='ltr'><strong>ud</strong></span> <span class='ocrx_word' id='word_1_274' title='bbox 316 3753 497 3830; x_wconf 75' lang='lat' dir='ltr'><strong>operandum</strong></span> <span class='ocrx_word' id='word_1_275' title='bbox 520 3751 648 3813; x_wconf 76' lang='lat' dir='ltr'><strong>influxu.</strong></span> <span class='ocrx_word' id='word_1_276' title='bbox 670 3752 747 3830; x_wconf 79' lang='lat' dir='ltr'><strong>Ergo</strong></span> <span class='ocrx_word' id='word_1_277' title='bbox 770 3766 929 3811; x_wconf 80' lang='lat' dir='ltr'><strong>concursus</strong></span> <span class='ocrx_word' id='word_1_278' title='bbox 954 3750 1001 3810; x_wconf 87' lang='lat' dir='ltr'><strong>hle</strong></span> <span class='ocrx_word' id='word_1_279' title='bbox 1015 3748 1209 3809; x_wconf 76' lang='lat' dir='ltr'><strong>&#39;immediatus</strong></span> 
     </span>
     <span class='ocr_line' id='line_1_35' title="bbox 128 3852 879 3931; baseline 0 -22"><span class='ocrx_word' id='word_1_280' title='bbox 128 3853 251 3911; x_wconf 82' lang='lat' dir='ltr'><strong>omnino</strong></span> <span class='ocrx_word' id='word_1_281' title='bbox 271 3852 427 3913; x_wconf 74' lang='lat' dir='ltr'><strong>redundet.</strong></span> <span class='ocrx_word' id='word_1_282' title='bbox 875 3924 879 3931; x_wconf 25' lang='grc' dir='ltr'>Ι</span> 
     </span>
    </p>

    <p class='ocr_par' dir='ltr' id='par_1_6' title="bbox 189 3944 1209 4023">
     <span class='ocr_line' id='line_1_36' title="bbox 189 3944 1209 4023; baseline -0.006 -12"><span class='ocrx_word' id='word_1_283' title='bbox 189 3950 231 4011; x_wconf 89' lang='lat'><strong>11.</strong></span> <span class='ocrx_word' id='word_1_284' title='bbox 253 3951 382 4012; x_wconf 78' lang='lat' dir='ltr'><strong>sillem</strong></span> <span class='ocrx_word' id='word_1_285' title='bbox 401 3954 433 4011; x_wconf 91' lang='lat' dir='ltr'><strong>iu</strong></span> <span class='ocrx_word' id='word_1_286' title='bbox 450 3954 581 4012; x_wconf 77' lang='lat' dir='ltr'><strong>notiones</strong></span> <span class='ocrx_word' id='word_1_287' title='bbox 599 3956 803 4011; x_wconf 84' lang='lat' dir='ltr'><strong>creutnrerum</strong></span> <span class='ocrx_word' id='word_1_288' title='bbox 825 3947 976 4023; x_wconf 85' lang='lat' dir='ltr'><strong>influeret,</strong></span> <span class='ocrx_word' id='word_1_289' title='bbox 990 3944 1047 4005; x_wconf 83' lang='lat' dir='ltr'><strong>ime</strong></span> <span class='ocrx_word' id='word_1_290' title='bbox 1064 3944 1209 4005; x_wconf 84' lang='lat' dir='ltr'><strong>uctlonem</strong></span> 
     </span>
    </p>
   </div>
   <div class='ocr_carea' id='block_1_5' title="bbox 129 4036 1087 4127">
    <p class='ocr_par' dir='ltr' id='par_1_7' title="bbox 129 4036 1087 4127">
     <span class='ocr_line' id='line_1_37' title="bbox 129 4036 1087 4127; baseline -0.009 -15"><span class='ocrx_word' id='word_1_291' title='bbox 129 4050 291 4127; x_wconf 83' lang='lat' dir='ltr'><strong>reciperent</strong></span> <span class='ocrx_word' id='word_1_292' title='bbox 310 4066 371 4109; x_wconf 91' lang='lat' dir='ltr'><strong>non</strong></span> <span class='ocrx_word' id='word_1_293' title='bbox 389 4048 536 4109; x_wconf 88' lang='lat' dir='ltr'><strong>elicerent.</strong></span> <span class='ocrx_word' id='word_1_294' title='bbox 560 4050 719 4109; x_wconf 73' lang='lat' dir='ltr'><strong>letivitute</strong></span> <span class='ocrx_word' id='word_1_295' title='bbox 741 4050 830 4126; x_wconf 82' lang='lat' dir='ltr'><strong>igitur</strong></span> <span class='ocrx_word' id='word_1_296' title='bbox 848 4036 1087 4107; x_wconf 71' lang='lat' dir='ltr'><strong>destituerentur.</strong></span> 
     </span>
    </p>
   </div>
   <div class='ocr_carea' id='block_1_6' title="bbox 0 0 1458 4425">
    <p class='ocr_par' dir='ltr' id='par_1_8' title="bbox 0 0 1458 4425">
     <span class='ocr_line' id='line_1_38' title="bbox 0 0 1458 4425; baseline 0 0"><span class='ocrx_word' id='word_1_297' title='bbox 0 0 1458 4425; x_wconf 95' lang='lat' dir='ltr'><strong> </strong></span> 
     </span>
    </p>
   </div>
  </div>
 </body>
</html>
