2892 4425
565 353 643 401 ΡΑΙΙ
662 355 780 402 Alaun
1150 351 1204 402 m

135 469 222 530 linit:
253 468 345 527 animi
373 465 414 527 aul
435 465 510 526 nihil
537 465 751 528 multandum
775 465 1017 545 dispositurus,
1051 474 1146 530 ortatu
1168 469 1207 530 oh

134 568 269 626 examine
288 563 553 641 laetioremque
570 565 610 626 al
629 564 828 644 aiunpenosm
849 568 1002 626 veritatem
1020 566 1160 628 hahsmm
1177 574 1208 630 st

133 681 171 726 ex
190 679 251 742 quo
265 665 410 740 quispiam
430 663 469 724 ad
481 663 559 724 hano
579 663 716 726 dormiat
734 665 912 726 illationem:
930 663 1011 726 astitit
1024 681 1112 744 putre
1127 671 1208 728 aerio

133 765 270 840 eaproter·
289 765 312 822 ¹.
333 762 478 822 Posterior
495 762 557 838 hle,
578 769 613 822 ut
634 762 729 840 rides,
748 763 787 823 ad
803 763 991 840 philosophos
1011 766 1154 843 pertinet3
1169 765 1208 826 (le

7 914 12 927 .
133 877 194 938 quo
210 865 362 936 propterea
382 860 515 920 nonnihil
535 861 689 938 effingam.

193 957 310 1017 Primus
322 959 421 1034 itaque
434 958 686 1036 philosophorum,
699 960 751 1035 qul
765 960 983 1034 soeptlcismnm
1000 961 1128 1036 apertius
1140 977 1206 1038 pro·

134 1055 230 1115 lessus
247 1060 304 1131 ost,
325 1055 443 1132 Pyrrho
465 1055 588 1116 hahetur
610 1059 634 1132 ²,
658 1073 697 1116 ex
715 1072 775 1133 quo
796 1055 999 1134 puetarum
1020 1057 1139 1118 (luctum
1163 1065 1208 1118 est

133 1169 252 1212 nomen.
279 1151 321 1212 ir
336 1155 469 1212 omnlum
490 1155 617 1214 maxime
636 1156 829 1230 soephoorom
849 1170 968 1226 epusum
988 1155 1147 1216 monotheo
1171 1155 1206 1234 (al

133 1253 176 1310 lio
192 1251 273 1326 ioqui
288 1250 334 1310 ias
357 1252 410 1328 est)
429 1257 572 1326 apparatu
590 1255 652 1329 epit
669 1255 745 1312 inter
763 1259 873 1314 veteres
892 1247 998 1314 Sextus
1015 1261 1207 1332 cognomento

134 1347 310 1424 hhnpiricos,
328 1350 404 1408 inter
422 1343 596 1410 reo'entloras
616 1365 686 1410 vero
702 1349 835 1428 Rupilius,
860 1354 912 1428 qui
930 1351 1044 1427 prolixe
1063 1351 1208 1414 Manem

7 1504 11 1522 ‚
133 1452 179 1507 est
199 1463 219 1508 a
242 1449 370 1526 eruam,
396 1464 464 1510 cam
489 1449 591 1509 Petrus
613 1449 652 1510 ‹ie
672 1448 860 1528 villemandy
885 1448 1006 1512 Sextum
1029 1449 1208 1527 limplrlcum

134 1545 267 1622 aliosque
294 1548 431 1623 antiquos
456 1547 662 1625 pyrrhonlstas
685 1551 843 1624 sumpserit
869 1549 1052 1610 refellendos.
1081 1551 1139 1624 Qut
1165 1566 1209 1612 se·
1269 1553 1271 1560 '

133 1646 218 1720 qunti
235 1652 306 1705 suni
323 1647 455 1723 sceptici,
473 1644 506 1705 hl
525 1645 661 1706 hilariam
677 1646 860 1708 dividuntur.
880 1647 940 1707 illll
960 1651 1037 1706 enim
1061 1647 1099 1708 ‹le
1113 1649 1207 1709 omni·

7 1790 8 1793 ,
132 1741 189 1802 hus
203 1730 324 1802 omuino
340 1743 534 1804 dubitandum
554 1760 618 1806 esse
638 1745 814 1821 voluerunt;
841 1745 891 1806 elii
914 1751 1011 1806 numm
1039 1745 1083 1806 vei
1111 1747 1151 1808 tle
1165 1763 1208 1807 rc·

133 1839 189 1900 hus
206 1845 323 1900 tantum
345 1857 432 1902 sensu
450 1847 612 1919 perceptis,
636 1843 684 1902 uel
710 1842 748 1902 ‹le
767 1842 840 1903 solis
858 1843 978 1905 ohlaohs
1003 1843 1207 1922 naturalibus,

133 1936 261 1998 exclusis
282 1940 340 2014 lis,
362 1956 438 2016 quoe
459 1940 561 2000 divina
580 1943 752 2002 auctoritato
773 1941 939 2002 firmantur.
961 1941 1025 2020 Age
1049 1959 1117 2002 vero
1136 1943 1229 2026 quio,

80 2036 85 2047 '
131 2035 170 2096 de
188 2036 309 2112 oapitnli
324 2036 382 2098 hro
404 2037 604 2115 philosophiae
623 2038 704 2116 laha,
724 2055 790 2100 meo
813 2039 942 2116 iudicio,
966 2040 1150 2102 renuendum
1168 2043 1210 2102 sit

133 2135 438 2226 mmumaperum.
800 2163 806 2172 ·
868 2199 872 2206 .

194 2242 246 2293 80.
268 2232 313 2295 hc
331 2237 475 2316 principio
485 2237 602 2313 quidem
621 2239 668 2297 aio
681 2238 841 2314 perlectum
857 2240 1072 2313 soeptlelsmam
1086 2254 1123 2297 ex
1138 2252 1211 2298 uera¹

134 2334 226 2393 animi
244 2337 388 2393 sententia
405 2336 585 2395 chimaeram
601 2352 677 2413 esse,
700 2343 752 2396 out
771 2342 848 2395 certe
868 2334 1014 2395 delirium.
1037 2336 1114 2395 Fieri
1129 2338 1207 2397 enlm

132 2434 236 2509 nequit
258 2436 396 2510 niquis,
419 2435 491 2494 dum
516 2437 623 2495 mantis
640 2441 692 2496 >aet
713 2450 853 2511 compos,
878 2433 915 2492 da
936 2433 1073 2493 omnihus
1096 2436 1209 2493 uocare

133 2530 257 2589 dubitet.
278 2530 352 2591 Cum
376 2533 454 2591 enlm
474 2532 512 2592 nd
532 2532 666 2608 obiecta,
689 2546 765 2608 quae
787 2538 839 2591 aut
860 2530 1028 2590 immediate
1049 2530 1087 2590 ah
1108 2530 1210 2608 ¹aliqua

134 2629 329 2705 cognoscendi
352 2629 493 2689 facultate
516 2626 728 2708 percipiuntur,
754 2636 806 2690 aut
831 2629 961 2706 legitima
986 2630 1207 2689 ratiocinatione

135 2740 172 2785 ex
190 2726 359 2787 immediate
379 2730 521 2804 perceptis
537 2728 720 2805 derivantur,
742 2746 796 2805 pro
815 2730 902 2789 oertls
924 2726 1057 2787 habentia
1075 2728 1104 2785 vl
1122 2732 1207 2787 natu·

6 2900 15 2921 ·
135 2838 186 2883 rae
203 2826 372 2902 inmtemur3
390 2842 455 2886 osse
472 2827 602 2903 proiecto
615 2835 675 2887 non
690 2834 784 2904 potest
801 2833 834 2887 ut
854 2825 891 2885 de
905 2826 953 2885 his
969 2840 1051 2886 mens
1068 2840 1141 2885 sana
1154 2822 1208 2885 ‹lu-

134 2920 218 2982 hltet.
243 2922 356 2984 Natura
380 2928 459 2985 enlm
480 2928 549 2986 exul
570 2928 693 3003 nequit,
720 2932 750 2985 et
774 2942 876 2985 omnes
895 2924 1037 2985 [aduersos
1061 2930 1206 2999 mustus,

134 3023 186 3097 qul
207 3024 238 3080 ln
263 3023 328 3099 ipsa
351 3022 434 3083 nulla
456 3026 567 3083 ratione
585 3023 758 3100 mudantur,
783 3024 867 3099 piam
888 3028 1017 3099 superat.
1042 3046 1055 3073 ι
1082 3022 1205 3083 Necesse

139 3124 215 3181 «αἰ
234 3119 282 3195 (ed
301 3133 362 3179 rem
383 3122 506 3199 Tullius)
527 3127 564 3183 ut
583 3121 691 3183 Rham
707 3121 885 3201 poudmhur
903 3118 1203 3199 imperatoremm,

139 3241 153 3265 ι
167 3220 214 3277 tio
231 3219 363 3278 orimum
382 3219 664 3311 perspiouts‘cederc
677 3223 700 3279 ³.
720 3246 733 3273 υ
1206 3202 1211 3215 ’

197 3466 207 3507 i
223 3476 235 3501 ι
252 3461 285 3509 Le
298 3460 451 3523 soepiiolsme
464 3463 523 3512 c'eet
538 3476 585 3512 une
600 3461 745 3526 disposition
763 3460 795 3512 de
812 3461 904 3524 l’esprit
923 3460 983 3511 hue
999 3461 1052 3510 rien
1072 3460 1206 3518 urimelire,

137 3556 151 3579 κ
162 3536 252 3589 londes
265 3553 308 3589 sur
321 3554 355 3590 on
372 3554 475 3592 examen
495 3541 539 3592 ales
556 3556 657 3606 moyens
671 3556 721 3607 qtae
739 3556 802 3595 nous
817 3554 894 3592 avons
914 3538 1060 3591 d'aiteludre
1078 3540 1101 3590 io
1120 3540 1206 3603 verite,

136 3636 149 3659 ι
161 3618 205 3680 pul
223 3633 239 3669 a
260 3619 344 3671 ahouti
365 3622 382 3671 t
399 3626 465 3673 oeite
479 3623 640 3683 condones,
660 3637 710 3686 pue
734 3636 795 3676 noua
814 3636 845 3673 ne
867 3622 988 3687 pooviouo
1009 3621 1060 3671 rien
1083 3620 1209 3670 munaiire

139 3716 152 3739 ι
164 3711 224 3749 arec
243 3701 373 3752 certitudo.
388 3704 460 3754 volit
479 3704 504 3753 ia
522 3704 662 3767 rigoureaae
681 3702 807 3755 oohmtion
827 3702 860 3753 (lu
879 3701 1039 3765 seepiiolsme.
1052 3700 1208 3765 J'appellersl

7 3817 9 3842 p
138 3797 151 3820 ι
162 3791 190 3828 oe
202 3782 394 3845 soeptleismeill,
409 3784 453 3848 qui
465 3787 503 3834 est
512 3786 536 3835 ie
546 3783 671 3846 verlnhle
683 3784 836 3847 sceptioisme
846 3784 878 3833 de
887 3783 960 3833 droit.
973 3802 986 3825 ι»
1002 3780 1125 3833 coenae
1138 3780 1210 3831 droti

138 3862 246 3911 notarri
256 3863 301 3924 lep.
315 3865 345 3912 ll.

197 3940 279 3990 tillo.
293 3945 393 3993 serron
404 3944 735 4013 anurrcmurypotpp‘iio.
754 3955 775 4009 i,
788 3960 810 3996 c.
826 3954 845 3996 i.

196 4030 210 4071 t
223 4023 302 4074 icud.
315 4022 358 4074 lili.
372 4032 396 4075 2.
771 4046 775 4057 ·
