2892 4425
242 339 304 392 m
570 345 788 392 ΙΜΡΙῊΙΟΔ
811 347 985 393 (ilfflffls

245 463 339 533 ctum,
356 457 435 533 qaod
450 447 631 534 amaretur,
653 458 710 517 rite
724 464 893 518 secernatur
912 457 951 518 ab
968 459 1016 534 iis,
1030 473 1105 536 quae
1117 461 1319 538 cirmuutaat,

245 569 283 612 ne
308 552 383 612 torte
415 552 493 630 qaod
519 554 637 613 attonde
662 557 819 630 provenit,
847 557 902 632 ipsi
923 555 1048 615 errando
1075 555 1230 616 mittuntur.
1261 557 1321 618 uu

246 657 344 710 aman
368 651 495 710 ditueide
517 657 699 728 perspectum
721 658 767 712 est
786 653 858 729 quid
878 655 994 729 proprie
1011 653 1050 712 ad
1067 653 1211 714 obicem
1231 658 1319 732 perti·

244 755 330 826 aeat;
343 757 407 810 mm
425 749 543 810 minum
562 751 681 827 pienum
694 757 725 810 et
737 751 886 812 suiticiens
904 767 1026 813 manum
1044 754 1231 830 peculiarium
1250 763 1319 814 exa·

245 863 312 906 mea
332 849 542 909 insumendum
555 854 612 925 eat,
636 848 860 927 observatioque
882 849 1024 927 iteranda,
1048 867 1102 928 pra
1126 853 1185 929 rei,
1203 867 1262 928 qna
1282 851 1319 910 de

244 946 353 1023 amtor,
375 945 549 1006 mudittone.
942 1005 947 1020 ,

301 1043 362 1103 Nec
381 1061 450 1104 vero
473 1046 536 1105 sota
549 1044 715 1105 observatio
732 1045 861 1123 sufficit,
876 1047 927 1106 sad
940 1049 1117 1125 experima
1130 1051 1218 1107 mam
1232 1065 1318 1126 saepe

243 1143 390 1220 iungenda
410 1150 465 1202 est.
489 1144 570 1218 Quas
589 1145 665 1202 inter
683 1142 889 1221 incineret,
911 1145 990 1222 qnod
1009 1145 1172 1206 mietio
1191 1146 1316 1222 dicatur,

243 1256 310 1301 cum
335 1244 541 1302 examinantur
564 1241 764 1318 phaenomena
784 1249 870 1319 prout
894 1259 913 1301 a
938 1249 1044 1302 namra
1061 1243 1240 1320 attenuatum
1266 1260 1317 1304 ex·

242 1341 381 1414 petentia
395 1347 504 1416 autera,
518 1356 586 1400 curn
607 1346 729 1412 naturae
748 1341 908 1416 pericnlum
930 1341 967 1400 de
985 1341 1128 1401 indastsiu
1141 1343 1315 1419 instituitur,

241 1452 345 1514 resque
363 1437 400 1498 ad
418 1438 617 1513 phaenomena
636 1438 801 1498 exhibenda
823 1439 1014 1514 competitur.

300 1535 341 1595 Ut
360 1551 430 1594 vero
450 1538 505 1595 rite
524 1536 597 1594 flant
616 1540 825 1611 experimenta,
845 1553 960 1596 nonense
977 1543 1021 1596 mi
1042 1545 1157 1613 praeter
1169 1553 1219 1597 aas
1232 1555 1315 1613 praa-

240 1635 398 1708 oepttonas,
422 1649 497 1708 quas
515 1649 571 1708 pro
586 1615 788 1692 observatione
807 1633 999 1709 tradidimus,
1020 1634 1075 1693 has
1095 1638 1213 1711 insuper
1230 1634 1315 1694 adhi-

239 1729 318 1789 bera.
341 1729 484 1807 Primam,
508 1732 617 1790 variari
637 1747 673 1789 ea
691 1730 818 1807 debeat,
838 1731 950 1790 obiecto
970 1732 1000 1789 in
1024 1730 1149 1790 disemis
1169 1731 1315 1792 coaditio-

239 1828 326 1888 ntbns
342 1835 373 1888 et
391 1830 536 1890 adiunctis
547 1831 731 1906 ,mnstitutm
754 1834 787 1888 ut
808 1845 1028 1906 quaquaversus
1051 1829 1187 1903 effectus,
1205 1831 1257 1905 qni
1276 1829 1314 1888 ab

238 1927 303 2001 ipsa
320 1926 428 2003 prodit,
444 1935 592 2002 appareat.
612 1927 688 1986 Tum
706 1943 913 2002 saepenumero
926 1929 1125 2004 experimenta
1142 1928 1314 1988 invertenda
1440 1975 1441 1984 ,

239 2030 322 2099 suat,
337 2032 370 2083 ut
386 2025 554 2101 dispiciatur
573 2033 683 2100 naam,
707 2027 823 2085 diverso
836 2041 983 2100 praeessu,
997 2025 1155 2084 consimilis
1175 2033 1226 2084 aut
1243 2041 1312 2086 aaa·

238 2126 346 2184 uarius
364 2131 486 2184 eventus
509 2130 660 2201 exsurgat.
680 2124 791 2200 Tertio,
808 2128 925 2198 sumpta
944 2123 1032 2182 semet
1050 2124 1229 2198 experientia
1245 2139 1312 2198 pra-

238 2221 305 2281 duci
321 2222 418 2299 deam,
437 2228 470 2281 ut
489 2224 653 2283 constantia
674 2224 867 2299 phaenomeni
886 2222 1093 2299 dignoscatur3
1114 2237 1167 2281 nea
1192 2238 1250 2279 aaa
1272 2223 1311 2281 ad

239 2336 285 2381 res
297 2320 428 2381 divmsas
442 2322 487 2381 vei
501 2322 668 2382 consimiles
680 2320 863 2381 extendenda
875 2326 933 2397 est,
946 2324 981 2380 ut
996 2318 1198 2379 manifestetur
1212 2325 1312 2379 atram

207 2473 210 2479 ,
237 2437 256 2481 a
279 2423 416 2498 peculiari
438 2437 476 2482 an
497 2438 516 2482 a
536 2424 684 2481 communi
705 2422 803 2497 atique
826 2420 888 2497 iege
914 2418 958 2478 vet
984 2420 1157 2495 proprietate
1183 2419 1309 2479 eftectus

236 2521 320 2582 duat.
344 2521 504 2597 Postremo,
524 2520 622 2598 quaed
643 2520 706 2579 fleri
728 2520 834 2596 possit,
860 2517 1027 2576 instandum
1049 2523 1112 2592 est,
1134 2524 1219 2593 atque
1238 2534 1308 2576 exa·

236 2636 303 2680 mea
321 2621 607 2696 experimentumque
622 2616 796 2694 urgendum,
814 2621 847 2674 ut
860 2614 1051 2692 phaenomeai
1065 2615 1217 2675 intensitas
1233 2618 1310 2675 sias·

164 2694 170 2704 ⁵
235 2734 293 2796 qua
322 2732 476 2777 causarum
503 2715 606 2774 idonea
626 2730 762 2775 mensura
787 2713 1003 2787 determinetur.
1029 2712 1108 2771 Haec
1126 2714 1310 2788 potissimum

233 2814 378 2877 servanda
397 2821 477 2889 suat,
501 2820 535 2872 ut
553 2813 684 2890 legitima
704 2815 744 2872 sit
764 2811 893 2871 inductio
916 2817 946 2870 et
968 2811 1193 2886 ratiocinationi,
1213 2826 1306 2885 quam

136 2918 139 2921 ’
231 2913 386 2987 diximus,
410 2910 461 2984 det¹
481 2910 577 2969 iocum
598 2910 636 2969 ad
658 2909 804 2987 generada
828 2911 975 2968 axiomata
999 2911 1028 2967 vi
1047 2907 1259 2967 observationis
1280 2917 1310 2967 et

234 3011 430 3085 experientiae
445 3006 616 3084 eoiitgeaae.

296 3114 345 3164 to.
367 3104 409 3165 Ut
428 3108 525 3181 itaque
544 3121 600 3181 ea,
627 3122 703 3183 quae
730 3102 976 3182 disceptatimus,
1001 3105 1131 3165 velutin
1159 3118 1305 3163 summam

233 3203 428 3279 suaseramus,
442 3203 501 3263 duo
518 3209 588 3261 snat
603 3204 775 3265 iudiciorum
797 3220 913 3281 genera:
933 3192 1098 3280 analytica,
1122 3218 1196 3279 quae
1215 3204 1305 3261 iutui-

234 3292 356 3359 t'ioaeet
374 3301 487 3377 aaaiysi
510 3301 640 3361 idearum
662 3301 824 3377 habeatur;
840 3300 1019 3379 synttettco,
1042 3316 1118 3376 quae
1140 3299 1219 3359 facto
1242 3301 1306 3375 ipso

232 3406 263 3457 et
282 3399 459 3473 experientia
478 3400 622 3459 nituntur.
647 3398 758 3475 Prima,
779 3416 846 3459 cum
867 3400 985 3459 insitam
1006 3397 1255 3458 universalitatem
1277 3405 1305 3456 et

233 3498 435 3554 nenessitatem
456 3496 631 3574 exhibeaat5
657 3504 760 3573 suapte
782 3504 889 3557 natura
911 3504 980 3556 suut
1003 3499 1160 3555 axiomata.
1188 3494 1303 3570 ittera,

231 3606 298 3649 cum
321 3607 380 3650 aaa
400 3596 601 3654 necessitatem
623 3594 675 3653 aad
696 3596 924 3671 contingentiam
935 3592 1159 3669 ‹pmeseierant,
1183 3598 1213 3651 et
1239 3592 1304 3649 uai-

231 3688 426 3749 versatitatem
446 3708 497 3767 per
514 3708 547 3752 se
566 3708 625 3752 noa
648 3691 790 3766 habenam
809 3692 1030 3751 ratiocinatione
1049 3695 1146 3767 egent,
1160 3688 1304 3764 principio

231 3785 409 3848 causalitatis
429 3792 543 3867 innixa,
564 3790 652 3850 atad
672 3790 921 3850 universalitatem
940 3788 1111 3848 evehantur.
1134 3788 1230 3861 Quare
1251 3802 1302 3843 vo·

232 3886 293 3942 cari
310 3869 446 3960 poterunt
463 3891 613 3965 priampia
633 3887 786 3947 inductiva
808 3894 836 3945 et
857 3904 876 3945 o
896 3889 1061 3963 posteriori,
1085 3886 1129 3943 vei
1152 3886 1252 3957 etiam,
1276 3886 1303 3941 st

231 3980 320 4059 iubet,
342 3986 573 4062 ryatteticontm
596 4002 701 4045 nomen
723 3985 905 4061 retinebaat;
927 3986 1033 4059 quippe
1052 3998 1137 4060 qaae,
1160 3982 1214 4039 etsi
1235 3981 1302 4038 uni·
