2892 4425
232 371 286 422 191
554 371 794 416 ΙΠΔΡΙΙΥΒΙΒΑΕ
815 373 974 418 sebelinis

227 485 326 561 aliquo
351 489 417 542 ente
439 482 620 558 operationes
638 489 800 559 apparent,
818 499 893 560 quae
913 491 1102 545 exerceantur
1115 489 1179 546 siue
1194 489 1300 548 intriu-

227 596 294 640 seco
313 594 455 642 concursu
479 581 580 656 organi
603 581 774 657 materialis,
796 597 831 640 ac
849 581 970 656 prolude
990 585 1051 643 sint
1073 600 1124 660 per
1147 601 1214 644 sea
1239 605 1300 647 rna-
1362 607 1366 614 ·

175 702 178 707 ·
225 680 299 737 teria
316 676 560 754 independentea3
584 678 660 738 idem
685 679 868 739 inferendum
894 683 950 741 erit
978 681 1014 741 de
1036 685 1200 760 principio,
1222 685 1300 744 unde

226 778 419 852 operationes,
433 776 501 835 iliae
526 775 762 853 prouorsrnnrm.
794 779 928 838 iamvero
951 780 1023 839 baec
1043 783 1200 842 intrinseca
1220 784 1302 844 inde-

225 872 382 951 pendentla
400 874 438 933 sb
450 889 562 951 organo
579 875 721 934 materiali
736 875 955 937 evidentissima
969 879 1000 936 ln
1015 879 1132 938 homine
1145 886 1190 939 est
1204 866 1302 957 quoad

226 974 409 1048 operationes
428 989 504 1048 quae
526 973 566 1031 sd
582 973 804 1048 intelligentiam
821 980 850 1032 ct
877 975 1057 1034 voluntatem
1082 983 1227 1051 spectent.
1257 979 1301 1037 Ex

225 1070 272 1130 bis
282 1073 373 1147 igitur
390 1073 482 1130 enimi
496 1070 618 1129 hnmani
633 1070 824 1145 spiritualitas
840 1071 1068 1132 demonstranda
1084 1081 1141 1150 ost3
1159 1076 1302 1151 siquidem

224 1172 405 1229 sensationes
420 1185 488 1228 cum
507 1168 546 1228 ab
558 1170 676 1246 organis
690 1168 846 1244 madeant,
862 1186 919 1228 non
939 1173 1174 1246 spiritualitatem
1189 1173 1241 1232 sed
1256 1191 1303 1234 so·

226 1269 284 1327 iam
306 1268 521 1343 simplicitatem
539 1267 708 1326 ostendunt.
726 1266 781 1326 Sed
801 1269 859 1327 lem
877 1269 914 1327 ad
934 1269 1118 1346 probationes
1138 1275 1301 1332 veniemus.

285 1367 378 1427 Prob.
396 1366 424 1425 1.
442 1365 483 1425 Ut
495 1367 620 1442 quisque
639 1369 762 1442 conscit,
778 1369 893 1426 animus
913 1374 1011 1427 noster
1029 1372 1240 1444 perceptiones,
1256 1373 1301 1428 in·

223 1464 314 1540 dicia,
336 1465 628 1539 rntloclnadoncsqne
641 1465 755 1539 peragit
770 1467 849 1524 circe
871 1464 984 1524 oblecta
998 1474 1081 1525 extra
1102 1483 1219 1526 ornnem
1239 1481 1300 1526 ma·

224 1566 327 1622 teriam
349 1564 441 1635 positu
460 1565 490 1618 ct
509 1561 638 1636 undique
651 1562 826 1638 spiritualia,
846 1562 976 1639 adquae
996 1564 1219 1624 internoscenda
1233 1581 1301 1624 cor·

224 1675 280 1736 pus
299 1657 413 1718 influxu
432 1673 487 1716 suo
510 1658 703 1718 determinare
719 1675 778 1718 non
798 1666 901 1734 potest.
926 1661 1094 1720 Cuiusmodi
1119 1671 1188 1720 sunt
1206 1663 1301 1741 Deus,

224 1755 428 1832 intelligentis,
453 1758 558 1831 virtus,
581 1756 731 1831 honestas,
756 1758 840 1834 ordo,
863 1760 980 1833 vitium,
1002 1759 1200 1835 pulchritudo,
1224 1762 1299 1820 reia·

224 1855 278 1931 tio,
301 1853 428 1929 bonitas,
444 1852 633 1930 possibilitas,
654 1862 771 1914 aeterua
791 1854 927 1930 duratio,
941 1857 1056 1931 aliaque
1072 1865 1210 1917 sexcenta
1223 1875 1300 1934 quae

223 1967 393 2028 corporeum
412 1951 582 2010 transiliunt
600 1951 730 2011 ordinem
745 1953 783 2012 eb
803 1957 941 2029 omnique
961 1961 1030 2012 sunt
1049 1957 1233 2014 concretione
1254 1973 1299 2016 so·

225 2049 297 2109 luta.
324 2050 419 2126 Atque
446 2049 518 2108 baec
540 2052 582 2108 lta
610 2051 725 2110 animus
745 2050 979 2128 contemplatur,
998 2058 1030 2111 ut
1050 2051 1119 2110 talis
1141 2069 1205 2112 esse
1228 2070 1299 2112 cou-

223 2148 313 2223 cipiat
337 2146 502 2224 eisdemque
527 2147 729 2206 ratiocinando
754 2150 944 2225 proprietates
964 2149 1085 2225 tribunt,
1109 2167 1186 2227 quse
1211 2154 1296 2228 spiri-

224 2246 318 2306 tuales
331 2248 535 2305 omnlnosuut
549 2253 579 2305 et
594 2247 747 2305 maurium
762 2261 877 2305 omnem
892 2248 1048 2307 excedunt.
1062 2248 1151 2324 Atqui
1167 2252 1299 2324 operatio

223 2343 364 2403 eiusmodi
380 2342 418 2403 ab
431 2360 541 2422 organo
554 2359 693 2419 corporeo
712 2346 834 2402 minime
852 2344 969 2419 pendet.
986 2345 1061 2404 Num
1078 2344 1204 2405 facultas
1224 2362 1299 2422 quae

224 2442 382 2502 materialis
402 2444 504 2518 organi
525 2444 702 2501 consortium
732 2443 870 2517 exquirit,
892 2445 991 2519 nequit
1015 2460 1046 2501 se
1066 2446 1221 2521 porrigere,
1243 2446 1297 2504 nisi

223 2540 261 2600 ad
274 2558 309 2601 ea
328 2558 404 2618 quae
424 2544 454 2599 iu
471 2555 581 2616 organa
598 2543 782 2615 imprimunt,
796 2546 883 2615 atque
902 2540 967 2599 ideo
988 2544 1103 2599 nonnisi
1123 2542 1237 2603 obiecto
1259 2559 1300 2601 re·
1396 2624 1398 2629 Ι

223 2642 310 2715 spicit
326 2656 402 2716 quae
422 2645 557 2698 concreta
572 2645 643 2697 suut
655 2644 685 2697 et
699 2637 897 2697 materialibus
916 2638 1132 2697 conditionibus
1147 2639 1297 2699 adstricta.

224 2738 301 2815 Ergo
321 2740 437 2798 salmoe
455 2739 601 2797 hammus
620 2738 787 2815 operatione
807 2735 914 2810 gaudet
934 2737 1099 2811 spirituaii,
1121 2752 1156 2795 nc
1178 2738 1299 2813 prolude

223 2837 383 2910 spiritualis
400 2839 430 2895 in
452 2853 483 2896 se
503 2842 557 2895 est.

283 2932 375 3019 Proh,
392 2933 439 2993 11.
455 2934 520 2992 Nou
534 2936 627 2993 solum
643 2951 678 2994 ex
693 2936 858 3009 cogruitionc
874 2949 970 2992 rerum
990 2932 1196 3009 spiritualium,
1212 2939 1245 2991 ut
1258 2932 1299 2991 le·

222 3032 329 3106 donus,
350 3031 402 3089 sed
415 3047 453 3089 ex
473 3032 537 3106 ipso
551 3032 637 3089 modo
660 3030 853 3107 cognoscendi
874 3046 920 3089 res
941 3029 1104 3109 materiales
1123 3030 1224 3089 eudem
1248 3048 1296 3089 ve·

223 3131 295 3188 ritas
317 3127 420 3189 inierrl
438 3134 543 3204 potest.
568 3128 642 3187 Nam
667 3145 748 3189 meos
762 3136 863 3188 nostra
879 3128 916 3187 ad
937 3144 1060 3204 corpora
1087 3128 1298 3188 consideranda

222 3244 255 3287 se
273 3227 365 3287 flectit
380 3243 439 3289 non
462 3232 548 3301 prout
571 3226 621 3285 iila
635 3228 664 3284 in
686 3233 791 3286 natura
811 3226 975 3285 subsistunt
996 3233 1025 3284 et
1043 3228 1079 3284 ils
1100 3225 1206 3285 allecta
1229 3231 1300 3285 sunt

222 3324 381 3399 adiunctis,
399 3324 506 3401 quibus
526 3328 652 3383 maxime
672 3326 833 3401 singularia
856 3330 885 3383 et
905 3322 1095 3382 determinata
1124 3322 1296 3383 redduntur.

223 3422 280 3483 Sed
297 3439 418 3499 corpora
434 3424 490 3483 sub
503 3426 649 3483 communi
668 3424 795 3500 quadam
813 3430 842 3481 et
857 3423 1016 3483 universali
1037 3424 1148 3483 ratione
1169 3428 1298 3481 coatern-

222 3520 331 3597 piatnr,
344 3529 432 3599 atque
450 3521 488 3581 ab
503 3525 540 3581 lis
555 3522 773 3582 characteribus
790 3523 923 3596 nodoque
939 3519 1054 3594 liberat,
1064 3519 1170 3595 quibus
1185 3519 1235 3577 ilis
1248 3518 1297 3579 sd·

221 3621 406 3696 stringuntur
418 3623 449 3680 lu
463 3621 624 3681 existendo.
640 3620 689 3680 Sic
701 3620 771 3679 dum
786 3618 903 3696 globum
918 3618 1076 3677 eburneum
1089 3617 1146 3693 (qui
1161 3622 1238 3675 certe
1249 3630 1297 3691 pe-

221 3716 330 3777 culiare
348 3720 495 3795 quoddam
515 3719 699 3778 individuum
716 3724 773 3793 est,
795 3724 873 3775 certo
886 3718 1008 3793 tempori
1027 3716 1146 3790 iocoque
1161 3712 1296 3781 affixum,

221 3816 422 3878 determinetis
448 3818 678 3877 dimensionibus
697 3816 866 3889 delinitum,
888 3821 967 3874 certe
989 3816 1111 3872 muteris
1136 3812 1298 3870 coalescen-

221 3914 289 3991 tesn)
313 3922 500 3993 contuemur;
519 3916 721 3975 abstractionis
745 3928 798 3973 usu
826 3916 945 3989 ipsum,
969 3927 1027 3969 non
1052 3917 1086 3969 nt
1113 3908 1315 3969 individuum.

222 4011 273 4107 ped
292 4019 327 4072 ut
345 4006 454 4089 species
472 4014 616 4091 quaedam
638 4019 699 4088 ost,
726 4011 866 4088 neglectis
886 4012 923 4069 iis
943 4009 1020 4067 unde
1048 4006 1206 4083 singularis
1227 4020 1296 4063 eon·
