2892 4425
445 350 523 393 raas
543 348 647 393 rum
665 362 679 379 ·
698 347 898 395 werinmari
1150 344 1205 399 iti

129 491 143 515 .
160 478 232 541 pore
248 458 499 522 deformandum?
513 458 681 520 Absurdum
698 464 746 519 est
767 446 879 538 lingere
900 457 979 536 quod
1000 456 1090 538 Deus,
1111 477 1206 539 neque

131 576 212 637 .prr
232 557 334 618 mundi
353 574 371 617 a
392 574 425 619 se
440 556 552 617 eonditt
572 556 717 633 ordinem,
735 572 830 635 neque
850 572 902 638 per
922 573 991 617 suas
1011 563 1144 619 aeternas
1165 559 1205 619 ie·
1333 632 1337 639 ι

130 685 142 709 .
162 675 214 737 ges
234 664 346 719 nemum
364 655 521 734 quemdam
537 654 626 714 linem
644 654 776 715 obtinere
791 657 931 733 potuerit,
947 656 1082 733 quodque
1102 655 1140 717 ad
1156 672 1205 717 ae·

130 780 142 807 ·
160 762 277 816 ternum
290 771 377 815 auum
391 756 573 830 propositum
586 752 767 829 implendum
781 770 830 813 eas
844 754 1003 831 infringere
1015 760 1138 815 eoneiur
1150 758 1175 814 ¹.
1190 780 1203 809 s

186 855 277 930 timp.
299 853 381 929 llaeo
397 852 571 911 declamatio
588 869 623 911 eo
636 851 715 929 stylo
735 856 857 912 exarata
870 857 926 929 eri,
946 866 1005 927 quo
1024 852 1206 913 deieetautut·

125 955 169 1029 ii,
186 954 236 1028 qul
258 950 406 1026 praeclare
425 966 511 1026 agere
533 948 590 1009 sibi
611 949 765 1026 ridentur,
788 948 813 1009 si
834 964 950 1008 omnem
971 954 1139 1025 pervemmt
1158 966 1207 1011 ve·

125 1053 255 1110 ritatem.
275 1049 314 1107 lli
330 1050 470 1107 nimirum
489 1062 556 1107 oum
575 1046 665 1106 iidere
686 1048 867 1123 argumentis
888 1051 1044 1122 nequeant,
1066 1045 1207 1123 ambigua

125 1146 210 1208 iaisis
229 1148 384 1206 miscentes
404 1145 505 1205 multis
525 1144 681 1205 verborum
702 1144 863 1204 involueris
876 1142 1013 1220 pestilera
1032 1160 1087 1203 sue
1104 1148 1208 1223 tegunt

126 1246 218 1305 effata
232 1250 262 1303 ei
273 1246 358 1320 quasi
373 1243 446 1303 veiis
458 1242 634 1319 quibusdam
648 1241 821 1301 obtendunt.
837 1240 876 1302 it
891 1258 926 1302 ea
940 1242 966 1301 si
984 1240 1114 1302 detrudo
1136 1242 1206 1301 arti·

125 1343 194 1403 fleto
211 1344 243 1401 in
261 1357 293 1401 se
314 1347 504 1417 spectantur,
522 1340 1017 1417 ineptissimaeseeoemuntur.1d
1036 1340 1153 1417 quidem
1173 1341 1206 1401 ia

126 1440 272 1517 praesenti
295 1438 413 1498 aeoidii.
435 1436 480 1499 Ae
499 1440 595 1515 primo
615 1437 805 1499 falsissimum
827 1436 899 1497 iliud
917 1443 962 1498 est
977 1436 1055 1515 quod
1077 1439 1131 1514 ait,
1151 1440 1206 1499 mi·

127 1539 260 1599 raenium
277 1536 436 1615 violatione
450 1536 548 1613 legum
567 1536 842 1597 mathematicorum
863 1536 1016 1596 contineri.
1033 1530 1207 1598 idimeuium

126 1638 205 1695 euim
222 1636 269 1693 iris
287 1634 370 1694 nulio
390 1635 505 1694 radone
522 1633 661 1694 detrahit.
681 1632 752 1693 Non
771 1636 848 1693 onim
869 1637 895 1693 si
915 1634 959 1694 soi
976 1633 1140 1695 mimdat
1154 1638 1207 1695 aui

126 1732 238 1794 flumen
261 1739 373 1792 mutato
395 1748 484 1793 eursu
505 1733 538 1791 in
558 1738 648 1807 eaput
667 1731 792 1809 redum,
811 1730 938 1793 effleitur
957 1732 1028 1793 hino
1049 1738 1082 1791 ot
1101 1734 1131 1791 iu
1150 1734 1207 1793 eir·

126 1830 195 1891 onio
213 1830 287 1890 radii
305 1846 364 1889 nou
383 1832 443 1891 sini
462 1830 610 1906 aequales,
630 1834 682 1889 aut
704 1828 743 1888 ab
760 1830 931 1906 aequalibus
952 1831 1075 1890 summis
1098 1832 1207 1907 portio-

126 1926 214 1988 nibus
231 1928 404 2005 aequalibus
421 1930 560 2003 utrinqne
577 1926 722 2002 deductis,
739 1942 814 2003 quae
832 1932 988 2003 supersunt
1004 1943 1063 1987 uon
1080 1926 1143 1987 iore
1159 1943 1206 1988 ae-

126 2026 237 2103 qualia.
258 2026 338 2085 idem
360 2026 409 2085 die
426 2025 464 2085 de
488 2025 608 2101 reliquls
635 2026 750 2101 generis
775 2024 916 2085 eiusdem.
935 2023 1111 2085 Miraeuium
1129 2028 1207 2085 enim

127 2117 188 2183 no'n
208 2123 431 2183 mmihemutieas
458 2121 509 2183 sed
534 2123 674 2200 physicas
700 2108 778 2199 legas
808 2123 945 2198 respicii;
969 2137 1128 2198 earumque
1147 2138 1206 2183 nou

127 2222 250 2282 vielutio
272 2221 311 2297 (id
331 2223 409 2281 enlm
428 2222 466 2281 de
484 2221 688 2299 derogatione,
710 2236 786 2297 quae
806 2220 844 2280 ab
866 2221 931 2295 ipso
949 2218 1115 2279 ordinatore
1132 2219 1205 2298 ilat,

127 2319 187 2379 dioi
202 2322 316 2396 proprie
352 2335 411 2380 uon
428 2321 546 2396 potest),
566 2319 618 2378 sed
637 2335 716 2379 mere
729 2319 861 2394 exceptio
881 2316 1052 2395 appellanda
1071 2323 1126 2377 est.
1148 2317 1209 2378 flas

128 2423 229 2478 autem
248 2417 385 2494 physicos
404 2423 528 2477 naturae
545 2417 622 2495 leges
641 2416 804 2476 divinaret
822 2422 953 2476 aeternas
971 2417 1125 2475 nominare
1145 2432 1208 2476 am·

127 2515 251 2591 triguum
276 2521 332 2574 esi.
355 2514 477 2591 Proprie
501 2517 579 2574 enim
605 2529 664 2573 non
689 2513 826 2590 divinae,
851 2513 904 2572 sed
928 2512 1093 2572 mundanae
1122 2516 1207 2588 sunt;

128 2628 189 2672 nou
205 2618 351 2688 aeternna,
366 2612 415 2672 sed
433 2619 648 2688 temporaneae.
664 2609 792 2671 Possunt
806 2617 903 2670 tamen
917 2611 974 2670 hoe
987 2625 1074 2670 sensu
1088 2610 1206 2668 divinae

127 2709 199 2786 diei,
215 2710 294 2786 quod
309 2725 328 2768 a
341 2709 404 2768 Deo
424 2713 484 2768 sint
500 2711 668 2785 impositam
685 2716 820 2768 aeternae
833 2723 914 2784 vero,
930 2707 1008 2784 quod
1029 2705 1067 2766 ab
1084 2707 1208 2766 aeterni·

127 2805 190 2866 tate
203 2809 332 2868 sancitae
344 2810 416 2883 siut,
430 2807 499 2867 lieet
510 2808 541 2866 iu
554 2814 696 2883 tempore,
710 2812 864 2883 postquam
878 2805 1050 2865 eiiormetus
1065 2811 1109 2865 est
1123 2820 1208 2865 mun·

128 2905 198 2982 dus,
219 2921 306 2965 enum
325 2907 491 2965 exemerint
513 2905 663 2965 eiieetum.
686 2902 726 2965 it
744 2906 775 2964 iu
797 2921 897 2964 earum
918 2904 1106 2981 derogatione
1126 2901 1207 2963 nullu

128 3019 250 3079 prorsus
271 3006 465 3080 repugnantia
479 3009 543 3079 est;
556 3019 611 3063 nee
623 3003 714 3062 uliam
727 3017 800 3064 saue
818 3009 944 3062 assertor
964 3002 1013 3060 iiie
1025 3001 1125 3062 adesse
1141 3013 1207 3077 pro·

129 3098 206 3178 hut,
223 3100 276 3159 sed
298 3103 390 3177 gratis
411 3099 567 3160 dumtaxat
584 3107 614 3160 et
633 3099 831 3174 imprudenter
857 3099 996 3160 affirmat.
1029 3099 1104 3159 Nam
1130 3097 1209 3176 quod

127 3190 173 3258 ait
190 3197 253 3257 lieri
267 3213 326 3256 non
338 3213 425 3273 posse
443 3204 476 3257 ut
494 3205 577 3257 mens
590 3196 705 3258 iniiuiie
719 3199 835 3273 sapiens
850 3197 928 3275 leges
949 3214 967 3257 a
985 3213 1017 3256 sa
1035 3196 1110 3256 latas
1130 3196 1211 3258 deiu-

129 3309 199 3370 oeps
220 3293 325 3370 violet,
342 3296 478 3354 insanum
496 3303 551 3354 est.
566 3294 632 3354 Non
653 3297 732 3354 enim
754 3293 833 3354 Deus
852 3295 938 3371 leges.
950 3295 1015 3354 ilias
1036 3297 1077 3355 ita
1101 3295 1209 3370 seivit,

127 3396 164 3450 ut
180 3405 230 3450 ees
249 3391 397 3467 migrandi
414 3391 560 3452 interdum
575 3399 605 3452 et
625 3407 684 3452 non
702 3391 840 3452 seruandi
855 3391 910 3451 sibi
929 3391 1069 3452 ademerit
1082 3397 1210 3468 patesta-
1266 3467 1271 3474 ι

4 3543 8 3550 .
129 3492 202 3564 tem,
226 3494 279 3548 aut
295 3494 409 3552 mutato
430 3490 566 3565 oonsilio,
583 3490 662 3566 qnod
680 3488 768 3562 ”mai
790 3491 900 3565 sanxit,
921 3488 1058 3565 deinpeps
1076 3491 1208 3564 invertit.

131 3583 188 3648 Sed
208 3587 240 3644 in
261 3601 317 3645 soa
333 3588 506 3646 aeternitate
528 3603 596 3646 enm
617 3587 696 3664 leges
720 3592 845 3646 naturae
861 3587 1054 3662 imponendas
1068 3586 1209 3662 decrerit,

130 3695 190 3740 una
214 3684 324 3757 pariter
347 3685 533 3759 exeeptioues
555 3699 605 3748 eta
624 3683 849 3760 determinavit,
871 3699 945 3769 quas
965 3683 1003 3746 ob
1028 3683 1163 3762 altiorem*
1178 3682 1211 3740 ii·

131 3793 199 3838 uem
225 3785 342 3854 praeter
364 3779 452 3841 ilium¹
475 3780 607 3840 ordinem
631 3780 764 3860 foeturas
784 3787 859 3842 erat.
879 3783 976 3854 Quare
995 3797 1062 3840 eum
1088 3781 1211 3840 miraeu-

189 3997 199 4037 r
217 3990 330 4038 motion.
340 3987 440 4052 philos.
453 3991 505 4040 sa.
519 3989 652 4041 Μίνωα.
