2892 4425
570 341 991 406 anararsroaa'srraraurs

648 535 845 628 'Aarrouuus
866 567 903 626 t.

491 767 536 826 De
557 765 652 826 meras·
674 767 824 826 tenetote
846 781 914 826 cura
935 781 1070 844 surpere.

240 973 243 979 ·
308 964 375 1015 too.
396 955 444 1015 Ad
460 956 597 1015 anmoem
614 956 744 1014 animam
763 957 838 1014 inter
856 963 886 1014 et
903 970 1009 1031 eorpus
1026 955 1242 1034 expiieandsm,
1263 960 1321 1019 tria

243 1053 423 1114 eireumierri
444 1053 538 1112 soient
558 1057 737 1129 systemata:
757 1067 914 1112 caesenam
937 1051 1178 1128 occasionum,
1202 1051 1317 1114 tormo-

243 1154 311 1212 rriue
324 1149 564 1228 praestabilitas,
577 1148 710 1224 infirmas
721 1146 853 1228 physici.
871 1149 913 1208 De
926 1149 1033 1225 quibus
1046 1149 1116 1226 quid
1132 1149 1320 1210 iudieandum

243 1252 282 1311 sit
301 1249 429 1308 breuiter
447 1246 557 1307 diuam.

303 1348 328 1407 i.
346 1345 482 1424 systema
502 1359 657 1405 euasurum
674 1344 900 1405 oeessioneiium
916 1343 1041 1404 adstruit
1061 1346 1191 1405 animum
1209 1353 1239 1405 et
1257 1362 1319 1406 oon

244 1460 299 1521 pus
327 1447 407 1505 omni
428 1444 579 1504 activitate
603 1442 745 1517 destitui,
765 1448 795 1500 et
817 1441 896 1518 quod
915 1457 1097 1518 consequens
1119 1449 1185 1519 est,
1204 1443 1316 1503 nuiiura

166 1593 169 1602 .
243 1542 334 1601 animi
352 1543 385 1599 in
403 1555 510 1616 eorpus
539 1545 568 1598 et
588 1540 719 1598 uicissim
742 1542 873 1615 eorporis
899 1543 930 1598 in
945 1541 1074 1600 animum
1105 1545 1167 1600 veri
1193 1545 1319 1602 nominis

242 1637 388 1697 indorum
407 1635 520 1696 habui.
541 1635 628 1710 Quod
655 1651 736 1714 uero,
755 1636 928 1713 quibusdam
949 1639 981 1696 in
1002 1639 1100 1698 animo
1120 1637 1319 1699 roinntatibua

243 1734 445 1810 existentibus,
464 1737 536 1793 emti
556 1740 587 1794 et
600 1734 786 1794 determinati
800 1738 830 1793 in
844 1747 964 1812 eorpore
980 1740 1077 1795 motus
1104 1736 1318 1811 respondeant,

239 1838 268 1892 et
293 1834 421 1892 uicissim
445 1831 683 1907 impressionibus
708 1832 858 1892 nonnullis
881 1835 913 1891 in
937 1847 1058 1908 eorpore
1077 1836 1201 1908 peractis
1221 1849 1319 1910 perse

242 1933 356 2006 ptiones
376 1936 529 2007 motusque
546 1933 734 1990 consentanei
754 1933 786 1989 in
806 1931 905 1990 animo
922 1932 1105 2006 excitentur3
1124 1930 1153 1989 id
1179 1933 1265 1990 unies
1283 1947 1317 1990 ea

243 2026 308 2106 iege
325 2035 356 2088 et
380 2029 494 2088 aetione
518 2028 571 2087 iiei
596 2027 785 2102 repetendum
804 2027 974 2087 arbitratur.
1008 2027 1051 2088 lia
1071 2030 1150 2088 enim
1178 2031 1319 2089 munna

242 2125 322 2186 Deus
339 2127 491 2185 ooeasione
503 2111 726 2202 impressionum
744 2139 948 2201 eorporearum
964 2127 1146 2186 mantiones
1161 2129 1319 2202 perceptio·

243 2241 353 2301 neuque
377 2226 410 2283 in
436 2226 536 2284 animo
559 2223 647 2300 iaeit3
668 2226 836 2300 pariterque
864 2225 1016 2283 oeensione
1043 2224 1227 2285 voiuntaturn
1247 2239 1318 2302 qua-

243 2323 391 2398 rumdam,
413 2338 488 2400 quas
507 2324 538 2381 in
559 2323 659 2403 animo
679 2324 786 2399 gignit,
802 2320 1008 2398 respondentes
1028 2328 1127 2382 motus
1149 2324 1181 2381 in
1201 2336 1319 2397 torpore

243 2420 404 2482 meandum
426 2420 505 2497 ieges
524 2436 543 2478 a
563 2435 595 2479 se
623 2420 698 2479 iatas
731 2418 879 2479 siiormat.
914 2418 1008 2479 iiuius
1031 2422 1218 2496 systematis,
1239 2417 1318 2494 quod

242 2520 331 2579 mam
348 2518 535 2578 usmteatios
554 2520 735 2592 nominatur,
755 2523 918 2577 auctorest
939 2516 1144 2577 iiaiebranehe
1166 2520 1199 2591 ¹,
1218 2532 1318 2591 quam·

242 2633 331 2694 qoem
353 2616 554 2677 cartusiannm
571 2614 662 2692 vuigo
682 2621 880 2691 nuncupetur,
905 2620 1058 2690 propterea
1073 2614 1151 2690 quod
1172 2611 1319 2673 carenos
1348 2678 1352 2687 ,
1424 2620 1428 2629 “

243 2717 287 2775 ita
305 2717 368 2775 suis
387 2715 536 2789 principiis
555 2712 599 2773 iiii
620 2713 808 2789 prseiuserit,
824 2719 857 2772 ut
876 2714 939 2771 eius
955 2695 1116 2787 disoipuius
1138 2710 1211 2771 iiiud
1237 2710 1317 2771 uuiio

243 2817 360 2889 negotio
380 2813 447 2872 iude
468 2811 691 2873 denumerat.

302 2910 343 2969 11.
366 2908 501 2986 systema
528 2910 699 2969 ammoniae
728 2908 962 2985 praestabiiiiae,
985 2924 1003 2967 e
1024 2906 1168 2967 Leibnitio
1192 2910 1317 2984 primunr

243 3009 411 3079 inventam,
429 3008 460 3064 in
483 3005 541 3065 hoe
560 3022 629 3065 enm
656 3008 805 3083 superiore
829 3008 983 3081 eonvenit,
1009 3012 1171 3081 uteorpus
1192 3006 1268 3065 inter
1291 3011 1320 3063 et

242 3106 373 3165 enimam
388 3102 502 3162 nuiinm
523 3104 648 3162 aetionis
659 3102 808 3164 intiuxum
828 3110 930 3179 ponat.
949 3106 982 3163 in
1002 3104 1106 3161 ueteris
1126 3118 1196 3161 vero
1213 3102 1319 3161 diaere-

243 3208 304 3278 pat.
320 3201 421 3262 Saneit
433 3203 512 3260 enirn
526 3202 556 3258 in
571 3201 671 3259 animo
682 3205 884 3278 perceptiones
898 3203 1146 3277 appetitionesque
1159 3202 1318 3260 ooudnenti

243 3299 371 3375 quadem
391 3302 467 3359 serie
486 3314 523 3358 ex
544 3300 648 3357 innata
668 3302 698 3357 ri
718 3314 812 3376 nsque
832 3297 997 3375 prooedere,
1021 3305 1109 3374 etque
1129 3299 1170 3357 ita
1189 3298 1318 3375 quidem,

242 3404 276 3457 ut
295 3397 472 3474 praecedens
490 3400 678 3473 posteriorem
700 3398 819 3473 inierat,
836 3404 865 3458 et
881 3400 1022 3473 posterior
1043 3412 1061 3456 a
1078 3400 1229 3473 superiore
1245 3404 1319 3457 tam·

242 3512 333 3572 quam
352 3512 371 3556 a
389 3498 437 3557 sui
455 3498 568 3556 ratione
588 3495 751 3555 sufficiente
766 3496 906 3555 dimanet.
918 3494 1057 3555 Simiiiter
1078 3497 1249 3572 mnungere
1269 3494 1319 3555 do·

242 3600 290 3653 oet
307 3594 340 3653 in
364 3593 542 3654 motionibus
562 3596 710 3669 corporis3
728 3610 802 3670 quas
826 3596 889 3653 sine
909 3592 971 3653 niia
991 3596 1083 3652 animi
1103 3592 1263 3653 effitientia
1284 3608 1319 3652 ex

243 3706 326 3750 mera
347 3690 428 3751 iiiius
456 3696 606 3751 structura
627 3694 741 3766 repetit.
768 3690 816 3750 Sic
841 3693 940 3766 enim,
967 3693 1030 3751 eius
1052 3692 1215 3767 sententia,
1243 3690 1323 3751 Deus.

242 3786 398 3847 artiiieiose
414 3802 520 3865 eorpus
537 3788 714 3864 eiaborauit,
736 3794 769 3848 ut
785 3795 903 3864 propter
921 3791 1037 3849 uuieam
1061 3804 1240 3867 organorum
1261 3788 1320 3849 dis·

301 3926 312 3966 t
327 3918 389 3967 Vide
404 3918 549 3968 iieeiteroite
562 3918 595 3968 de
615 3918 645 3969 io
659 3918 745 3969 verite
764 3918 780 3967 Ι.
793 3926 818 3979 o,
833 3932 858 3981 p.
874 3926 898 3980 t,
910 3918 951 3969 eir.
968 3925 991 3969 3.

300 4002 314 4045 ²
329 3994 391 4045 vide
405 3998 484 4047 Wous
505 3997 623 4061 Prucisoi.
635 4000 733 4047 ration.
747 3999 806 4048 sect.
821 4004 845 4059 ⁵,
860 4010 883 4046 e.
901 4005 923 4047 a.
