2892 4425
237 362 274 415 14
656 371 893 415 estanoriolttts

232 494 299 539 amo
312 478 548 554 perniciosiorem
561 480 713 554 excitavit,
731 496 818 556 quem
836 482 1022 555 postmodum
1035 482 1138 542 Firhte
1151 482 1315 558 discipulus

233 579 297 637 elus
314 577 454 653 absolvit,
464 584 494 635 at
507 576 657 653 schelling
672 583 760 653 atque
775 578 866 653 liegel
880 596 897 637 e
911 579 1072 640 sohteertvo
1090 583 1123 639 in
1135 580 1314 639 obleetivum

232 676 451 735 eonverterunt.
475 675 510 733 In
535 674 631 734 Gallia
653 674 779 751 denique
799 677 908 735 (ausin
930 678 1128 736 aelectismum
1151 681 1311 753 armavit,

232 787 286 831 seu
304 772 407 831 melius
425 774 663 849 syneretlsmum3
678 778 808 849 systema
821 776 962 834 nimirum
981 775 1060 851 quod
1075 776 1181 849 partim
1195 777 1314 851 empiri-

177 858 181 866 ’
231 884 297 928 smo
313 869 440 945 anglioo,
459 870 565 945 partim
579 871 781 929 rationallsmo
798 874 965 946 germanioo
981 879 1211 947 coagmentatur.

295 975 344 1028 lt.
365 968 411 1027 Es
428 968 474 1027 his
492 969 607 1043 sapiens
620 972 744 1045 quisque
761 969 850 1045 probe
865 972 1003 1047 inteiligit
1017 986 1109 1047 quam
1123 969 1210 1028 rehus
1223 972 1254 1027 ln
1268 983 1314 1027 ar·

231 1065 299 1125 duis
316 1065 499 1141 philosophia
517 1072 664 1141 versetur,
686 1058 855 1141 quantaque
876 1075 960 1143 egeat
980 1069 1125 1127 eautloae.
1150 1068 1215 1125 lluo
1232 1068 1312 1125 eninr

232 1162 336 1221 ultima
348 1168 519 1240 systemata,
539 1178 615 1239 quae
634 1164 865 1239 nominavimus,
887 1164 1057 1223 ideailsmus
1071 1165 1224 1224 absolutus
1240 1163 1311 1222 Ger·

231 1262 347 1319 maniae
366 1265 397 1318 et
415 1260 597 1319 aeleatismus
610 1258 733 1332 Galliae,
753 1260 845 1319 multo
867 1262 1067 1337 pestilentiora
1087 1264 1192 1321 esteris
1212 1260 1314 1320 renem

230 1363 312 1419 aunt.
337 1358 414 1417 Illud
434 1360 512 1415 enim
539 1361 653 1432 praeter
676 1356 749 1415 allas
772 1357 914 1417 absurdas
937 1360 1109 1434 opiniones,
1130 1345 1311 1418 iataiismum

231 1461 262 1513 et
273 1454 488 1530 pantheismum
503 1454 625 1529 inducit3
643 1453 698 1513 hoo
720 1470 789 1513 vero
806 1471 985 1531 quamquam
1000 1456 1207 1530 probatissimo
1225 1464 1315 1531 atque

231 1554 342 1627 optimo
353 1552 471 1609 nomina
484 1550 585 1627 lateat,
599 1558 697 1610 tamen
713 1546 771 1610 no'n
786 1569 894 1628 pauoos
908 1556 1131 1614 nocentissimos
1143 1569 1255 1612 errores
1268 1562 1313 1614 at·

230 1665 289 1726 que
299 1650 329 1707 in
344 1650 446 1724 primis
459 1654 590 1723 apertum
603 1650 827 1709 naturalismum
840 1656 871 1709 et
881 1657 1066 1728 arrogantem
1079 1652 1312 1711 rationallsmum

231 1746 368 1805 involvit.
392 1746 431 1805 Et
454 1748 588 1822 quamvls
607 1748 639 1804 in
658 1749 802 1822 praesenti
824 1746 886 1807 iera
906 1751 1063 1823 eorruerit,
1087 1754 1246 1825 supersunt
1266 1753 1311 1806 ta-

230 1860 299 1903 mea
311 1844 548 1920 pestilentissima
561 1846 674 1903 semina
685 1860 760 1920 quae
772 1846 929 1926 plantavit,
943 1852 974 1905 et
987 1846 1093 1920 quibus
1106 1846 1203 1904 adhue
1216 1847 1312 1905 selen-

231 1943 290 2001 tiae
316 1942 501 2017 inficiuntur,
526 1947 560 2000 ut
581 1940 655 1999 nihil
681 1930 836 2012 dissimile
861 1944 1056 2017 perditissima
1080 1943 1314 2002 Sensimnniuua·

232 2054 303 2099 rum
320 2039 444 2114 haeresi,
469 2039 506 2097 ad
525 2037 702 2114 Religionem
726 2054 787 2097 non
809 2042 907 2099 minus
926 2056 1016 2116 quam
1040 2040 1079 2099 ad
1098 2040 1314 2115 philosophiam

230 2143 261 2196 et
280 2140 447 2197 societatem
471 2138 565 2195 etianv
579 2136 799 2211 pervertendam
817 2140 998 2215 excogitata,
1025 2144 1054 2197 et
1072 2140 1156 2197 euius
1176 2137 1314 2214 reliquiae

230 2233 384 2310 pestilerae
402 2235 554 2294 Gallorum
575 2238 684 2310 passim
703 2239 812 2312 scripta
831 2238 1048 2313 commaculant
1063 2239 1085 2296 ¹.

205 2397 211 2403 ,
290 2331 379 2392 Ermr
392 2334 621 2410 qulsgeneralius
643 2349 722 2392 nune
742 2314 918 2411 offenditur,
933 2335 1120 2411 pantheisma
1132 2336 1312 2408 continetur,

229 2447 317 2508 quem
337 2431 455 2492 tandem
469 2434 695 2508 protestantieus
710 2433 927 2495 rahonalismns
940 2436 1108 2510 parturivit,
1125 2440 1155 2491 et
1172 2432 1311 2506 adquam

285 2577 295 2620 1
310 2572 346 2620 Ut
366 2560 471 2634 unisque
484 2569 567 2633 videl,
584 2572 663 2620 saetas
679 2573 762 2633 potius
777 2574 802 2621 et
817 2573 948 2634 systemata
968 2570 1101 2620 iamosiura
1117 2569 1248 2629 indigitare
1262 2568 1313 2615 ani·

230 2663 299 2700 mum
318 2649 481 2712 induximus,
501 2663 576 2713 quam
593 2651 705 2700 homines
723 2651 767 2713 qui
787 2652 919 2713 praecipue
936 2651 1108 2712 philosophiae
1126 2647 1200 2696 laude
1219 2648 1313 2696 clarere·

231 2731 298 2781 ruul.
318 2731 413 2780 Horum
428 2730 495 2779 enim
512 2730 585 2791 longe
596 2729 674 2779 luslor
685 2730 812 2792 salsingus
828 2729 958 2780 audiisset.
973 2731 1015 2778 Sia
1031 2732 1061 2778 ut
1079 2724 1127 2777 hoa
1143 2729 1197 2776 loeo
1208 2728 1313 2776 nonnul·

231 2811 270 2860 lou
283 2823 297 2858 e
312 2809 489 2858 recenlioribus
506 2810 622 2870 ianrrarn,
640 2809 684 2870 qni
695 2822 753 2870 prae
762 2810 851 2858 ceteris
867 2810 991 2858 amotione
1002 2808 1169 2870 dignumne
1183 2806 1316 2856 Germania

227 2888 360 2950 lieinhold,
370 2889 524 2950 Borrterweh,
534 2887 637 2950 Bardili,
648 2890 724 2950 lirug,
734 2887 837 2949 Baader,
848 2890 936 2949 Kraus,
948 2887 1040 2949 aliique
1052 2885 1257 2936 transcendenlali
1269 2899 1315 2934 me

228 2969 306 3019 thoda
319 2968 355 3018 usi
369 2981 433 3017 nova
444 2968 520 3017 lernae
536 2968 669 3030 systemata
681 2969 836 3030 pepererunt,
852 2968 883 3017 iis
900 2970 991 3028 lamen,
1006 2980 1069 3029 quae
1081 2980 1155 3029 supra
1166 2979 1313 3015 commemo·

227 3048 355 3107 ravimus,
374 3045 469 3096 adrem
486 3046 553 3110 quod
565 3045 661 3107 attinet,
676 3047 717 3096 vix
731 3033 869 3097 dissimilia.
887 3050 914 3096 in
929 3047 1010 3109 Belgio
1028 3049 1121 3096 Ahrena
1138 3045 1312 3095 Germanicum

158 3133 160 3138 ’
229 3127 411 3191 pantheismum
423 3139 488 3176 nova
499 3127 643 3178 simulatum
656 3127 745 3186 torma,
757 3127 805 3177 etsi
817 3127 893 3176 verho
903 3130 989 3190 neget,
1007 3140 1034 3177 re
1044 3130 1127 3176 nmen
1139 3125 1269 3176 mandere
1278 3138 1313 3174 aa

230 3209 263 3259 tis
274 3209 357 3272 aperie
369 3207 476 3258 videtur.
498 3209 527 3258 lu
540 3208 623 3258 Soulia
634 3207 748 3258 William
760 3208 886 3258 liamiltou
902 3208 1059 3258 Sentislieam
1069 3207 1179 3257 sahulem
1191 3208 1241 3256 iam
1253 3219 1316 3270 pene

229 3288 364 3350 collapsam
373 3288 510 3336 sustentare
520 3289 596 3350 atque
606 3299 677 3348 aegre
689 3286 776 3336 iuleire
787 3288 856 3335 nisus
868 3290 914 3348 est,
923 3300 972 3336 non
984 3290 1036 3336 tarn
1048 3288 1106 3336 novi
1117 3286 1211 3336 ruboris
1221 3285 1316 3336 addita·

228 3369 322 3430 mento,
330 3380 405 3430 quarn
416 3367 499 3431 polius
509 3365 620 3416 adversis
630 3367 804 3429 systernatihus
815 3365 950 3415 diruendis.
965 3369 993 3415 ln
1002 3366 1081 3428 ltalia,
1093 3365 1156 3416 inter
1168 3366 1259 3414 multos
1269 3365 1313 3428 qui

227 3449 347 3498 recenseri
360 3449 511 3511 potuissent,
527 3447 610 3510 elapso
621 3447 720 3496 seacula
732 3447 870 3496 Genuensis
882 3449 907 3496 et
922 3447 1008 3496 Gerdii
1019 3446 1200 3512 philosophiam
1213 3446 1315 3496 illustra

231 3531 305 3590 runt3
322 3531 407 3578 nostra
417 3541 478 3579 vero
492 3531 573 3579 aelate
585 3527 750 3591 humagnosi,
767 3527 896 3589 liosmiai,
913 3527 1028 3591 Galluppl
1040 3564 1048 3590 ,
1059 3527 1181 3591 luparelli
1199 3539 1312 3590 mmmm

229 3609 321 3671 ingenii
332 3611 356 3660 el
367 3608 514 3660 eruditionis
528 3608 626 3660 laudem
638 3613 698 3658 aunt
707 3609 844 3672 mandati.
858 3610 886 3658 ln
899 3607 1016 3671 llispama
1028 3609 1124 3665 himas
1135 3610 1199 3660 inter
1209 3619 1316 3658 summo

229 3702 286 3738 rum
297 3689 500 3752 philosophorum
512 3689 613 3742 numina
623 3688 712 3740 meruit
723 3690 843 3752 aoophri.
856 3692 884 3738 ln
900 3689 982 3737 Gellia
992 3689 1114 3750 loullruy‚
1126 3689 1253 3746 Demiror,
1269 3684 1313 3733 lli·

227 3769 319 3832 elidet,
333 3769 430 3832 Guimt,
443 3770 587 3833 Lermiuiea
598 3773 704 3831 Leraux,
714 3772 751 3819 De
761 3773 796 3819 La
806 3768 918 3818 hiennais
926 3782 957 3817 ae
969 3769 1040 3817 mulii
1054 3768 1110 3828 alii;
1123 3779 1228 3828 qrrorum
1242 3764 1318 3812 norni-

227 3861 270 3910 na,
283 3848 303 3898 sl
316 3847 416 3912 lierard,
427 3849 530 3912 Bonaid,
542 3849 654 3912 aliosque
664 3849 743 3899 bonos
755 3853 799 3899 aut
811 3850 899 3899 sallem
911 3847 1078 3898 indifferentes
1090 3847 1206 3907 excipias,
1220 3845 1303 3893 nesmo

226 3930 313 3978 utrum
328 3929 384 3992 plus
396 3928 485 3992 laudis,
498 3932 598 3994 propter
610 3942 688 3992 panea
699 3943 759 3980 vera
769 3943 834 3994 quae
847 3929 957 3989 tradunt,
979 3940 1054 3990 quam
1071 3925 1195 3987 vitrrperil,
1216 3925 1316 3987 propter

227 4009 308 4060 mulla
318 4000 437 4074 masa
452 4012 476 4063 el
491 4009 554 4063 laisa
571 4023 635 4078 quae
655 4009 761 4073 addunt,
780 4010 830 4060 siat
847 4008 976 4060 meritura.
991 4007 1040 4065 Qui
1058 4005 1129 4067 plura
1149 4004 1227 4066 eupit,
1242 4002 1316 4053 adeat
