2892 4425
532 357 606 400 san
628 357 804 408 naminari
1147 344 1204 402 itt

131 471 341 528 elementorum
356 469 542 543 cognitionis,
556 482 633 543 qaae
646 467 684 528 ab
699 469 875 543 experientia
891 483 948 528 nnn
966 467 1091 545 pendem
1106 471 1127 528 ¹.
1143 463 1204 529 lin·

130 565 257 626 insnmdi
285 565 430 642 analyaim
452 565 590 640 perticere
613 565 738 625 intendit
765 581 814 641 por
841 568 1034 642 cognitionem
1054 573 1203 628 transcan-

131 661 299 738 dentalem,
323 679 374 722 sen
396 677 492 739 qnae,
520 679 578 722 non
603 670 663 722 tam
681 662 719 722 de
741 663 860 722 obiectis
882 664 1017 740 (qnorum
1045 665 1204 724 reditatum

131 771 165 822 nt
184 764 278 820 merati
297 765 474 822 inaccessam
488 767 519 820 et
534 777 653 837 prorsas
672 763 851 839 incognitam
872 761 1102 839 praetermittit),
1116 777 1204 839 qnam

130 863 230 940 potins
249 865 406 935 occupetur
424 860 472 938 da·
484 860 676 937 cognoscendi
697 861 802 935 modo,
821 859 983 936 etquidem
1006 861 1037 919 in
1062 867 1205 937 qnantum

132 961 263 1038 cognitio
284 958 413 1034 procedit
433 975 450 1018 a
468 961 569 1034 priori.

191 1058 227 1116 ld
246 1059 413 1132 auspicatus
428 1057 565 1116 observat
582 1059 688 1133 primo,
709 1055 881 1116 iudiciorum
899 1058 1003 1116 inentis
1019 1061 1135 1114 noemae
1148 1056 1206 1116 duo

131 1171 240 1236 genera
262 1158 393 1230 reperiri,
408 1155 467 1214 alia
484 1171 559 1232 qnae
580 1155 711 1215 subiecto
732 1155 864 1215 tribuunt
881 1153 1079 1231 praedicatam
1095 1157 1125 1212 in
1145 1156 1207 1212 sias

131 1258 251 1315 nodone
266 1259 450 1328 contentum,
460 1256 513 1312 etsi
532 1253 666 1330 latentm,
679 1255 749 1329 alta,
764 1269 841 1329 qnae
859 1253 989 1312 subiecto
1006 1250 1205 1326 praedicatum

130 1361 215 1412 extra
228 1355 293 1411 elus
306 1353 452 1410 notionem
466 1354 591 1427 positam
600 1353 750 1435 copulant.
764 1351 871 1428 Prima,
885 1357 985 1428 utpote
998 1364 1073 1427 qnae
1085 1351 1207 1409 notione

132 1451 258 1510 subtecti
279 1449 451 1524 explicanda
471 1456 500 1509 et
520 1451 611 1510 velati
634 1449 792 1510 dividenda
820 1449 1029 1526 proferantur,
1051 1447 1208 1525 appellavit

132 1549 291 1627 analytica
316 1549 362 1608 vel
388 1550 474 1608 mam
493 1547 697 1625 mplieath
717 1563 875 1625 eorumque
900 1549 955 1608 hoc
978 1549 1088 1624 prolert
1109 1561 1205 1606 exem·

132 1648 232 1724 plnum
255 1663 377 1724 carpam
396 1652 466 1706 rarat
489 1651 626 1706 salama.
644 1646 764 1722 Altera,
784 1649 890 1724 qnippe
911 1664 985 1724 quae
1009 1647 1204 1723 praedicatam

134 1762 192 1805 non
207 1763 243 1806 ex
264 1746 386 1805 subiecti
405 1748 521 1804 notione
540 1750 666 1819 eruant,
680 1744 732 1803 sed
752 1745 844 1804 eidem
864 1747 954 1805 veluti
974 1745 1042 1822 qaid
1066 1745 1205 1806 acaedm

132 1843 305 1919 adnatant,
319 1841 485 1921 putarim
503 1844 548 1902 vei
563 1845 652 1903 edam
665 1845 818 1902 mansino
835 1845 1011 1918 nominavit,
1027 1851 1060 1906 nt
1074 1847 1099 1903 st
1117 1859 1206 1904 anun·

133 1947 205 2006 tes:
225 1959 310 2002 omae
328 1958 432 2018 capae
452 1946 495 2000 eri
515 1957 618 2018 praee.
643 1942 705 2002 iam
723 1959 793 2002 vero
813 1947 972 2018 postedma
988 1943 1059 2002 haee
1074 1942 1205 2003 subdiri·

133 2041 354 2102 dmoaaensatt
367 2044 398 2099 in
411 2040 525 2100 iudicia
539 2039 707 2118 symmetra
719 2057 740 2100 o
747 2043 914 2118 posteriori,
925 2047 955 2100 et
969 2043 1002 2098 ia
1014 2039 1126 2100 iudicio
1139 2055 1206 2116 ryn-

135 2139 246 2200 lltetica
265 2157 285 2198 a
304 2141 413 2217 priori.
435 2139 490 2198 llio
506 2155 572 2199 esse
587 2139 664 2200 dixit
682 2155 738 2215 aa,
761 2155 835 2217 quae
856 2138 1033 2214 experientia
1051 2139 1203 2212 nitantnr3
1265 2143 1268 2150 '

133 2240 228 2299 altera
249 2256 339 2314 vero,
364 2255 439 2315 quae
462 2254 520 2297 non
546 2240 577 2297 tn
600 2240 778 2313 experientia
801 2237 980 2311 tundantur,
1007 2236 1056 2293 sed
1080 2250 1118 2293 ax
1140 2237 1205 2309 ipso

135 2340 236 2396 animo
252 2338 397 2411 pronaum
417 2345 518 2412 sponte
537 2354 601 2411 sna,
621 2340 651 2396 vl
665 2336 857 2413 quarumdam
872 2336 1032 2394 formarum
1054 2332 1143 2390 aranti
1163 2333 1206 2391 in·

135 2435 326 2512 hammtium,
346 2451 420 2512 qaas
437 2450 474 2494 ex
492 2438 631 2495 instuctn
651 2450 705 2494 nos
728 2436 845 2493 excitati
868 2434 1004 2492 materiae
1026 2434 1140 2489 nostrae
1160 2444 1206 2487 eo·

135 2535 282 2610 diationis
304 2534 495 2609 applicamus.
523 2516 654 2608 Exempli
678 2535 771 2593 instar
795 2531 902 2607 pmlert
925 2531 1107 2588 enuntiatum
1130 2526 1202 2584 hoe:

136 2629 280 2708 paidqairl
289 2632 349 2708 Ja,
372 2648 492 2691 camara
514 2630 625 2691 talioni
646 2617 792 2709 apricat.
817 2627 899 2702 Quod
919 2626 1041 2687 olfatum
1062 2640 1120 2683 noo
1144 2638 1206 2683 asae

135 2730 312 2807 analyticam
334 2732 402 2791 lodo
422 2730 535 2807 probat,
555 2729 632 2807 qnod
652 2731 732 2788 notio
753 2730 814 2787 eins
833 2724 912 2804 qaod
925 2726 976 2800 fil,
998 2740 1050 2785 seta
1069 2718 1202 2799 effector,

134 2835 303 2903 conceptum
328 2846 434 2889 causae
453 2845 511 2887 non
534 2828 673 2906 includat.
699 2827 764 2886 Non
787 2842 849 2885 esse
872 2840 941 2883 vero
965 2822 1160 2901 synthetlcnm
1186 2834 1204 2878 a

134 2930 297 3002 posteriori,
320 2942 371 2987 aen
391 2942 443 3003 per
464 2928 670 3003 experientiam
692 2926 835 3000 habitum,
861 2932 1011 3001 propterea
1032 2920 1114 2995 dicit,
1136 2921 1204 2995 quia

135 3040 194 3083 non
215 3025 303 3083 modo
321 3042 388 3085 cum
413 3026 652 3100 universalitate,
674 3040 749 3100 quae
773 3040 886 3083 omnem
911 3022 1031 3081 excedat
1057 3021 1203 3095 expericn·

134 3125 219 3197 tiam,
239 3138 340 3182 rernm
360 3126 448 3185 etiam
468 3140 536 3183 cnm
556 3125 726 3182 necessitate
747 3139 806 3182 rem
828 3122 1004 3197 pronuntiat.
1031 3119 1094 3177 Erit
1114 3120 1204 3193 igitur

135 3225 248 3297 generis
268 3223 418 3283 cniusdam
436 3225 528 3297 tertii,
549 3222 586 3280 ad
603 3222 681 3298 qood
701 3236 776 3297 qnae
793 3223 950 3297 pertinent,
971 3234 1006 3277 ea
1026 3216 1122 3275 iicebit
1135 3232 1203 3294 apa·

136 3318 246 3377 thetica
259 3336 279 3377 a
292 3322 389 3395 priori
405 3336 583 3395 nuncupare.
600 3321 632 3377 ln
648 3319 694 3377 his
708 3326 803 3379 autem
818 3320 907 3377 situm
921 3332 983 3376 esse
998 3316 1070 3374 dicit
1084 3328 1204 3390 scopum

133 3433 168 3475 ac
187 3416 276 3475 tinem
298 3419 500 3493 speculationis
518 3425 649 3495 nostrae3
673 3424 824 3494 propterea
846 3416 924 3493 quod
941 3432 977 3474 ex
996 3401 1066 3489 ipsis
1085 3414 1205 3471 scientia

132 3518 229 3575 omnis
243 3532 345 3575 revera
367 3516 515 3591 procedat,
529 3522 746 3592 qnaementem
761 3521 889 3575 nostram
909 3514 1073 3591 cognitione
1092 3512 1204 3586 proprie

132 3614 211 3673 dicta
234 3614 401 3690 amplificet.

66 3774 71 3781 ,
193 3712 241 3772 Sic
263 3713 314 3772 ille
334 3730 417 3773 suam
437 3713 473 3772 de
488 3714 601 3773 indiciis
622 3713 784 3773 doctrinam
803 3714 914 3783 sancit3
938 3710 1084 3787 advqnam
1099 3706 1202 3766 conflr-

134 3810 272 3870 mandam
289 3828 347 3869 non
369 3812 439 3870 alias
453 3814 579 3871 rationes
598 3811 696 3886 alfort,
712 3814 767 3869 nisi
782 3808 861 3887 quod
881 3810 1014 3885 deinceps
1036 3806 1203 3882 praecipuas
1266 3860 1270 3875 ,

196 4032 204 4070 t
221 4023 321 4071 Crillco
333 4024 450 4071 ilationir
465 4022 553 4073 Pa'rae
569 4028 732 4074 accersione
747 4026 867 4073 Garrwo.
882 4024 956 4071 Boas.
