2892 4425
556 381 634 424 aare
654 380 771 424 emm
1130 373 1184 425 inu

110 453 476 568 neminemneminer
498 499 599 549 revera
618 503 679 548 non
699 494 803 564 point.
826 485 939 547 liatnra
960 490 1037 546 enlm
1059 491 1185 550 raliona-

110 588 149 647 lis
167 593 268 662 suapte
288 589 318 645 vl
339 585 378 646 ud
397 602 505 653 rernm
520 586 729 662 mnnesendnm
750 591 780 646 et
799 585 971 648 dictandum
1001 587 1184 650 conformale

109 692 175 762 ειη
195 683 276 761 qnod
293 686 346 761 qni
365 691 468 762 neget,
487 687 514 745 ls
532 690 627 744 totum
646 687 845 763 cognitionum
867 683 1061 746 humanarum
1084 687 1184 746 aedili·

109 787 207 860 dnm,
237 791 272 844 nt
291 784 411 843 domum
431 785 508 844 male
526 787 708 844 muter-ialam
736 785 826 842 immo
845 784 1042 844 fundamentis
1062 784 1182 846 ‹lesdin-

111 889 191 958 lum,
220 884 334 941 evertit.
363 883 461 956 Quare
487 887 568 958 patet
591 881 806 941 validissimum
831 885 1035 957 argumentum
1062 897 1098 942 ex
1127 882 1183 942 hoe

110 981 258 1039 cmrmunl
278 995 365 1040 mnan
386 980 500 1039 desumi
519 997 604 1056 posse
623 981 661 1040 ad
682 981 836 1055 veritates,
858 997 911 1056 pro
931 980 1037 1056 qulbus
1057 981 1180 1056 mllitut,

109 1078 350 1153 comprobandas.
371 1077 456 1138 Tune
484 1081 563 1137 enim
588 1080 756 1138 testimonio
782 1079 846 1153 ipso
873 1082 995 1137 naturae
1022 1077 1181 1155 docemur3

110 1177 271 1253 siqnidem,
297 1183 331 1235 nt
349 1179 421 1236 selle
439 1176 572 1252 Tullius,
592 1179 673 1236 omni
692 1178 726 1236 in
745 1191 777 1234 re
796 1177 945 1236 consensio
965 1177 1094 1235 onmium
1113 1192 1183 1252 gen-

111 1278 186 1334 tium
206 1273 256 1333 les
274 1278 400 1334 naturae
414 1273 556 1352 putanda
575 1277 621 1334 ecl
633 1277 656 1334 ¹.
678 1274 739 1334 llee
758 1289 867 1350 errore,
889 1289 924 1332 ex
939 1275 1116 1350 contingenti
1131 1274 1183 1332 all·

109 1389 168 1450 qna
192 1389 283 1433 eausa
303 1380 355 1432 aut
373 1373 580 1449 lmmdlmento
598 1375 797 1449 proveniente,
819 1371 928 1432 ludlela
948 1371 998 1431 illa
1020 1370 1097 1430 allici
1117 1387 1184 1448 pos·

108 1476 188 1531 sunt.
210 1470 245 1530 ld
264 1473 342 1530 enlm
363 1469 598 1546 characteribus,
622 1469 728 1546 quinus
748 1471 971 1548 insigniuntur,
996 1468 1181 1546 excluditur;

108 1574 138 1628 et
156 1571 326 1644 praesertim
351 1585 388 1627 ex
410 1569 631 1628 universalitate
651 1584 741 1645 quam
765 1567 884 1628 habent.
912 1567 1025 1628 Natura
1048 1571 1125 1628 enim
1152 1571 1182 1628 ln

108 1682 169 1726 nno
187 1667 234 1726 vel
257 1668 349 1726 altero
367 1667 490 1727 deiicere
511 1667 668 1743 aliqnando
686 1673 803 1744 potest,
828 1669 860 1727 ln
878 1666 1013 1727 omnibus
1034 1683 1100 1727 vere
1123 1684 1182 1727 non

108 1771 223 1841 poten,
248 1767 376 1825 maalme
399 1781 467 1825 cnm
487 1765 569 1825 nulia
594 1771 713 1842 apparet
739 1781 848 1844 eausa,
874 1781 950 1843 qnae
969 1765 1037 1826 hule
1057 1765 1184 1827 delectui

8 1918 16 1934 ,
109 1863 285 1942 explicando
304 1879 358 1939 par
377 1865 417 1923 sit
435 1866 460 1923 ².

169 1968 222 2020 iu.
242 1961 285 2021 At
302 1960 404 2020 sedulo
422 1975 522 2021 eorum
543 1961 683 2039 inglendn
702 1963 801 2038 opinio
820 1969 883 2040 est,
912 1967 963 2041 qul
983 1979 1085 2024 sensus
1107 1979 1183 2024 eom-

108 2062 208 2120 munis
227 2064 353 2118 naturae
371 2061 509 2136 nontine,
530 2061 613 2137 nm,
633 2063 733 2121 neseio
752 2076 862 2154 qnam,
884 2061 922 2121 ab
942 2061 1133 2140 intelligentia
1154 2069 1182 2122 et

98 2157 332 2217 -ranoclmuone
353 2156 501 2218 dlamsum
520 2159 767 2236 interpretantur,
789 2176 849 2238 qna
868 2159 1002 2220 homines
1022 2163 1052 2219 ln
1065 2141 1182 2221 ‘ludlela

106 2255 265 2332 qmednm,
283 2271 343 2314 non
363 2271 414 2331 per
434 2271 466 2315 se
485 2256 653 2317 immediate
672 2256 835 2335 evidentia,
857 2274 910 2317 nee
930 2264 1076 2335 comperta
1096 2274 1180 2335 expe-

108 2355 262 2429 rimentis,
290 2368 345 2412 nee
364 2356 518 2413 ratiocinio
536 2354 689 2433 denseta,
709 2360 912 2433 prommpnnt.
935 2355 1090 2414 Enimvero
1111 2355 1184 2415 haee

107 2453 207 2528 opion
226 2449 404 2511 naeniam
423 2454 646 2529 imperationem
671 2460 815 2513 sernum
835 2462 863 2513 et
875 2438 996 2513 'enema
1014 2452 1184 2530 nannetica

108 2551 242 2626 conosi
262 2549 427 2626 Kontlana,
448 2566 524 2627 qnae
542 2550 607 2611 inse
626 2553 658 2611 ln
678 2550 835 2627 Ontologla
852 2549 1029 2609 refellentur.
1053 2550 1136 2609 Certe
1156 2556 1182 2610 si

109 2663 193 2706 mens
213 2649 278 2706 sine
297 2649 410 2707 motivo
429 2646 703 2709 obieatisassentirl
721 2650 844 2726 nequit,
873 2664 908 2709 eo
927 2647 988 2707 iere
1008 2646 1098 2708 modo
1124 2664 1183 2725 qno

107 2748 212 2807 oculus
232 2749 297 2815 sine
310 2747 376 2806 luca
394 2762 516 2824 corpora
536 2754 666 2825 spectare
685 2764 746 2809 non
765 2754 875 2825 potest,
897 2756 955 2825 quo
976 2752 1060 2824 pecto
1079 2746 1130 2807 liet
1149 2752 1184 2808 ut

6 2913 9 2927 .
108 2845 367 2922 innunoroierrt
391 2846 566 2923 rationalia,
594 2846 666 2923 quin
686 2862 720 2906 ea
747 2854 798 2906 ant
822 2863 924 2923 perse
948 2844 1094 2907 evidentia
1120 2862 1183 2906 esse

107 2946 350 3019 complentem
369 2944 487 3004 aliunde
506 2945 707 3005 mtioelnando
726 2944 859 3005 derivell
879 2946 943 3019 Qua
963 2943 1119 3004 suidelenll
1140 2962 1184 3005 ra·

107 3043 210 3117 tione,
232 3057 309 3118 quse
328 3044 358 3100 in
380 3042 492 3101 obleolo
511 3044 607 3119 posita
626 3045 685 3119 alt,
706 3044 837 3104 allaturi
857 3049 909 3104 unt
928 3058 987 3120 quo
1007 3042 1182 3103 assentiendi

107 3143 232 3217 motivo,
253 3146 288 3200 nt
307 3138 345 3199 ad
364 3156 515 3200 assensum
535 3141 699 3200 istiusmodi
719 3140 871 3217 rapiatur?
890 3140 985 3200 Emnt
1004 3138 1054 3199 llla
1075 3138 1183 3199 indleln

107 3239 254 3315 maedam
275 3253 363 3299 caeca
382 3254 415 3298 er
437 3237 529 3298 iundo
549 3240 670 3298 rationis
689 3242 877 3316 emergentia,
898 3239 1004 3316 quibas
1025 3238 1106 3297 nulla
1125 3240 1183 3296 evi·
1227 3242 1231 3251 '

106 3335 230 3413 umus,
252 3335 304 3395 sed
324 3335 397 3396 ildes
417 3336 571 3396 dumtaxat
589 3343 706 3396 nostrae
725 3345 848 3397 naturae
869 3336 968 3397 habita
988 3338 1181 3395 continemur.

107 3434 144 3494 ln
157 3435 283 3496 eundem
304 3437 395 3513 lgltur
409 3434 562 3510 scopulum
582 3436 789 3512 impingemus,
810 3450 895 3511 gnam
910 3450 998 3511 supra
1011 3430 1047 3492 de
1067 3434 1183 3493 eriterlo

170 3648 179 3686 ι
198 3638 304 3687 Ynsenl.
316 3638 333 3687 l.
349 3646 368 3688 ι.

165 3721 227 3768 ilis
241 3721 366 3769 communi
388 3722 491 3770 naturae
500 3734 573 3770 sensu
585 3721 760 3784 patrimonium
774 3720 834 3771 illud
846 3720 960 3783 ellicilur,
975 3732 1025 3782 quo
1041 3718 1183 3768 universnm
1230 3713 1235 3719 '

108 3797 239 3848 hominnm
251 3812 329 3862 genus
340 3804 429 3851 nutura
440 3801 546 3862 dotavit,
564 3801 680 3864 qrrodque
690 3801 721 3851 ad
737 3801 802 3851 vitoe
814 3814 885 3851 usum
896 3801 999 3863 siugulis
1010 3798 1100 3862 oppido
1110 3796 1184 3845 lromi·

108 3876 183 3926 nibus
196 3884 293 3940 praesto
304 3883 351 3929 est.
363 3883 392 3929 in
402 3895 431 3930 eo
441 3882 507 3931 enim
518 3880 688 3932 distribuendo
697 3884 786 3933 natura
797 3883 888 3931 nemini
899 3880 984 3931 deluit.
997 3880 1078 3937 Quare
1089 3876 1113 3927 ln
1124 3877 1184 3926 eius

107 3956 178 4006 modi
188 3959 329 4021 cognitione
338 3973 424 4011 omues
434 3963 567 4026 generatim
577 3963 687 4012 homines
696 3950 896 4026 aequiparantur,
907 3974 952 4013 nec
961 3956 1182 4025 praestenlisslmus

7 4094 8 4097 ,
106 4038 174 4088 inter
185 4039 344 4104 nullosnullos
356 4043 442 4093 rudem
453 4044 577 4094 hominem
591 4056 619 4094 nc
629 4045 754 4107 vulgarem
769 4042 898 4094 anlecellll.
