2892 4425
439 384 516 429 rens
537 383 658 428 ennae
678 398 691 414 ·
712 378 929 429 menacensis
1022 432 1028 443 ⁸
1163 376 1216 429 iii

141 501 227 559 enim·
242 496 421 575 hypotheses
438 495 503 555 iieri
524 499 663 571 possent,
689 508 743 553 cur
765 493 795 551 id
818 509 877 553 non
896 492 980 568 piene
1001 488 1139 553 suidciat.
1165 492 1220 555 Ge·

140 598 268 659 neratim
291 598 371 654 enirn
398 592 573 653 caviiioenm
598 597 644 650 est
663 590 720 649 boc
747 595 971 667 argumentum:
994 588 1048 649 Fit
1069 594 1220 668 impressio

140 698 174 755 ire
188 698 280 771 ports
306 691 412 769 oiiqeeo
438 693 581 768 coeperim
606 706 676 765 erqo
706 686 882 764 respondeus
908 689 968 764 ipsi
989 690 1116 747 semotio
1139 693 1220 749 esci·

142 797 237 852 iuius.
257 790 372 866 Optime
384 790 464 848 enim
477 790 647 863 contingere
659 792 756 861 potest
772 789 805 842 ut
823 786 976 859 impressio
997 785 1048 845 iiia
1068 800 1146 844 mere
1161 802 1219 845 ms·
1238 814 1244 825 ·

141 889 265 949 ebenina
276 893 406 959 maneat,
418 886 490 961 quin
505 883 628 960 proinde
640 898 744 942 sensus
758 882 836 941 niius
850 881 1055 957 subsequutum
1067 891 1219 958 propiores

140 986 220 1062 qnod
242 983 373 1043 conditio
393 982 491 1057 atique
513 980 590 1040 desit
611 980 649 1039 sd
673 980 867 1039 sensationem
890 978 1074 1038 excitandum
1091 994 1220 1041 assema-

142 1084 198 1143 riu.
220 1080 267 1140 Ad
285 1079 363 1156 quod
391 1077 609 1154 inteiiigendum
635 1080 665 1136 in
696 1064 867 1134 memoriam
898 1080 1051 1135 revocetur
1066 1075 1115 1152 id,
1140 1078 1219 1152 quod

142 1179 272 1238 dminus
289 1177 326 1236 de
340 1178 603 1237 communicatione
625 1177 703 1233 inter
724 1176 885 1233 sensorium
905 1178 935 1232 et
955 1171 1104 1233 cerebrum
1126 1178 1219 1251 requi-

143 1278 200 1337 sita
227 1291 281 1351 pro
305 1274 518 1333 sensatiouibus
543 1271 695 1331 habendis.
721 1271 776 1329 iiia
795 1272 1020 1329 communicatio
1038 1276 1119 1330 motu
1146 1286 1219 1347 quo·

45 1352 52 1363 ’
143 1372 212 1431 dam
227 1371 375 1447 periicitur
390 1369 474 1430 fluidi
492 1370 644 1429 cuiusdam
660 1368 847 1443 pervadentis
863 1382 980 1442 nervos,
995 1370 1046 1443 qui
1063 1384 1080 1426 a
1101 1366 1218 1429 cerebro

145 1468 183 1528 ad
198 1470 359 1527 sensorium
384 1467 608 1543 protenduntur.
631 1465 694 1524 Nisi
713 1468 803 1541 igitur
822 1471 919 1523 motus
939 1463 1081 1523 eiusmodi
1100 1464 1138 1523 sb
1156 1464 1219 1523 ido·

144 1569 208 1626 nais
227 1568 323 1626 causis
341 1568 424 1625 iusta
443 1566 521 1641 iegss
543 1581 562 1623 a
581 1568 687 1622 numm
706 1561 850 1637 praefixas
874 1564 1036 1641 excitetur,
1059 1576 1120 1620 non
1139 1560 1219 1621 suffi·

144 1666 185 1723 cit
197 1661 235 1722 sd
247 1664 442 1721 oenutiomm
464 1660 628 1720 babendum
649 1666 682 1719 ut
702 1660 856 1735 impressio
879 1658 975 1735 aitque
995 1660 1153 1734 utcumque
1166 1658 1220 1720 flat
1312 1704 1315 1711 .

144 1763 176 1819 in
200 1762 329 1836 organis.
354 1758 403 1827 Sic
420 1758 557 1817 uidemus
586 1756 761 1835 quandoque
784 1756 941 1816 nonnullos
961 1756 1088 1815 dormire
1113 1758 1219 1831 apertis

145 1856 249 1931 seniis,
268 1859 339 1932 quin
353 1862 449 1914 tamen
464 1856 624 1931 quidquem
634 1855 827 1930 conspiciant3
841 1860 992 1929 propterea
1003 1852 1081 1930 quod
1095 1856 1126 1912 in
1140 1858 1219 1912 statu

145 1951 383 2039 somnioiiaidnm
400 1951 475 2011 iiiud
491 1966 632 2012 nervuum
652 1950 813 2010 amotibus
832 1952 893 2009 suis
907 1950 1115 2026 concipiendis,
1133 1955 1221 2025 prout

146 2054 275 2125 oportet,
299 2050 467 2126 impeditur.
547 2122 553 2133 .

205 2146 340 2207 Concedo
358 2146 491 2224 equidem
512 2147 577 2207 dari
602 2147 778 2225 quandoque
802 2148 996 2223 sensationes,
1013 2152 1043 2205 et
1060 2146 1219 2223 generatim

145 2249 344 2322 perceptiones
361 2247 487 2307 directas
506 2249 539 2306 iu
560 2250 670 2323 animo,
689 2247 760 2323 quin
777 2247 838 2306 uiia
850 2261 957 2306 earum
977 2246 1152 2304 conscientie
1172 2259 1220 2303 ex·

147 2345 268 2402 orietur.
287 2343 322 2402 id
344 2350 407 2403 tom
426 2344 557 2404 accidere
578 2345 715 2420 arbitror,
736 2361 802 2403 cum
818 2345 1014 2419 perceptiones
1035 2342 1079 2400 vei
1102 2342 1219 2418 iugeces

146 2445 229 2514 suut,
251 2441 295 2498 rei
313 2441 442 2517 debiles,
465 2442 512 2500 vei
529 2445 606 2501 inter
626 2459 657 2501 se
676 2441 835 2517 coniusee,
858 2447 909 2501 ant
933 2457 999 2500 cum
1021 2442 1136 2498 animus
1161 2439 1220 2497 alio

146 2538 308 2595 attentione
326 2537 507 2598 distrahimur.
530 2539 636 2599 Utrum
656 2555 729 2599 vero
746 2542 858 2615 praeter
876 2538 930 2598 bas
944 2553 1047 2597 causas
1064 2535 1138 2595 aiiae
1161 2537 1220 2593 sint

146 2649 223 2709 quse
244 2637 450 2694 conscientium
475 2636 654 2713 impediunt,
681 2639 711 2694 in
733 2638 878 2712 praesenti
906 2652 965 2695 non
984 2649 1113 2711 quaero,
1135 2649 1171 2692 ne
1188 2634 1219 2691 in

147 2730 268 2806 iongam
289 2733 433 2809 anaiyeim
457 2736 519 2792 sine
539 2737 712 2793 necessitate
731 2733 880 2792 ebeumus.

207 2826 263 2886 Sed
279 2828 464 2888 vehenmenter
483 2829 597 2888 indcior
617 2833 792 2906 principium
818 2831 951 2908 generale
975 2830 1220 2907 adversariorum,

147 2939 252 3000 nempe
269 2925 348 3001 qnod
366 2929 461 3002 posita
478 2929 670 3002 impressione
689 2943 845 3004 exsurgere
867 2927 971 2988 debeat
988 2930 1124 2988 sensatis.
1146 2926 1222 2987 Nam

146 3023 211 3096 peri
228 3018 316 3080 modo
329 3023 476 3083 affirmare
491 3039 604 3099 possem
619 3024 698 3100 quod
711 3028 807 3101 posita
822 3029 987 3086 sensatione
1001 3041 1157 3103 exsurgere
1172 3025 1221 3085 de·

146 3117 217 3178 beot
233 3121 361 3180 eiusdem
376 3124 565 3180 conmissus.
581 3122 742 3198 Utrobique
760 3126 837 3183 enim
852 3140 905 3200 par
922 3127 1001 3202 uiget
1018 3126 1103 3184 ratio.
1118 3124 1223 3197 Quem·

148 3215 306 3276 mmmum
319 3220 411 3295 enim,
424 3221 520 3294 posita
537 3222 737 3295 impressione,
757 3237 808 3296 per
828 3220 1013 3280 adversarios
1033 3223 1159 3298 positum
1179 3223 1224 3278 est

147 3311 293 3373 obiectum
314 3318 507 3392 sensadonis3
521 3319 564 3375 ite
576 3333 629 3392 per
641 3333 700 3393 me,
723 3321 819 3393 posits
835 3321 1012 3394 sensatione,
1032 3321 1160 3394 positum
1180 3322 1224 3376 est

147 3408 294 3469 obiectum
314 3413 521 3472 eoosdentiae.
534 3412 566 3472 Si
586 3415 675 3490 igitur
692 3413 852 3473 adversarii
868 3415 979 3474 nuliam
1001 3417 1224 3491 repugnantiam

148 3505 251 3566 rident
268 3509 300 3566 in
316 3508 372 3568 boc
391 3508 482 3585 quod,
504 3517 637 3570 metante
657 3515 834 3588 sensatione,
855 3515 1033 3572 conscientia
1053 3528 1112 3573 nou
1126 3527 1225 3572 couse-

147 3607 276 3677 quater,
303 3617 357 3662 cnr
378 3620 540 3682 repugnare
562 3606 652 3666 debet
668 3609 766 3685 quod,
785 3613 923 3669 exstante
943 3613 1148 3688 impressione,
1165 3625 1225 3669 non

146 3707 344 3774 consequntur
360 3706 504 3763 senentio?
517 3704 693 3764 Praesertim
707 3722 774 3765 cnm
794 3706 833 3767 ad
851 3710 1045 3768 sensationem
1063 3708 1226 3768 habendam

146 3809 207 3854 non
224 3795 354 3858 sufficiat
365 3799 471 3859 obiecti
485 3808 599 3861 tantum
617 3801 759 3880 influxus,
776 3803 827 3863 sed
848 3809 1011 3882 requiratur
1030 3808 1147 3881 insuper
1162 3811 1227 3864 tum

147 3893 211 3951 uite
230 3894 262 3952 iu
284 3910 397 3972 organo
410 3903 474 3957 tum
494 3899 623 3959 eiumem
638 3899 742 3960 idonea
757 3902 922 3978 dispositio;
937 3903 974 3962 sd
988 3917 1089 3979 quam,
1104 3909 1137 3960 nt
1151 3902 1227 3977 dixi,

147 3992 275 4064 undeet
294 3992 379 4054 fluidi
401 3998 500 4056 remei
518 4013 536 4056 s
557 3998 676 4059 cerebro
701 4002 897 4074 provenientis
912 4000 1057 4081 expeditio
1069 4006 1098 4058 et
1114 4004 1226 4076 motus,
