2892 4425
228 354 287 408 28⁶
398 358 576 404 mersus.
595 357 683 404 mc.
708 356 787 404 utus
808 355 928 404 turm
947 373 961 390 -
983 359 1134 429 urceos,

230 495 244 522 ι
266 466 1314 546 mminqmestsimilitudomtrreespreleietnenlndtrtdu

230 591 244 618 ι
266 568 339 626 lium
357 567 570 642 principiorum
586 569 608 624 ¹.
625 589 639 617 ι

284 662 338 724 lli.
360 661 534 724 Universolo
552 663 698 724 iormsurr
714 663 925 742 mumdum
943 681 995 726 seu
1015 669 1047 727 ri
1067 669 1171 745 enimi,
1184 683 1245 745 quo
1256 685 1311 730 oo-

225 761 348 851 gllendo
365 764 545 822 seemnimus
562 777 600 822 es
617 777 693 839 quse
715 761 846 839 implexo
865 769 935 824 sunt
954 771 1068 842 mutuo,
1086 773 1117 826 et
1134 781 1225 828 unum
1242 771 1312 828 sine

226 862 321 922 uitem
344 863 377 920 in
400 863 520 938 propriu
546 867 577 920 et
593 860 740 921 obieetirs
764 863 810 920 sui
836 863 950 922 rationo
971 863 1215 940 oontemplunrur.
1240 866 1310 938 Quo

226 960 291 1020 loon
309 958 601 1020 animadvertendum
618 965 676 1035 eet,
695 960 775 1019 sieut
790 957 879 1020 detur
897 959 1006 1036 duplex
1028 963 1178 1038 rogitabo,
1194 961 1310 1022 directe

225 1072 331 1135 nempe
348 1064 380 1117 et
397 1057 518 1133 reilern,
537 1059 582 1118 sio
598 1056 664 1115 deri
680 1052 827 1133 dupiinem
845 1057 1082 1134 msuncuenem,
1098 1075 1226 1135 quarum
1245 1076 1308 1121 unu

225 1156 265 1216 nd
286 1158 415 1232 primum
436 1155 590 1231 ordinem,
611 1151 711 1214 bitem
733 1153 771 1214 ud
793 1155 954 1216 seeundum
977 1159 1112 1233 munet.
1138 1157 1309 1219 Absumus

225 1256 346 1331 propris
361 1253 473 1314 ordinis
489 1253 591 1314 rederi
608 1252 668 1312 diri
687 1257 784 1329 potest
806 1253 979 1314 secundnm
997 1259 1028 1314 et
1047 1254 1182 1331 mistim
1205 1263 1308 1332 quote·

226 1367 285 1413 nus
300 1359 454 1413 exornetur
472 1355 552 1412 eires
571 1351 686 1412 obieote
709 1353 769 1411 iem
789 1351 938 1412 intellectu
960 1353 1097 1429 sogolla,
1122 1357 1153 1413 et
1172 1353 1309 1430 presedit

224 1451 429 1511 observsiioue
450 1451 592 1510 similium
610 1449 657 1509 rei
678 1448 867 1510 dissimilium
885 1449 924 1510 od
942 1449 1086 1510 eruendus
1105 1465 1206 1510 eorum
1223 1453 1309 1511 ebrii·

224 1547 363 1608 litudines
379 1547 427 1606 rel
444 1548 611 1607 rnriemtes.
631 1549 672 1607 At
689 1547 851 1608 obstructio
870 1549 989 1624 propriu
1006 1547 1118 1608 ordinis
1134 1549 1251 1627 diserti,
1269 1549 1308 1610 ds

225 1659 286 1722 que
305 1643 357 1703 hie
373 1643 534 1720 loquimur,
551 1643 691 1720 eppeiieri
711 1650 808 1720 potest
826 1647 975 1721 primitiva
994 1651 1024 1706 et
1043 1645 1189 1724 absolun,
1205 1653 1307 1723 quum-

224 1757 282 1802 nus
299 1746 450 1807 exornetur
471 1757 525 1817 pro
546 1745 642 1818 primo
662 1749 731 1803 netu
754 1745 930 1820 cognitionis
953 1743 1169 1821 intellectualis,
1192 1746 1305 1820 ipsum-

224 1855 284 1916 qus
301 1838 467 1916 praeeedb,
488 1841 514 1900 ei
535 1856 596 1901 non
614 1845 758 1918 ternpore,
784 1841 888 1902 snioem
908 1846 1026 1902 natum.
1051 1842 1112 1903 lieo
1131 1857 1202 1902 vero
1223 1858 1305 1904 eenr-

223 1937 406 2014 pnrutionem
424 1937 517 1998 uilem
532 1939 660 1999 instituit
674 1945 727 1999 out
741 1938 951 2016 sequiturssed
968 1941 1135 2000 instineiive
1151 1945 1306 2002 exoeeetur

224 2035 397 2096 resolvendo
417 2037 449 2096 in
473 2035 587 2096 obieoto
610 2036 744 2097 sensibus
767 2038 949 2114 apprehenso
973 2036 1207 2114 quiddiieiorne
1235 2047 1307 2098 mn·
1341 2025 1346 2046 ’

224 2132 385 2195 ditionibus
405 2133 636 2197 individualibus
658 2141 689 2196 ot
711 2137 867 2196 poneretis.
895 2135 941 2198 liu
963 2151 1023 2212 qun
1043 2141 1147 2212 potet,
1170 2135 1306 2198 eumden

103 2322 105 2327 Ι
224 2234 367 2312 distingui
381 2236 469 2295 etium
488 2236 526 2295 nb
543 2235 739 2295 obstructione
758 2236 917 2311 improprie
930 2233 1023 2310 dicim
1042 2250 1118 2311 quse
1137 2250 1196 2295 non
1215 2237 1305 2313 qnid·

224 2330 347 2391 ditstern
365 2346 385 2391 o
408 2331 540 2393 subiecto
559 2339 712 2408 nonoreto,
734 2332 787 2392 esd
807 2348 898 2392 uuum
914 2336 1028 2407 purtem
1045 2334 1173 2393 moerori
1190 2330 1229 2393 sb
1244 2333 1306 2395 eliu

224 2430 361 2507 seeernit,
380 2432 500 2490 retentis
514 2429 732 2490 ohnrueteribns
754 2429 997 2507 individualibus,
1013 2430 1116 2491 suiten
1135 2431 1322 2508 nonnuliis3‘

224 2527 470 2603 quemadmodum
487 2544 575 2605 serpe
591 2529 737 2605 eontingit
756 2528 787 2587 in
805 2527 919 2588 notibus
935 2530 1166 2606 imaginationis,
1185 2530 1217 2590 ri
1229 2544 1303 2605 quo-

197 2639 290 2699 „rum
316 2642 366 2687 ex.
390 2642 437 2704 gr.
461 2625 689 2702 apprehenditur
715 2626 910 2689 determinate
931 2626 1075 2705 mundum
1099 2626 1217 2706 ligure,
1241 2628 1305 2688 slus

223 2726 348 2786 muteris
368 2726 403 2785 in
419 2740 481 2801 que
496 2724 548 2785 iilo
570 2726 662 2801 riget

284 2936 422 2989 idum
438 2934 846 3002 Titeoi.tp.,q.st,u.²ud2.
977 2950 992 2987 η

585 3490 672 3533 Bittis
694 3490 940 3533 uslcnomullu.
