2892 4425
380 371 511 415 consciit
538 370 613 413 etus
642 368 758 411 mm
773 384 785 397 ·
800 368 960 413 PROLOGUS
1167 360 1204 410 6⁹

133 484 308 541 tractatione
334 484 497 540 arctissime
525 476 717 555 callicantur.
749 454 928 537 Huiusmodi
950 482 1021 537 mut
1044 494 1119 555 quae
1143 483 1207 539 ceri

130 582 317 654 conceptum,
344 580 455 639 noetioa
479 578 666 635 assentientis
685 577 796 649 animi,
822 577 974 635 criterium
995 574 1205 636 diiudicandae

132 678 281 751 veritatis;
306 675 473 738 methodum
490 672 670 753 procedendi
691 676 724 732 in
747 676 892 748 scientiis,
915 678 1004 753 atqsce
1025 673 1072 735 bis
1091 674 1204 734 nmilia

131 778 302 852 respiciunt.
318 776 432 835 Horum
446 778 554 835 notitia
571 789 748 851 maquopere
763 777 926 833 nmmsaria
939 779 983 833 ost
995 772 1037 833 ad
1048 773 1204 836 clariorem

132 872 400 950 distinctioremque
419 870 601 948 efficiendam
619 872 815 948 manitionem
834 888 942 945 rerum,
968 888 1043 949 quae
1063 875 1097 931 in
1113 872 1205 932 diale-

132 972 210 1028 ctice
230 968 359 1029 traditae
376 974 455 1043 suut,
472 972 502 1027 et
517 966 559 1027 ad
575 966 772 1028 adolescentes
783 969 1008 1047 praeparandos
1023 973 1207 1048 suaviterque

115 1065 326 1143 disponendas
346 1084 404 1144 pro
425 1067 583 1126 altioribus
604 1066 869 1144 subtilioribnsque
894 1067 1078 1142 nodonibus,
1101 1068 1207 1145 quibus

128 1169 235 1241 postea
253 1168 286 1223 in
308 1164 511 1243 metaphysica
528 1163 632 1245 daturi
654 1168 877 1245 suutoperam.
899 1164 1027 1225 Accedit*
1042 1166 1208 1243 exemplum

136 1265 199 1321 tum
212 1265 404 1323 recentiorum
423 1268 484 1321 tum
497 1268 636 1337 veterum,
654 1265 705 1340 qui
719 1280 841 1340 suuper,
859 1268 952 1340 prout
969 1269 1128 1341 temporum
1141 1282 1207 1324 can·

134 1358 210 1419 ditio
229 1359 314 1435 tulit,
335 1359 413 1421 idem
429 1359 624 1437 factitarunt.
649 1360 819 1421 Aristoteles
836 1363 915 1438 ipse,
936 1362 1112 1437 Loqieomem
1128 1366 1208 1422 anti-

133 1461 307 1537 quissimus,
334 1463 379 1520 ita
402 1461 435 1519 in
454 1463 515 1519 suis
541 1459 577 1518 de
597 1476 629 1519 re
648 1458 746 1537 loqicu
772 1459 857 1519 libris
878 1464 1030 1521 ratiocinii
1049 1468 1210 1540 praecepta

134 1556 275 1632 tradidit,
298 1563 332 1616 ut
353 1557 444 1617 simul
465 1574 525 1617 non
545 1573 643 1635 pauca
668 1557 829 1619 identidem
852 1562 1053 1635 immiscuerit,
1078 1578 1158 1645 qssae¹
1172 1560 1209 1619 de

134 1656 314 1731 ionorantia,
341 1654 377 1714 de
400 1659 532 1731 seientia,
558 1654 595 1715 de
617 1655 802 1732 cadludine,
827 1656 1013 1717 de'errorum
1031 1662 1139 1733 causis,
1163 1664 1209 1718 at·

134 1768 190 1828 que
209 1750 278 1812 aliis
300 1752 442 1813 eiusmodi
461 1758 643 1831 nocumentis
664 1760 787 1829 uberent
807 1760 828 1813 ¹.

195 1850 270 1928 Apte
289 1852 384 1927 icitur
396 1851 613 1930 portentosae
627 1858 786 1930 postquam
802 1856 967 1931 spinosiora
983 1853 1050 1930 illo,
1071 1868 1147 1934 quae
1166 1855 1207 1915 ad

136 1947 331 2009 Dialectieam
348 1950 548 2026 pertinebant,
568 1954 706 2010 accurate
724 1953 808 2026 satis,
827 1956 862 2012 ut
879 1952 1019 2040 arbitror,
1036 1958 1210 2031 prosequuti

134 2064 252 2123 sumus;
275 2046 353 2107 banc
374 2047 499 2108 alteram
523 2050 647 2125 Lauicae
663 2055 782 2127 partem
803 2050 1010 2126 subnectimus,
1031 2068 1107 2128 quae
1128 2069 1210 2130 supe-

135 2147 243 2205 riorem
268 2145 362 2206 veluti
378 2148 517 2226 perficiat
536 2153 567 2206 et
585 2147 733 2209 absoluat.

96 2269 101 2291 ι
200 2243 265 2316 Oua
286 2245 403 2322 quidem
423 2247 456 2305 in
473 2264 504 2305 re
519 2245 577 2307 duo
593 2249 668 2306 uitio
687 2247 811 2307 citanda
829 2253 917 2307 ssent:
940 2264 1031 2308 unum
1051 2265 1087 2308 ne
1108 2255 1212 2309 lenanu

136 2341 170 2398 in
189 2341 420 2418 metaplasmum
440 2348 566 2419 secetem
590 2344 699 2418 Loaica
711 2342 824 2420 falcem
844 2347 974 2419 inmeiat,
996 2349 1148 2423 utriusque
1165 2347 1211 2407 di·

68 2511 73 2519 .
137 2436 282 2515 scibiliuae
306 2441 437 2497 terminis
458 2439 536 2498 male
553 2443 735 2516 permixta,-
755 2440 883 2520 alterum
907 2459 945 2500 ne
965 2447 1143 2502 amittantur
1164 2451 1209 2516 ea,

136 2551 213 2612 quoe
230 2533 319 2594 buius
332 2533 493 2612 facultatis
502 2541 581 2596 sunt
598 2518 728 2598 mascime
738 2542 876 2616 propria.
897 2537 937 2598 Id
954 2541 1055 2617 itaque
1074 2545 1212 2618 reputan-

139 2638 180 2692 tes
204 2639 298 2700 tatam
323 2632 411 2692 buius
430 2633 488 2694 laci
506 2638 704 2712 quaestionem
721 2639 764 2695 sic
779 2640 943 2714 partimur,
968 2644 1004 2697 ut
1021 2641 1154 2715 mmmm
1177 2639 1213 2698 dc
1237 2628 1240 2633 ’

137 2737 262 2793 ueritate
274 2775 283 2807 ,
308 2737 451 2811 quantum
475 2733 634 2812 looieorum
662 2737 805 2811 interest,
827 2738 976 2814 numaque
997 2736 1096 2814 quoad
1118 2740 1214 2814 ipsam

115 2831 287 2893 ·bumonae
301 2835 407 2892 mentis
429 2833 578 2908 statibus,·
599 2833 705 2894 deiude
725 2835 762 2895 de
780 2837 847 2910 aits,
868 2853 943 2913 meae
962 2835 1004 2895 ad
1022 2852 1119 2896 rerum
1139 2841 1213 2896 noti-

137 2934 212 2991 tiam
228 2933 363 3009 patent;'
382 2935 442 2992 tum
464 2931 501 2992 de
525 2931 644 2993 indiciis
665 2931 877 2994 diiudicandae
897 2938 1052 3011 ueritatis,
1080 2941 1110 2995 et
1135 2932 1213 2995 unde

131 3029 309 3108 pbilosopba
331 3030 542 3091 exordiendum
564 3035 605 3090 sit
627 3049 720 3110 quave
741 3031 876 3093 metiendo
897 3033 1131 3111 procedendum,
1153 3034 1212 3094 dis·

134 3134 280 3203 putemus.
309 3127 421 3202 Quibus
444 3133 477 3188 in
498 3127 585 3189 rebus
611 3129 652 3189 ad
670 3123 863 3198 dialecticam
881 3129 1064 3208 conformata
1079 3129 1213 3209 pbiloso-

131 3225 389 3301 pbandiratione
405 3231 595 3305 potissimum
608 3231 740 3288 utemur.
766 3228 960 3290 Detestabilis
983 3233 1062 3289 emim
1082 3247 1213 3292 morum

141 3320 212 3396 lues,
237 3341 311 3400 quoe
330 3324 415 3385 bodie
432 3329 570 3386 scientius
592 3345 651 3388 non
667 3343 778 3404 parum
799 3329 904 3403 inficit,
927 3325 1062 3404 eojonte
1079 3326 1214 3406 praeser-

143 3421 196 3476 tim
214 3419 347 3480 derioata
364 3423 497 3506 videtum
518 3423 597 3502 quod
612 3439 743 3485 seuerum
762 3424 839 3485 bunc
852 3425 1086 3504 philosophandi
1105 3441 1212 3486 moreio
1320 3478 1323 3485 ,

136 3517 245 3592 perosi,
269 3515 309 3576 ud
331 3524 520 3592 amoeniorem
547 3523 715 3600 quomdam,
742 3529 871 3584 atcerte
893 3528 991 3584 minus
1014 3530 1124 3600 tutam,
1146 3543 1212 3583 cco-

140 3613 285 3676 demicam
302 3614 462 3678 disserendi
475 3618 607 3696 sormam
631 3625 779 3699 sapientes
798 3621 982 3700 deflexerint.
1063 3641 1071 3679 ;

203 3855 333 3904 scemate
347 3854 400 3904 eius
417 3855 449 3904 de
467 3859 693 3920 interpretatione,
711 3861 894 3921 alencionem,
911 3865 936 3911 et
958 3864 1109 3925 Topiromem
1132 3861 1213 3910 tibros.
