2892 4425
226 246 261 301 10
648 248 884 298 uussnotroust

224 361 365 423 tisthenes
382 360 510 439 Cynicae
535 361 622 437 innde
643 360 742 423 Stoica
763 362 900 439 dauceps
920 360 1037 422 Zenone
1057 360 1134 423 duce
1159 362 1301 441 manarit)

224 462 410 536 potissimum
432 466 628 519 recensentur.
649 460 690 520 At
707 476 794 519 nemo
812 477 850 519 ex
872 460 920 519 his
939 461 1154 537 comparandus
1174 469 1219 522 est
1240 462 1306 523 Pla·

225 560 303 634 toni,
327 560 378 633 qui
396 557 523 617 Socratis
543 563 666 617 menum
688 556 754 633 plns
776 559 880 617 ceteris
899 565 1092 635 assequutus,
1115 559 1306 621 Academiam

226 657 365 731 instituit,
386 656 517 731 talesque
534 656 643 731 ingenii
666 656 713 713 sui
732 660 835 730 portus
853 654 963 731 edidit,
984 672 1059 732 qnos
1076 656 1159 716 nulla
1175 672 1307 732 unquam

224 754 373 813 interimet
393 759 485 828 aetas3
507 754 642 828 quamvis
663 752 727 811 luce
748 753 935 813 revelationis
952 770 1056 813 carens
1074 756 1107 813 ln
1123 756 1309 829 turpissimos

89 837 92 846 ’
130 910 132 915 ,
227 850 371 926 quosdam
390 864 502 910 errores
521 852 673 910 coemerit.
693 850 738 911 lix
756 851 845 910 huius
862 866 934 911 uero
951 851 1053 910 schola
1069 852 1179 927 prodiit
1195 852 1308 912 Aristo·

229 950 300 1009 teles
321 947 528 1023 Peripateticae
548 956 643 1009 sectae
667 955 793 1025 auctor,
813 952 865 1024 qul
890 966 949 1009 una
970 964 1038 1009 cum
1061 948 1184 1009 Platone
1205 966 1309 1008 omnes

227 1047 382 1105 vetustatis
401 1048 549 1121 sapientes
569 1046 656 1106 facile
673 1046 834 1121 superarit.
855 1046 916 1105 lios
928 1050 1006 1107 inter
1025 1046 1057 1106 id
1072 1047 1250 1106 discriminis
1263 1039 1330 1107 in?

230 1146 330 1218 111111,
347 1143 426 1218 quod
444 1143 529 1203 Plato
547 1146 578 1203 in
598 1144 764 1220 synthesim
782 1148 813 1203 et
829 1143 1055 1204 oblecticiiatcm
1074 1143 1206 1203 idearum
1225 1144 1310 1203 incli-

230 1246 294 1318 net,
309 1239 480 1299 Aristotelea
494 1248 596 1299 contra
610 1242 641 1298 in
658 1241 867 1314 experientiam
880 1248 910 1299 et
923 1240 1069 1318 analysim
1083 1241 1271 1317 propendeat.

290 1336 351 1397 Sub
369 1338 400 1397 id
417 1339 555 1413 temporis
572 1342 753 1395 mortuaest
771 1338 859 1396 etiam
873 1336 990 1415 Pyrrho
997 1370 1011 1414 ,·
1027 1340 1078 1414 qui
1095 1341 1311 1414 seeptieismum

231 1438 337 1495 acriter
359 1436 576 1511 propugnarit3
599 1440 629 1493 et
650 1431 812 1512 Epicurus,
833 1438 885 1512 qui
910 1438 1091 1495 atomistieae
1115 1437 1232 1496 scholae
1252 1438 1313 1512 pla·

232 1535 299 1593 citis
311 1532 539 1609 Cyrenaicorum
556 1530 751 1608 uoluptatem,
765 1535 798 1591 in
816 1548 876 1608 qua
894 1532 963 1591 iluis
980 1534 1102 1593 ultimus
1119 1533 1247 1592 hominis
1268 1548 1313 1592 re-

233 1637 401 1707 poneretur,
414 1628 560 1705 adiunxit,
581 1632 717 1705 quamvls
733 1629 867 1689 nonnulli
884 1630 1093 1704 turpitudinem
1108 1631 1184 1690 hanc
1198 1630 1236 1690 ab
1247 1630 1315 1707 lipi-

234 1743 306 1787 curo
328 1729 359 1785 in
378 1726 503 1787 asseclas
522 1725 715 1802 detorquent,
743 1727 826 1785 illum
846 1726 884 1785 de
903 1729 1052 1803 uoluptate
1068 1744 1129 1787 uon
1144 1728 1243 1788 sensili
1263 1726 1315 1787 sed

235 1824 340 1884 morali
361 1824 514 1900 loquutum
533 1840 597 1883 esse
617 1827 850 1899 interpretantes.

297 1930 327 1981 9.
349 1921 608 1981 Ceterissuccessu
623 1924 762 1997 temporis
776 1925 863 1981 sectis
876 1924 1024 1998 extinctis,
1043 1928 1168 1998 quatuor
1186 1928 1315 1999 tantam,

238 2019 426 2095 Academica,
440 2020 638 2095 Aristotelica,
653 2018 764 2097 Stoica,
780 2020 922 2096 Epicurea
943 2019 1100 2095 florebant,
1124 2034 1192 2079 cum
1204 2019 1318 2078 Graeca

237 2116 423 2193 philosophia
444 2119 473 2175 in
498 2124 606 2177 ceteras
629 2120 716 2177 etiam
731 2125 832 2193 gentes
852 2123 955 2192 coepta
969 2123 1013 2175 est
1036 2120 1201 2193 propagari.
1223 2118 1320 2177 Roma

238 2218 423 2292 potissimum
444 2223 475 2276 et
495 2216 672 2276 Alexandria
701 2223 804 2276 notatu
827 2222 899 2275 sunt
919 2212 1047 2292 dignae3
1070 2230 1195 2291 quorum
1222 2217 1318 2289 prima

238 2313 315 2374 inter
338 2313 410 2377 alios
428 2315 615 2392 quamplures
630 2313 773 2375 Senecam
792 2317 822 2373 in
843 2315 965 2390 stoicis,
986 2314 1153 2376 Lucretium
1173 2315 1203 2371 in
1221 2315 1319 2387 apica-

238 2414 316 2488 reis,
335 2413 465 2474 Tullium
490 2416 521 2472 in
548 2414 731 2474 aristotelicis
751 2412 839 2472 sinrul
861 2419 891 2471 et
908 2410 1063 2487 pictonicis
1085 2410 1219 2487 (utraque
1242 2411 1322 2468 euim

239 2510 387 2586 doctrina,
407 2514 498 2571 immo
517 2519 545 2572 et
564 2515 656 2572 stoica
676 2515 785 2586 etiam,
805 2514 837 2568 in
861 2511 965 2568 metrali
985 2511 1174 2584 praesertim,
1196 2507 1322 2564 deiecta·

170 2669 176 2680 ,
240 2607 337 2684 batur)
360 2617 535 2684 enumerat;
556 2609 647 2668 altera
667 2624 738 2667 vero
758 2613 862 2666 exorta
883 2605 1159 2680 Neoplatonlcornm
1177 2608 1255 2660 secta
1275 2603 1322 2659 in-

242 2706 360 2782 claruit,
380 2723 456 2783 quae
476 2709 563 2767 etium
585 2707 721 2765 eclectica
740 2708 959 2762 nominata-cst.
980 2702 1072 2759 Porro
1084 2699 1323 2775 Neoplatonismo

240 2806 359 2866 ,initium
374 2805 442 2864 lecit
460 2803 616 2863 Potamou.
639 2801 723 2874 Quod
738 2807 868 2878 systema
884 2813 921 2856 eo
940 2799 1039 2856 animo
1056 2797 1253 2870 excogitatum
1267 2800 1322 2867 est,

243 2909 277 2962 ut
295 2902 473 2964 christianae
493 2902 639 2977 Religioni
656 2903 687 2958 in
706 2899 769 2958 dies
788 2914 821 2957 se
839 2897 1015 2972 propaganti
1032 2907 1121 2970 agger
1138 2893 1325 2965 obiiceretnr,

245 3008 275 3060 at
295 3003 490 3077 syncrctismo
510 2999 661 3057 doctrinae
681 3012 718 3056 ex
738 2995 869 3055 Plaurnis
887 2994 1071 3068 potissimum
1092 2994 1123 3049 et
1142 2987 1328 3067 Pythagorae

245 3100 360 3176 placitis
380 3098 419 3157 ad
431 3099 590 3174 mysticum
605 3109 722 3156 seusam
745 3092 822 3152 male
837 3091 978 3166 detortis,
999 3095 1030 3148 et
1048 3088 1210 3146 innumeris
1226 3099 1327 3180 supcr-

245 3195 412 3258 stitionibus
427 3195 547 3254 adiectis
561 3193 756 3253 conflabatur.
777 3189 1006 3250 Praestantiores
1018 3185 1101 3244 illino
1114 3183 1248 3260 prodiere
1262 3181 1329 3239 Pio·

247 3298 339 3370 tinus,
351 3291 544 3370 Porphyrius,
558 3290 750 3365 lamblichus,
763 3285 950 3362 Plutarchus,
960 3285 1090 3343 Procius.
1105 3282 1146 3340 At
1158 3281 1234 3339 alius
1245 3279 1331 3352 louge

249 3394 352 3454 melior
366 3394 548 3453 eclectismus
563 3397 695 3449 auctores
711 3387 815 3447 habuit
829 3385 978 3444 Ecclesiae
989 3381 1104 3456 Patres,
1117 3386 1181 3438 mm
1201 3393 1251 3436 eos
1266 3377 1330 3451 qui,

250 3493 405 3569 gymnasio
425 3492 456 3548 in
478 3492 542 3564 ipsa
555 3485 736 3549 Alexandria
755 3499 807 3560 per
822 3482 1011 3542 Ammonium
1024 3480 1195 3552 constituto,
1217 3473 1333 3550 publiea

250 3589 412 3650 docuerunt
433 3587 544 3666 (quales
561 3592 632 3646 suut
651 3583 877 3659 Athenagoras,
899 3577 1089 3652 Pantaenus,
1110 3574 1244 3634 Clemens
1265 3570 1332 3629 Ale·

250 3689 434 3763 xondrinos,
457 3683 628 3764 Origenes);
650 3691 713 3742 tum
728 3697 799 3757 eos,
820 3681 872 3756 qui
891 3676 960 3736 alibi
980 3677 1119 3751 privatim
1135 3668 1332 3746 philosophati

252 3793 333 3862 sunt,
355 3793 388 3845 ut
407 3787 553 3861 Iustinus,
575 3780 734 3857 Eusebius,
755 3776 923 3849 Arnoblus,
943 3775 1099 3847 lrenaeus,
1118 3767 1334 3840 Tertullianus,

163 3923 167 3926 -
253 3886 455 3963 Augustinus,
472 3882 578 3960 alitque
593 3877 746 3958 permulti,
761 3878 811 3952 qui
827 3890 899 3949 non,
912 3880 947 3933 ut
960 3868 1109 3931 nonnullis
1126 3865 1202 3926 ialso
1215 3861 1334 3936 arridet,
