<?xml version="1.0" encoding="UTF-8"?>
<!DOCTYPE html PUBLIC "-//W3C//DTD XHTML 1.0 Transitional//EN"
    "http://www.w3.org/TR/xhtml1/DTD/xhtml1-transitional.dtd">
<html xmlns="http://www.w3.org/1999/xhtml" xml:lang="en" lang="en">
 <head>
  <title>
</title>
<meta http-equiv="Content-Type" content="text/html;charset=utf-8" />
  <meta name='ocr-system' content='tesseract 3.04.00' />
  <meta name='ocr-capabilities' content='ocr_page ocr_carea ocr_par ocr_line ocrx_word'/>
</head>
<body>
  <div class='ocr_page' id='page_1' title='image "./institutionesph01libegoog_0024.png"; bbox 0 0 2892 4425; ppageno 0'>
   <div class='ocr_carea' id='block_1_1' title="bbox 191 384 1311 584">
    <p class='ocr_par' dir='ltr' id='par_1_1' title="bbox 191 384 1311 584">
     <span class='ocr_line' id='line_1_1' title="bbox 191 384 893 437; baseline 0.016 -10"><span class='ocrx_word' id='word_1_1' title='bbox 191 420 196 427; x_wconf 95' lang='lat'>.</span> <span class='ocrx_word' id='word_1_2' title='bbox 239 384 274 437; x_wconf 76' lang='lat' dir='ltr'><strong>re</strong></span> <span class='ocrx_word' id='word_1_3' title='bbox 655 392 893 437; x_wconf 79' lang='lat' dir='ltr'><strong>raiaaorroaae</strong></span> 
     </span>
     <span class='ocr_line' id='line_1_2' title="bbox 235 500 1311 584; baseline 0.006 -21"><span class='ocrx_word' id='word_1_4' title='bbox 235 508 292 563; x_wconf 88' lang='lat' dir='ltr'><strong>trio</strong></span> <span class='ocrx_word' id='word_1_5' title='bbox 306 500 447 583; x_wconf 85' lang='lat' dir='ltr'><strong>permissa</strong></span> <span class='ocrx_word' id='word_1_6' title='bbox 462 516 506 561; x_wconf 85' lang='lat' dir='ltr'><strong>res</strong></span> <span class='ocrx_word' id='word_1_7' title='bbox 519 506 574 561; x_wconf 79' lang='lat' dir='ltr'><strong>est.</strong></span> <span class='ocrx_word' id='word_1_8' title='bbox 597 501 685 560; x_wconf 87' lang='lat' dir='ltr'><strong>Modo</strong></span> <span class='ocrx_word' id='word_1_9' title='bbox 698 502 730 560; x_wconf 90' lang='lat' dir='ltr'><strong>id</strong></span> <span class='ocrx_word' id='word_1_10' title='bbox 741 502 821 577; x_wconf 92' lang='lat' dir='ltr'><strong>quod</strong></span> <span class='ocrx_word' id='word_1_11' title='bbox 833 502 940 562; x_wconf 90' lang='lat' dir='ltr'><strong>dividit</strong></span> <span class='ocrx_word' id='word_1_12' title='bbox 959 512 1112 581; x_wconf 76' lang='lat' dir='ltr'>exaequet,</span> <span class='ocrx_word' id='word_1_13' title='bbox 1133 507 1254 584; x_wconf 88' lang='lat' dir='ltr'><strong>eiusque</strong></span> <span class='ocrx_word' id='word_1_14' title='bbox 1268 528 1311 569; x_wconf 70' lang='lat' dir='ltr'><strong>ra</strong></span> 
     </span>
    </p>
   </div>
   <div class='ocr_carea' id='block_1_2' title="bbox 235 587 1435 677">
    <p class='ocr_par' dir='ltr' id='par_1_2' title="bbox 235 587 1435 677">
     <span class='ocr_line' id='line_1_3' title="bbox 235 587 1435 677; baseline 0.004 -15"><span class='ocrx_word' id='word_1_15' title='bbox 235 602 383 677; x_wconf 87' lang='lat' dir='ltr'><strong>speciibus</strong></span> <span class='ocrx_word' id='word_1_16' title='bbox 403 603 458 659; x_wconf 88' lang='lat' dir='ltr'><strong>rite</strong></span> <span class='ocrx_word' id='word_1_17' title='bbox 478 598 671 675; x_wconf 82' lang='lat' dir='ltr'><strong>respondeat,</strong></span> <span class='ocrx_word' id='word_1_18' title='bbox 694 598 943 673; x_wconf 79' lang='lat' dir='ltr'><strong>reprehendi&#39;non</strong></span> <span class='ocrx_word' id='word_1_19' title='bbox 964 607 1070 676; x_wconf 81' lang='lat' dir='ltr'><strong>potest.</strong></span> <span class='ocrx_word' id='word_1_20' title='bbox 1092 602 1153 661; x_wconf 89' lang='lat' dir='ltr'><strong>Nos</strong></span> <span class='ocrx_word' id='word_1_21' title='bbox 1173 608 1261 665; x_wconf 88' lang='lat' dir='ltr'><strong>etiam</strong></span> <span class='ocrx_word' id='word_1_22' title='bbox 1281 610 1312 666; x_wconf 90' lang='lat' dir='ltr'><strong>ia</strong></span> <span class='ocrx_word' id='word_1_23' title='bbox 1434 587 1435 596; x_wconf 8' lang='grc' dir='ltr'>ἵ</span> 
     </span>
    </p>
   </div>
   <div class='ocr_carea' id='block_1_3' title="bbox 233 694 1312 1462">
    <p class='ocr_par' dir='ltr' id='par_1_3' title="bbox 233 694 1312 1462">
     <span class='ocr_line' id='line_1_4' title="bbox 235 694 1311 776; baseline 0.005 -18"><span class='ocrx_word' id='word_1_24' title='bbox 235 698 399 759; x_wconf 83' lang='lat' dir='ltr'><strong>Eierneuiis</strong></span> <span class='ocrx_word' id='word_1_25' title='bbox 414 694 620 773; x_wconf 73' lang='lat' dir='ltr'><strong>philosophiae</strong></span> <span class='ocrx_word' id='word_1_26' title='bbox 640 697 738 757; x_wconf 88' lang='lat' dir='ltr'><strong>italice</strong></span> <span class='ocrx_word' id='word_1_27' title='bbox 757 700 932 773; x_wconf 74' lang='lat' dir='ltr'><strong>conscriptis</strong></span> <span class='ocrx_word' id='word_1_28' title='bbox 952 700 1040 758; x_wconf 87' lang='lat' dir='ltr'><strong>aliam</strong></span> <span class='ocrx_word' id='word_1_29' title='bbox 1061 704 1247 776; x_wconf 75' lang='lat' dir='ltr'><strong>partitionem</strong></span> <span class='ocrx_word' id='word_1_30' title='bbox 1268 722 1311 764; x_wconf 88' lang='lat' dir='ltr'><strong>se·</strong></span> 
     </span>
     <span class='ocr_line' id='line_1_5' title="bbox 235 794 1312 871; baseline 0.006 -17"><span class='ocrx_word' id='word_1_31' title='bbox 235 798 320 871; x_wconf 90' lang='lat' dir='ltr'><strong>qunti</strong></span> <span class='ocrx_word' id='word_1_32' title='bbox 334 811 448 869; x_wconf 89' lang='lat' dir='ltr'><strong>sumus,</strong></span> <span class='ocrx_word' id='word_1_33' title='bbox 470 800 556 870; x_wconf 88' lang='lat' dir='ltr'><strong>nique</strong></span> <span class='ocrx_word' id='word_1_34' title='bbox 570 794 619 854; x_wconf 90' lang='lat' dir='ltr'><strong>bic</strong></span> <span class='ocrx_word' id='word_1_35' title='bbox 633 795 719 853; x_wconf 89' lang='lat' dir='ltr'><strong>etiam</strong></span> <span class='ocrx_word' id='word_1_36' title='bbox 740 796 772 851; x_wconf 91' lang='lat' dir='ltr'><strong>ia</strong></span> <span class='ocrx_word' id='word_1_37' title='bbox 787 795 1025 869; x_wconf 73' lang='lat' dir='ltr'><strong>praecedentibus</strong></span> <span class='ocrx_word' id='word_1_38' title='bbox 1038 797 1217 859; x_wconf 83' lang='lat' dir='ltr'><strong>editionibus</strong></span> <span class='ocrx_word' id='word_1_39' title='bbox 1231 802 1312 861; x_wconf 92' lang='lat' dir='ltr'><strong>illam</strong></span> 
     </span>
     <span class='ocr_line' id='line_1_6' title="bbox 234 892 1310 972; baseline 0.007 -21"><span class='ocrx_word' id='word_1_40' title='bbox 234 893 422 968; x_wconf 80' lang='lat' dir='ltr'><strong>tradidimus,</strong></span> <span class='ocrx_word' id='word_1_41' title='bbox 442 909 517 967; x_wconf 89' lang='lat' dir='ltr'><strong>qnae</strong></span> <span class='ocrx_word' id='word_1_42' title='bbox 531 892 645 951; x_wconf 89' lang='lat' dir='ltr'><strong>Platoni</strong></span> <span class='ocrx_word' id='word_1_43' title='bbox 660 894 781 969; x_wconf 84' lang='lat' dir='ltr'><strong>placuit,</strong></span> <span class='ocrx_word' id='word_1_44' title='bbox 802 894 1004 971; x_wconf 77' lang='lat' dir='ltr'><strong>philosophiae</strong></span> <span class='ocrx_word' id='word_1_45' title='bbox 1024 902 1083 955; x_wconf 89' lang='lat' dir='ltr'><strong>tres</strong></span> <span class='ocrx_word' id='word_1_46' title='bbox 1098 905 1196 972; x_wconf 79' lang='lat' dir='ltr'><strong>partes</strong></span> <span class='ocrx_word' id='word_1_47' title='bbox 1213 900 1310 959; x_wconf 87' lang='lat' dir='ltr'><strong>decer-</strong></span> 
     </span>
     <span class='ocr_line' id='line_1_7' title="bbox 235 990 1311 1068; baseline 0.009 -21"><span class='ocrx_word' id='word_1_48' title='bbox 235 993 334 1049; x_wconf 88' lang='lat' dir='ltr'><strong>nenti:</strong></span> <span class='ocrx_word' id='word_1_49' title='bbox 358 1006 448 1049; x_wconf 89' lang='lat' dir='ltr'><strong>unam</strong></span> <span class='ocrx_word' id='word_1_50' title='bbox 463 1006 538 1066; x_wconf 93' lang='lat' dir='ltr'><strong>quae</strong></span> <span class='ocrx_word' id='word_1_51' title='bbox 553 993 583 1048; x_wconf 91' lang='lat' dir='ltr'><strong>ia</strong></span> <span class='ocrx_word' id='word_1_52' title='bbox 597 990 776 1066; x_wconf 87' lang='lat' dir='ltr'><strong>disserendo,</strong></span> <span class='ocrx_word' id='word_1_53' title='bbox 798 991 919 1050; x_wconf 87' lang='lat' dir='ltr'><strong>altemm</strong></span> <span class='ocrx_word' id='word_1_54' title='bbox 933 1009 1009 1068; x_wconf 90' lang='lat' dir='ltr'><strong>qaae</strong></span> <span class='ocrx_word' id='word_1_55' title='bbox 1024 996 1056 1053; x_wconf 95' lang='lat' dir='ltr'><strong>in</strong></span> <span class='ocrx_word' id='word_1_56' title='bbox 1069 995 1200 1055; x_wconf 88' lang='lat' dir='ltr'><strong>moribus</strong></span> <span class='ocrx_word' id='word_1_57' title='bbox 1220 998 1311 1057; x_wconf 88' lang='lat' dir='ltr'><strong>iniur-</strong></span> 
     </span>
     <span class='ocr_line' id='line_1_8' title="bbox 234 1087 1312 1169; baseline 0.008 -24"><span class='ocrx_word' id='word_1_58' title='bbox 234 1087 362 1163; x_wconf 89' lang='lat' dir='ltr'><strong>mandis,</strong></span> <span class='ocrx_word' id='word_1_59' title='bbox 373 1088 487 1148; x_wconf 67' lang='lat' dir='ltr'><strong>wdam</strong></span> <span class='ocrx_word' id='word_1_60' title='bbox 500 1102 575 1163; x_wconf 86' lang='lat' dir='ltr'><strong>quse</strong></span> <span class='ocrx_word' id='word_1_61' title='bbox 588 1087 620 1145; x_wconf 92' lang='lat' dir='ltr'><strong>iu</strong></span> <span class='ocrx_word' id='word_1_62' title='bbox 634 1092 758 1146; x_wconf 79' lang='lat' dir='ltr'><strong>natusne</strong></span> <span class='ocrx_word' id='word_1_63' title='bbox 770 1090 889 1163; x_wconf 89' lang='lat' dir='ltr'><strong>eiusque</strong></span> <span class='ocrx_word' id='word_1_64' title='bbox 901 1105 1058 1149; x_wconf 84' lang='lat' dir='ltr'><strong>causarum</strong></span> <span class='ocrx_word' id='word_1_65' title='bbox 1069 1094 1312 1169; x_wconf 87' lang='lat' dir='ltr'><strong>contemplatione</strong></span> 
     </span>
     <span class='ocr_line' id='line_1_9' title="bbox 234 1185 1311 1267; baseline 0.008 -26"><span class='ocrx_word' id='word_1_66' title='bbox 234 1193 398 1245; x_wconf 90' lang='lat' dir='ltr'><strong>versaretur</strong></span> <span class='ocrx_word' id='word_1_67' title='bbox 417 1188 439 1243; x_wconf 87' lang='lat'><strong>¹.</strong></span> <span class='ocrx_word' id='word_1_68' title='bbox 458 1187 530 1245; x_wconf 87' lang='lat' dir='ltr'><strong>Cum</strong></span> <span class='ocrx_word' id='word_1_69' title='bbox 544 1187 621 1243; x_wconf 92' lang='lat' dir='ltr'><strong>enim</strong></span> <span class='ocrx_word' id='word_1_70' title='bbox 636 1186 868 1259; x_wconf 87' lang='lat' dir='ltr'><strong>sapientissimus</strong></span> <span class='ocrx_word' id='word_1_71' title='bbox 882 1185 932 1245; x_wconf 90' lang='lat' dir='ltr'><strong>hic</strong></span> <span class='ocrx_word' id='word_1_72' title='bbox 946 1190 1038 1246; x_wconf 89' lang='lat' dir='ltr'><strong>totius</strong></span> <span class='ocrx_word' id='word_1_73' title='bbox 1052 1192 1234 1264; x_wconf 79' lang='lat' dir='ltr'><strong>antiquitatis</strong></span> <span class='ocrx_word' id='word_1_74' title='bbox 1248 1193 1311 1267; x_wconf 88' lang='lat' dir='ltr'><strong>phi-</strong></span> 
     </span>
     <span class='ocr_line' id='line_1_10' title="bbox 234 1282 1311 1359; baseline 0.007 -19"><span class='ocrx_word' id='word_1_75' title='bbox 234 1282 371 1358; x_wconf 89' lang='lat' dir='ltr'><strong>losophus</strong></span> <span class='ocrx_word' id='word_1_76' title='bbox 385 1286 583 1358; x_wconf 80' lang='lat' dir='ltr'><strong>conspexisset</strong></span> <span class='ocrx_word' id='word_1_77' title='bbox 592 1282 744 1341; x_wconf 84' lang='lat' dir='ltr'><strong>Thaletem</strong></span> <span class='ocrx_word' id='word_1_78' title='bbox 756 1282 795 1342; x_wconf 90' lang='lat' dir='ltr'><strong>ab</strong></span> <span class='ocrx_word' id='word_1_79' title='bbox 807 1298 899 1359; x_wconf 90' lang='lat' dir='ltr'><strong>euque</strong></span> <span class='ocrx_word' id='word_1_80' title='bbox 909 1284 1057 1344; x_wconf 77' lang='lat' dir='ltr'><strong>condimm</strong></span> <span class='ocrx_word' id='word_1_81' title='bbox 1071 1288 1170 1345; x_wconf 87' lang='lat' dir='ltr'><strong>ioniae</strong></span> <span class='ocrx_word' id='word_1_82' title='bbox 1182 1289 1311 1348; x_wconf 89' lang='lat' dir='ltr'><strong>scholam</strong></span> 
     </span>
     <span class='ocr_line' id='line_1_11' title="bbox 233 1379 1311 1462; baseline 0.007 -23"><span class='ocrx_word' id='word_1_83' title='bbox 233 1397 265 1439; x_wconf 88' lang='lat' dir='ltr'><strong>se</strong></span> <span class='ocrx_word' id='word_1_84' title='bbox 291 1387 412 1441; x_wconf 87' lang='lat' dir='ltr'><strong>naturae</strong></span> <span class='ocrx_word' id='word_1_85' title='bbox 431 1379 671 1455; x_wconf 76' lang='lat' dir='ltr'><strong>contemplandae</strong></span> <span class='ocrx_word' id='word_1_86' title='bbox 696 1379 866 1457; x_wconf 79' lang='lat' dir='ltr'><strong>addixisse,</strong></span> <span class='ocrx_word' id='word_1_87' title='bbox 891 1389 995 1441; x_wconf 84' lang='lat' dir='ltr'><strong>contm</strong></span> <span class='ocrx_word' id='word_1_88' title='bbox 1016 1400 1087 1444; x_wconf 92' lang='lat' dir='ltr'><strong>vero</strong></span> <span class='ocrx_word' id='word_1_89' title='bbox 1112 1383 1311 1462; x_wconf 79' lang='lat' dir='ltr'><strong>Pythagoram</strong></span> 
     </span>
    </p>
   </div>
   <div class='ocr_carea' id='block_1_4' title="bbox 233 1476 1437 1557">
    <p class='ocr_par' dir='ltr' id='par_1_4' title="bbox 233 1476 1437 1557">
     <span class='ocr_line' id='line_1_12' title="bbox 233 1476 1437 1557; baseline 0.007 -20"><span class='ocrx_word' id='word_1_90' title='bbox 233 1480 353 1553; x_wconf 87' lang='lat' dir='ltr'><strong>eiusque</strong></span> <span class='ocrx_word' id='word_1_91' title='bbox 366 1478 492 1537; x_wconf 87' lang='lat' dir='ltr'><strong>asseclas</strong></span> <span class='ocrx_word' id='word_1_92' title='bbox 511 1476 755 1537; x_wconf 82' lang='lat' dir='ltr'><strong>intellectualibus</strong></span> <span class='ocrx_word' id='word_1_93' title='bbox 774 1478 887 1539; x_wconf 86' lang='lat' dir='ltr'><strong>dedisse</strong></span> <span class='ocrx_word' id='word_1_94' title='bbox 899 1496 1041 1557; x_wconf 87' lang='lat' dir='ltr'><strong>operam,</strong></span> <span class='ocrx_word' id='word_1_95' title='bbox 1065 1481 1213 1542; x_wconf 88' lang='lat' dir='ltr'><strong>Socratem</strong></span> <span class='ocrx_word' id='word_1_96' title='bbox 1234 1485 1313 1545; x_wconf 89' lang='lat' dir='ltr'><strong>deni·</strong></span> <span class='ocrx_word' id='word_1_97' title='bbox 1436 1535 1437 1544; x_wconf 69' lang='grc'>,</span> 
     </span>
    </p>
   </div>
   <div class='ocr_carea' id='block_1_5' title="bbox 233 1574 1313 2043">
    <p class='ocr_par' dir='ltr' id='par_1_5' title="bbox 233 1574 1313 1847">
     <span class='ocr_line' id='line_1_13' title="bbox 234 1574 1313 1653; baseline 0.009 -20"><span class='ocrx_word' id='word_1_98' title='bbox 234 1590 291 1651; x_wconf 89' lang='lat' dir='ltr'><strong>que</strong></span> <span class='ocrx_word' id='word_1_99' title='bbox 312 1574 470 1634; x_wconf 88' lang='lat' dir='ltr'><strong>moralibus</strong></span> <span class='ocrx_word' id='word_1_100' title='bbox 489 1574 550 1633; x_wconf 83' lang='lat' dir='ltr'><strong>fere</strong></span> <span class='ocrx_word' id='word_1_101' title='bbox 570 1576 655 1633; x_wconf 88' lang='lat' dir='ltr'><strong>unice</strong></span> <span class='ocrx_word' id='word_1_102' title='bbox 675 1591 706 1633; x_wconf 88' lang='lat' dir='ltr'><strong>se</strong></span> <span class='ocrx_word' id='word_1_103' title='bbox 726 1579 923 1653; x_wconf 82' lang='lat' dir='ltr'><strong>continuisse3</strong></span> <span class='ocrx_word' id='word_1_104' title='bbox 947 1581 1079 1639; x_wconf 90' lang='lat' dir='ltr'><strong>omnium</strong></span> <span class='ocrx_word' id='word_1_105' title='bbox 1096 1584 1185 1639; x_wconf 88' lang='lat' dir='ltr'><strong>trium</strong></span> <span class='ocrx_word' id='word_1_106' title='bbox 1207 1582 1313 1643; x_wconf 87' lang='lat' dir='ltr'><strong>harum</strong></span> 
     </span>
     <span class='ocr_line' id='line_1_14' title="bbox 233 1658 1313 1754; baseline 0.006 -21"><span class='ocrx_word' id='word_1_107' title='bbox 233 1676 360 1749; x_wconf 89' lang='lat' dir='ltr'><strong>partium</strong></span> <span class='ocrx_word' id='word_1_108' title='bbox 381 1658 526 1732; x_wconf 83' lang='lat' dir='ltr'><strong>summum</strong></span> <span class='ocrx_word' id='word_1_109' title='bbox 547 1672 710 1732; x_wconf 84' lang='lat' dir='ltr'><strong>iaciendum</strong></span> <span class='ocrx_word' id='word_1_110' title='bbox 729 1690 793 1733; x_wconf 87' lang='lat' dir='ltr'><strong>esse</strong></span> <span class='ocrx_word' id='word_1_111' title='bbox 811 1677 1006 1753; x_wconf 81' lang='lat' dir='ltr'><strong>existimavit,</strong></span> <span class='ocrx_word' id='word_1_112' title='bbox 1028 1685 1061 1738; x_wconf 91' lang='lat' dir='ltr'><strong>ut</strong></span> <span class='ocrx_word' id='word_1_113' title='bbox 1081 1678 1119 1737; x_wconf 89' lang='lat' dir='ltr'><strong>ad</strong></span> <span class='ocrx_word' id='word_1_114' title='bbox 1132 1680 1248 1754; x_wconf 92' lang='lat' dir='ltr'><strong>plenam</strong></span> <span class='ocrx_word' id='word_1_115' title='bbox 1262 1696 1313 1739; x_wconf 91' lang='lat' dir='ltr'><strong>en·</strong></span> 
     </span>
     <span class='ocr_line' id='line_1_15' title="bbox 235 1771 846 1847; baseline 0 -16"><span class='ocrx_word' id='word_1_116' title='bbox 235 1773 432 1847; x_wconf 86' lang='lat' dir='ltr'><strong>muluiamque</strong></span> <span class='ocrx_word' id='word_1_117' title='bbox 446 1773 597 1830; x_wconf 87' lang='lat' dir='ltr'><strong>seientiam</strong></span> <span class='ocrx_word' id='word_1_118' title='bbox 612 1777 723 1846; x_wconf 86' lang='lat' dir='ltr'><strong>pateret</strong></span> <span class='ocrx_word' id='word_1_119' title='bbox 736 1771 846 1831; x_wconf 85' lang='lat' dir='ltr'><strong>aditus.</strong></span> 
     </span>
    </p>

    <p class='ocr_par' dir='ltr' id='par_1_6' title="bbox 234 1868 1313 2043">
     <span class='ocr_line' id='line_1_16' title="bbox 293 1868 1313 1947; baseline 0.002 -18"><span class='ocrx_word' id='word_1_120' title='bbox 293 1872 334 1929; x_wconf 84' lang='lat' dir='ltr'><strong>At</strong></span> <span class='ocrx_word' id='word_1_121' title='bbox 345 1871 536 1945; x_wconf 78' lang='lat' dir='ltr'><strong>opportunius</strong></span> <span class='ocrx_word' id='word_1_122' title='bbox 548 1868 672 1927; x_wconf 80' lang='lat' dir='ltr'><strong>fortasse</strong></span> <span class='ocrx_word' id='word_1_123' title='bbox 685 1871 742 1927; x_wconf 92' lang='lat' dir='ltr'><strong>erit</strong></span> <span class='ocrx_word' id='word_1_124' title='bbox 752 1872 897 1944; x_wconf 76' lang='lat' dir='ltr'><strong>prementi</strong></span> <span class='ocrx_word' id='word_1_125' title='bbox 908 1873 1095 1930; x_wconf 88' lang='lat' dir='ltr'><strong>scientiarum</strong></span> <span class='ocrx_word' id='word_1_126' title='bbox 1104 1873 1274 1947; x_wconf 87' lang='lat' dir='ltr'><strong>evolutioni,</strong></span> <span class='ocrx_word' id='word_1_127' title='bbox 1286 1876 1313 1933; x_wconf 91' lang='lat' dir='ltr'><strong>si</strong></span> 
     </span>
     <span class='ocr_line' id='line_1_17' title="bbox 234 1965 1312 2043; baseline 0.003 -16"><span class='ocrx_word' id='word_1_128' title='bbox 234 1970 289 2029; x_wconf 83' lang='lat' dir='ltr'><strong>liae</strong></span> <span class='ocrx_word' id='word_1_129' title='bbox 303 1972 332 2027; x_wconf 90' lang='lat' dir='ltr'><strong>in</strong></span> <span class='ocrx_word' id='word_1_130' title='bbox 353 1985 383 2027; x_wconf 94' lang='lat' dir='ltr'><strong>re</strong></span> <span class='ocrx_word' id='word_1_131' title='bbox 401 1970 533 2043; x_wconf 88' lang='lat' dir='ltr'><strong>sequenti</strong></span> <span class='ocrx_word' id='word_1_132' title='bbox 548 1965 633 2026; x_wconf 92' lang='lat' dir='ltr'><strong>modo</strong></span> <span class='ocrx_word' id='word_1_133' title='bbox 647 1966 847 2040; x_wconf 88' lang='lat' dir='ltr'><strong>procedamus.</strong></span> <span class='ocrx_word' id='word_1_134' title='bbox 870 1966 1015 2027; x_wconf 86' lang='lat' dir='ltr'><strong>Scientlae</strong></span> <span class='ocrx_word' id='word_1_135' title='bbox 1030 1972 1146 2028; x_wconf 91' lang='lat' dir='ltr'><strong>nomine</strong></span> <span class='ocrx_word' id='word_1_136' title='bbox 1158 1986 1217 2027; x_wconf 91' lang='lat' dir='ltr'><strong>noa</strong></span> <span class='ocrx_word' id='word_1_137' title='bbox 1232 1971 1312 2030; x_wconf 89' lang='lat' dir='ltr'><strong>alind</strong></span> 
     </span>
    </p>
   </div>
   <div class='ocr_carea' id='block_1_6' title="bbox 232 2064 1438 2156">
    <p class='ocr_par' dir='ltr' id='par_1_7' title="bbox 232 2064 1438 2156">
     <span class='ocr_line' id='line_1_18' title="bbox 232 2064 1438 2156; baseline 0 -29"><span class='ocrx_word' id='word_1_138' title='bbox 232 2068 416 2144; x_wconf 83' lang='lat' dir='ltr'><strong>intelligitur,</strong></span> <span class='ocrx_word' id='word_1_139' title='bbox 438 2067 494 2123; x_wconf 86' lang='lat' dir='ltr'><strong>nisi</strong></span> <span class='ocrx_word' id='word_1_140' title='bbox 511 2072 639 2142; x_wconf 85' lang='lat' dir='ltr'><strong>systema</strong></span> <span class='ocrx_word' id='word_1_141' title='bbox 653 2064 800 2140; x_wconf 87' lang='lat' dir='ltr'><strong>quoddam</strong></span> <span class='ocrx_word' id='word_1_142' title='bbox 821 2068 967 2140; x_wconf 91' lang='lat' dir='ltr'><strong>seriesque</strong></span> <span class='ocrx_word' id='word_1_143' title='bbox 990 2068 1141 2125; x_wconf 91' lang='lat' dir='ltr'><strong>notionum</strong></span> <span class='ocrx_word' id='word_1_144' title='bbox 1164 2067 1265 2127; x_wconf 91' lang='lat' dir='ltr'><strong>urdine</strong></span> <span class='ocrx_word' id='word_1_145' title='bbox 1282 2075 1314 2127; x_wconf 87' lang='lat' dir='ltr'><strong>et</strong></span> <span class='ocrx_word' id='word_1_146' title='bbox 1437 2149 1438 2156; x_wconf 8' lang='grc' dir='ltr'>ἵ</span> 
     </span>
    </p>
   </div>
   <div class='ocr_carea' id='block_1_7' title="bbox 231 2160 1312 2436">
    <p class='ocr_par' dir='ltr' id='par_1_8' title="bbox 231 2160 1312 2436">
     <span class='ocr_line' id='line_1_19' title="bbox 233 2160 1310 2240; baseline 0 -16"><span class='ocrx_word' id='word_1_147' title='bbox 233 2166 345 2224; x_wconf 87' lang='lat' dir='ltr'><strong>unitate</strong></span> <span class='ocrx_word' id='word_1_148' title='bbox 364 2162 506 2239; x_wconf 82' lang='lat' dir='ltr'><strong>gaudens,</strong></span> <span class='ocrx_word' id='word_1_149' title='bbox 527 2178 602 2237; x_wconf 89' lang='lat' dir='ltr'><strong>quae</strong></span> <span class='ocrx_word' id='word_1_150' title='bbox 617 2160 775 2221; x_wconf 78' lang='lat' dir='ltr'><strong>reflexione</strong></span> <span class='ocrx_word' id='word_1_151' title='bbox 794 2167 824 2221; x_wconf 93' lang='lat' dir='ltr'><strong>et</strong></span> <span class='ocrx_word' id='word_1_152' title='bbox 848 2161 1095 2223; x_wconf 87' lang='lat' dir='ltr'><strong>demonstratione</strong></span> <span class='ocrx_word' id='word_1_153' title='bbox 1110 2167 1310 2240; x_wconf 89' lang='lat' dir='ltr'><strong>acquirantur.</strong></span> 
     </span>
     <span class='ocr_line' id='line_1_20' title="bbox 232 2261 1312 2339; baseline -0.001 -15"><span class='ocrx_word' id='word_1_154' title='bbox 232 2264 274 2324; x_wconf 89' lang='lat' dir='ltr'><strong>At</strong></span> <span class='ocrx_word' id='word_1_155' title='bbox 292 2266 423 2322; x_wconf 81' lang='lat' dir='ltr'><strong>autimas</strong></span> <span class='ocrx_word' id='word_1_156' title='bbox 443 2261 481 2322; x_wconf 92' lang='lat' dir='ltr'><strong>ab</strong></span> <span class='ocrx_word' id='word_1_157' title='bbox 496 2261 615 2320; x_wconf 87' lang='lat' dir='ltr'><strong>obiectis</strong></span> <span class='ocrx_word' id='word_1_158' title='bbox 635 2263 761 2336; x_wconf 88' lang='lat' dir='ltr'><strong>speeiem</strong></span> <span class='ocrx_word' id='word_1_159' title='bbox 781 2268 912 2320; x_wconf 88' lang='lat' dir='ltr'><strong>sumunt.</strong></span> <span class='ocrx_word' id='word_1_160' title='bbox 933 2262 1011 2338; x_wconf 85' lang='lat' dir='ltr'><strong>Ergo</strong></span> <span class='ocrx_word' id='word_1_161' title='bbox 1024 2261 1226 2338; x_wconf 89' lang='lat' dir='ltr'><strong>philosophiae</strong></span> <span class='ocrx_word' id='word_1_162' title='bbox 1246 2281 1312 2339; x_wconf 87' lang='lat' dir='ltr'><strong>par·</strong></span> 
     </span>
     <span class='ocr_line' id='line_1_21' title="bbox 231 2358 1309 2436; baseline -0.005 -12"><span class='ocrx_word' id='word_1_163' title='bbox 231 2365 296 2424; x_wconf 75' lang='lat' dir='ltr'><strong>tlho</strong></span> <span class='ocrx_word' id='word_1_164' title='bbox 314 2360 490 2422; x_wconf 80' lang='lat' dir='ltr'><strong>instimenda</strong></span> <span class='ocrx_word' id='word_1_165' title='bbox 509 2367 553 2420; x_wconf 90' lang='lat' dir='ltr'><strong>esi</strong></span> <span class='ocrx_word' id='word_1_166' title='bbox 571 2361 654 2419; x_wconf 85' lang='lat' dir='ltr'><strong>iuxta</strong></span> <span class='ocrx_word' id='word_1_167' title='bbox 670 2358 868 2418; x_wconf 88' lang='lat' dir='ltr'><strong>diversitatem</strong></span> <span class='ocrx_word' id='word_1_168' title='bbox 889 2363 1118 2436; x_wconf 89' lang='lat' dir='ltr'><strong>varietatemque</strong></span> <span class='ocrx_word' id='word_1_169' title='bbox 1130 2360 1309 2420; x_wconf 87' lang='lat' dir='ltr'><strong>obiectorum</strong></span> 
     </span>
    </p>
   </div>
   <div class='ocr_carea' id='block_1_8' title="bbox 231 2457 1439 2538">
    <p class='ocr_par' dir='ltr' id='par_1_9' title="bbox 231 2457 1439 2538">
     <span class='ocr_line' id='line_1_22' title="bbox 231 2457 1439 2538; baseline -0.008 -17"><span class='ocrx_word' id='word_1_170' title='bbox 231 2477 306 2538; x_wconf 90' lang='lat' dir='ltr'><strong>quae</strong></span> <span class='ocrx_word' id='word_1_171' title='bbox 319 2463 374 2536; x_wconf 89' lang='lat' dir='ltr'><strong>ipsi</strong></span> <span class='ocrx_word' id='word_1_172' title='bbox 388 2458 563 2536; x_wconf 87' lang='lat' dir='ltr'><strong>speculanda</strong></span> <span class='ocrx_word' id='word_1_173' title='bbox 578 2461 789 2533; x_wconf 89' lang='lat' dir='ltr'><strong>proponuntur.</strong></span> <span class='ocrx_word' id='word_1_174' title='bbox 812 2457 875 2515; x_wconf 89' lang='lat' dir='ltr'><strong>lam</strong></span> <span class='ocrx_word' id='word_1_175' title='bbox 889 2473 961 2516; x_wconf 86' lang='lat' dir='ltr'><strong>vero</strong></span> <span class='ocrx_word' id='word_1_176' title='bbox 974 2457 1088 2517; x_wconf 84' lang='lat' dir='ltr'><strong>obiecta</strong></span> <span class='ocrx_word' id='word_1_177' title='bbox 1100 2459 1243 2518; x_wconf 89' lang='lat' dir='ltr'><strong>eiusmodi</strong></span> <span class='ocrx_word' id='word_1_178' title='bbox 1260 2473 1313 2533; x_wconf 91' lang='lat' dir='ltr'><strong>po·</strong></span> <span class='ocrx_word' id='word_1_179' title='bbox 1438 2490 1439 2521; x_wconf 65' lang='lat'><strong>,</strong></span> 
     </span>
    </p>
   </div>
   <div class='ocr_carea' id='block_1_9' title="bbox 230 2554 1315 2923">
    <p class='ocr_par' dir='ltr' id='par_1_10' title="bbox 230 2554 1315 2923">
     <span class='ocr_line' id='line_1_23' title="bbox 231 2554 1315 2631; baseline -0.006 -11"><span class='ocrx_word' id='word_1_180' title='bbox 231 2563 288 2620; x_wconf 87' lang='lat' dir='ltr'><strong>sita</strong></span> <span class='ocrx_word' id='word_1_181' title='bbox 301 2566 371 2619; x_wconf 89' lang='lat' dir='ltr'><strong>sunt</strong></span> <span class='ocrx_word' id='word_1_182' title='bbox 390 2564 442 2618; x_wconf 90' lang='lat' dir='ltr'><strong>aut</strong></span> <span class='ocrx_word' id='word_1_183' title='bbox 460 2561 492 2616; x_wconf 91' lang='lat' dir='ltr'><strong>in</strong></span> <span class='ocrx_word' id='word_1_184' title='bbox 507 2554 635 2618; x_wconf 88' lang='lat' dir='ltr'><strong>motibus</strong></span> <span class='ocrx_word' id='word_1_185' title='bbox 653 2557 755 2631; x_wconf 88' lang='lat' dir='ltr'><strong>animi,</strong></span> <span class='ocrx_word' id='word_1_186' title='bbox 778 2561 829 2614; x_wconf 91' lang='lat' dir='ltr'><strong>aut</strong></span> <span class='ocrx_word' id='word_1_187' title='bbox 849 2557 879 2614; x_wconf 90' lang='lat' dir='ltr'><strong>ln</strong></span> <span class='ocrx_word' id='word_1_188' title='bbox 895 2556 983 2614; x_wconf 90' lang='lat' dir='ltr'><strong>rebus</strong></span> <span class='ocrx_word' id='word_1_189' title='bbox 997 2559 1083 2631; x_wconf 89' lang='lat' dir='ltr'><strong>ipsis,</strong></span> <span class='ocrx_word' id='word_1_190' title='bbox 1106 2555 1144 2615; x_wconf 86' lang='lat' dir='ltr'><strong>ad</strong></span> <span class='ocrx_word' id='word_1_191' title='bbox 1157 2571 1231 2629; x_wconf 91' lang='lat' dir='ltr'><strong>quas</strong></span> <span class='ocrx_word' id='word_1_192' title='bbox 1250 2571 1315 2614; x_wconf 90' lang='lat' dir='ltr'><strong>mo-</strong></span> 
     </span>
     <span class='ocr_line' id='line_1_24' title="bbox 232 2651 1313 2726; baseline -0.006 -10"><span class='ocrx_word' id='word_1_193' title='bbox 232 2662 280 2716; x_wconf 90' lang='lat' dir='ltr'><strong>tus</strong></span> <span class='ocrx_word' id='word_1_194' title='bbox 294 2657 335 2714; x_wconf 92' lang='lat' dir='ltr'><strong>illi</strong></span> <span class='ocrx_word' id='word_1_195' title='bbox 352 2656 525 2714; x_wconf 86' lang='lat' dir='ltr'><strong>relevantur.</strong></span> <span class='ocrx_word' id='word_1_196' title='bbox 548 2655 657 2712; x_wconf 90' lang='lat' dir='ltr'><strong>lterum</strong></span> <span class='ocrx_word' id='word_1_197' title='bbox 679 2658 776 2710; x_wconf 89' lang='lat' dir='ltr'><strong>motus</strong></span> <span class='ocrx_word' id='word_1_198' title='bbox 789 2654 955 2710; x_wconf 89' lang='lat' dir='ltr'><strong>animorum</strong></span> <span class='ocrx_word' id='word_1_199' title='bbox 968 2651 1108 2726; x_wconf 82' lang='lat' dir='ltr'><strong>duplices</strong></span> <span class='ocrx_word' id='word_1_200' title='bbox 1122 2658 1205 2710; x_wconf 88' lang='lat' dir='ltr'><strong>suut:</strong></span> <span class='ocrx_word' id='word_1_201' title='bbox 1229 2653 1313 2711; x_wconf 90' lang='lat' dir='ltr'><strong>alteri</strong></span> 
     </span>
     <span class='ocr_line' id='line_1_25' title="bbox 230 2746 1312 2831; baseline -0.008 -17"><span class='ocrx_word' id='word_1_202' title='bbox 230 2755 435 2831; x_wconf 84' lang='lat' dir='ltr'><strong>cogitationis,</strong></span> <span class='ocrx_word' id='word_1_203' title='bbox 456 2752 538 2810; x_wconf 87' lang='lat' dir='ltr'><strong>alteri</strong></span> <span class='ocrx_word' id='word_1_204' title='bbox 558 2751 713 2823; x_wconf 88' lang='lat' dir='ltr'><strong>appetitus.</strong></span> <span class='ocrx_word' id='word_1_205' title='bbox 736 2749 784 2806; x_wconf 91' lang='lat' dir='ltr'><strong>lili</strong></span> <span class='ocrx_word' id='word_1_206' title='bbox 804 2750 835 2806; x_wconf 95' lang='lat' dir='ltr'><strong>in</strong></span> <span class='ocrx_word' id='word_1_207' title='bbox 852 2764 924 2805; x_wconf 90' lang='lat' dir='ltr'><strong>vero</strong></span> <span class='ocrx_word' id='word_1_208' title='bbox 942 2746 1125 2821; x_wconf 83' lang='lat' dir='ltr'><strong>exquirendo</strong></span> <span class='ocrx_word' id='word_1_209' title='bbox 1146 2754 1312 2823; x_wconf 83' lang='lat' dir='ltr'><strong>versantur,</strong></span> 
     </span>
     <span class='ocr_line' id='line_1_26' title="bbox 231 2842 1313 2923; baseline -0.006 -12"><span class='ocrx_word' id='word_1_210' title='bbox 231 2853 262 2912; x_wconf 88' lang='lat' dir='ltr'><strong>hi</strong></span> <span class='ocrx_word' id='word_1_211' title='bbox 277 2852 315 2910; x_wconf 93' lang='lat' dir='ltr'><strong>ad</strong></span> <span class='ocrx_word' id='word_1_212' title='bbox 329 2851 438 2910; x_wconf 91' lang='lat' dir='ltr'><strong>bonum</strong></span> <span class='ocrx_word' id='word_1_213' title='bbox 451 2846 663 2923; x_wconf 83' lang='lat' dir='ltr'><strong>assequendum</strong></span> <span class='ocrx_word' id='word_1_214' title='bbox 679 2845 842 2919; x_wconf 82' lang='lat' dir='ltr'><strong>impellunt.</strong></span> <span class='ocrx_word' id='word_1_215' title='bbox 858 2844 918 2903; x_wconf 83' lang='lat' dir='ltr'><strong>lies</strong></span> <span class='ocrx_word' id='word_1_216' title='bbox 931 2847 1041 2916; x_wconf 70' lang='lat' dir='ltr'><strong>numm,</strong></span> <span class='ocrx_word' id='word_1_217' title='bbox 1054 2857 1130 2917; x_wconf 88' lang='lat' dir='ltr'><strong>quae</strong></span> <span class='ocrx_word' id='word_1_218' title='bbox 1143 2842 1313 2904; x_wconf 87' lang='lat' dir='ltr'><strong>huiusmodi</strong></span> 
     </span>
    </p>
   </div>
   <div class='ocr_carea' id='block_1_10' title="bbox 170 2939 1439 3609">
    <p class='ocr_par' dir='ltr' id='par_1_11' title="bbox 170 2939 1439 3609">
     <span class='ocr_line' id='line_1_27' title="bbox 231 2939 1314 3019; baseline -0.008 -11"><span class='ocrx_word' id='word_1_219' title='bbox 231 2956 327 3008; x_wconf 90' lang='lat' dir='ltr'><strong>motus</strong></span> <span class='ocrx_word' id='word_1_220' title='bbox 345 2949 520 3019; x_wconf 86' lang='lat' dir='ltr'><strong>terminant,</strong></span> <span class='ocrx_word' id='word_1_221' title='bbox 542 2951 594 3002; x_wconf 90' lang='lat' dir='ltr'><strong>aut</strong></span> <span class='ocrx_word' id='word_1_222' title='bbox 613 2945 688 3001; x_wconf 90' lang='lat' dir='ltr'><strong>entis</strong></span> <span class='ocrx_word' id='word_1_223' title='bbox 702 2946 846 3001; x_wconf 87' lang='lat' dir='ltr'><strong>rationem</strong></span> <span class='ocrx_word' id='word_1_224' title='bbox 866 2939 1005 3000; x_wconf 79' lang='lat' dir='ltr'><strong>exhibent</strong></span> <span class='ocrx_word' id='word_1_225' title='bbox 1028 2939 1093 3014; x_wconf 80' lang='lat' dir='ltr'><strong>(sub</strong></span> <span class='ocrx_word' id='word_1_226' title='bbox 1106 2955 1166 3015; x_wconf 92' lang='lat' dir='ltr'><strong>quo</strong></span> <span class='ocrx_word' id='word_1_227' title='bbox 1180 2949 1314 3018; x_wconf 83' lang='lat' dir='ltr'><strong>respectu</strong></span> 
     </span>
     <span class='ocr_line' id='line_1_28' title="bbox 230 3038 1313 3117; baseline -0.006 -12"><span class='ocrx_word' id='word_1_228' title='bbox 230 3061 327 3104; x_wconf 86' lang='lat' dir='ltr'><strong>merae</strong></span> <span class='ocrx_word' id='word_1_229' title='bbox 344 3043 582 3116; x_wconf 89' lang='lat' dir='ltr'><strong>contemplationi</strong></span> <span class='ocrx_word' id='word_1_230' title='bbox 597 3040 793 3116; x_wconf 87' lang='lat' dir='ltr'><strong>respondent),</strong></span> <span class='ocrx_word' id='word_1_231' title='bbox 811 3045 862 3099; x_wconf 92' lang='lat' dir='ltr'><strong>aut</strong></span> <span class='ocrx_word' id='word_1_232' title='bbox 880 3039 966 3114; x_wconf 86' lang='lat' dir='ltr'><strong>aequi</strong></span> <span class='ocrx_word' id='word_1_233' title='bbox 986 3044 1017 3098; x_wconf 92' lang='lat' dir='ltr'><strong>ct</strong></span> <span class='ocrx_word' id='word_1_234' title='bbox 1035 3040 1104 3098; x_wconf 86' lang='lat' dir='ltr'><strong>iusti</strong></span> <span class='ocrx_word' id='word_1_235' title='bbox 1126 3038 1224 3098; x_wconf 89' lang='lat' dir='ltr'><strong>ideam</strong></span> <span class='ocrx_word' id='word_1_236' title='bbox 1243 3056 1313 3117; x_wconf 89' lang='lat' dir='ltr'><strong>sup-</strong></span> 
     </span>
     <span class='ocr_line' id='line_1_29' title="bbox 230 3136 1314 3221; baseline -0.004 -20"><span class='ocrx_word' id='word_1_237' title='bbox 230 3142 362 3221; x_wconf 87' lang='lat' dir='ltr'><strong>peditant</strong></span> <span class='ocrx_word' id='word_1_238' title='bbox 389 3138 452 3214; x_wconf 90' lang='lat' dir='ltr'><strong>(suh</strong></span> <span class='ocrx_word' id='word_1_239' title='bbox 476 3154 534 3215; x_wconf 90' lang='lat' dir='ltr'><strong>quo</strong></span> <span class='ocrx_word' id='word_1_240' title='bbox 555 3145 685 3212; x_wconf 87' lang='lat' dir='ltr'><strong>respecta</strong></span> <span class='ocrx_word' id='word_1_241' title='bbox 714 3136 853 3196; x_wconf 80' lang='lat' dir='ltr'><strong>honestae</strong></span> <span class='ocrx_word' id='word_1_242' title='bbox 877 3136 1096 3212; x_wconf 87' lang='lat' dir='ltr'><strong>laudandaeque</strong></span> <span class='ocrx_word' id='word_1_243' title='bbox 1126 3139 1314 3212; x_wconf 87' lang='lat' dir='ltr'><strong>appetitionis</strong></span> 
     </span>
     <span class='ocr_line' id='line_1_30' title="bbox 231 3233 1439 3319; baseline -0.006 -19"><span class='ocrx_word' id='word_1_244' title='bbox 231 3241 384 3301; x_wconf 74' lang='lat' dir='ltr'><strong>taramriam</strong></span> <span class='ocrx_word' id='word_1_245' title='bbox 404 3235 584 3319; x_wconf 81' lang='lat' dir='ltr'><strong>eiiorvnant).</strong></span> <span class='ocrx_word' id='word_1_246' title='bbox 606 3236 738 3308; x_wconf 87' lang='lat' dir='ltr'><strong>Quatuor</strong></span> <span class='ocrx_word' id='word_1_247' title='bbox 757 3236 848 3311; x_wconf 74' lang='lat' dir='ltr'><strong>igitur</strong></span> <span class='ocrx_word' id='word_1_248' title='bbox 863 3233 1034 3308; x_wconf 87' lang='lat' dir='ltr'><strong>disciplinae</strong></span> <span class='ocrx_word' id='word_1_249' title='bbox 1052 3249 1091 3292; x_wconf 83' lang='lat' dir='ltr'><strong>ex</strong></span> <span class='ocrx_word' id='word_1_250' title='bbox 1111 3234 1168 3292; x_wconf 89' lang='lat' dir='ltr'><strong>hae</strong></span> <span class='ocrx_word' id='word_1_251' title='bbox 1182 3235 1314 3309; x_wconf 81' lang='lat' dir='ltr'><strong>generali</strong></span> <span class='ocrx_word' id='word_1_252' title='bbox 1438 3244 1439 3255; x_wconf 61' lang='lat'>¹</span> 
     </span>
     <span class='ocr_line' id='line_1_31' title="bbox 178 3328 1314 3411; baseline -0.009 -12"><span class='ocrx_word' id='word_1_253' title='bbox 178 3353 180 3362; x_wconf 91' lang='grc'><strong><em>·</em></strong></span> <span class='ocrx_word' id='word_1_254' title='bbox 229 3336 460 3399; x_wconf 87' lang='lat' dir='ltr'><strong>consideratione</strong></span> <span class='ocrx_word' id='word_1_255' title='bbox 478 3339 657 3411; x_wconf 83' lang='lat' dir='ltr'><strong>exsurgunt:</strong></span> <span class='ocrx_word' id='word_1_256' title='bbox 680 3333 820 3391; x_wconf 83' lang='lat' dir='ltr'><strong>nimirum</strong></span> <span class='ocrx_word' id='word_1_257' title='bbox 840 3331 970 3406; x_wconf 62' lang='grc' dir='ltr'><strong>ὡρίσω,</strong></span> <span class='ocrx_word' id='word_1_258' title='bbox 995 3328 1225 3406; x_wconf 74' lang='lat' dir='ltr'><strong>lieiupbpaiou,</strong></span> <span class='ocrx_word' id='word_1_259' title='bbox 1248 3329 1314 3391; x_wconf 75' lang='lat' dir='ltr'><strong>Mo·</strong></span> 
     </span>
     <span class='ocr_line' id='line_1_32' title="bbox 170 3428 1313 3503; baseline -0.01 -7"><span class='ocrx_word' id='word_1_260' title='bbox 170 3479 173 3486; x_wconf 75' lang='grc'><em>.</em></span> <span class='ocrx_word' id='word_1_261' title='bbox 229 3435 304 3496; x_wconf 82' lang='lat' dir='ltr'><strong>rois&#39;s</strong></span> <span class='ocrx_word' id='word_1_262' title='bbox 323 3439 354 3492; x_wconf 90' lang='lat' dir='ltr'><strong>et</strong></span> <span class='ocrx_word' id='word_1_263' title='bbox 373 3432 425 3492; x_wconf 88' lang='lat' dir='ltr'><strong>Ius</strong></span> <span class='ocrx_word' id='word_1_264' title='bbox 442 3434 578 3491; x_wconf 68' lang='lat' dir='ltr'><strong>eubaea.</strong></span> <span class='ocrx_word' id='word_1_265' title='bbox 600 3431 681 3503; x_wconf 84' lang='lat' dir='ltr'><strong>Quae</strong></span> <span class='ocrx_word' id='word_1_266' title='bbox 700 3431 779 3488; x_wconf 88' lang='lat' dir='ltr'><strong>enim</strong></span> <span class='ocrx_word' id='word_1_267' title='bbox 800 3436 897 3488; x_wconf 85' lang='lat' dir='ltr'><strong>motus</strong></span> <span class='ocrx_word' id='word_1_268' title='bbox 914 3429 1027 3503; x_wconf 87' lang='lat' dir='ltr'><strong>animi,</strong></span> <span class='ocrx_word' id='word_1_269' title='bbox 1049 3433 1137 3502; x_wconf 89' lang='lat' dir='ltr'><strong>prout</strong></span> <span class='ocrx_word' id='word_1_270' title='bbox 1157 3428 1189 3486; x_wconf 92' lang='lat' dir='ltr'><strong>in</strong></span> <span class='ocrx_word' id='word_1_271' title='bbox 1210 3442 1313 3486; x_wconf 90' lang='lat' dir='ltr'><strong>vemm</strong></span> 
     </span>
     <span class='ocr_line' id='line_1_33' title="bbox 229 3523 1314 3609; baseline -0.011 -15"><span class='ocrx_word' id='word_1_272' title='bbox 229 3533 374 3609; x_wconf 74' lang='lat' dir='ltr'><strong>madunt,</strong></span> <span class='ocrx_word' id='word_1_273' title='bbox 396 3529 619 3606; x_wconf 89' lang='lat' dir='ltr'><strong>contemplatur,</strong></span> <span class='ocrx_word' id='word_1_274' title='bbox 642 3533 730 3605; x_wconf 88' lang='lat' dir='ltr'><strong>atque</strong></span> <span class='ocrx_word' id='word_1_275' title='bbox 749 3527 847 3587; x_wconf 89' lang='lat' dir='ltr'><strong>media</strong></span> <span class='ocrx_word' id='word_1_276' title='bbox 861 3523 981 3602; x_wconf 87' lang='lat' dir='ltr'><strong>praehet</strong></span> <span class='ocrx_word' id='word_1_277' title='bbox 1001 3525 1108 3601; x_wconf 90' lang='lat' dir='ltr'><strong>quibus</strong></span> <span class='ocrx_word' id='word_1_278' title='bbox 1129 3524 1217 3584; x_wconf 87' lang='lat' dir='ltr'><strong>duem</strong></span> <span class='ocrx_word' id='word_1_279' title='bbox 1233 3524 1314 3583; x_wconf 89' lang='lat' dir='ltr'><strong>hunc</strong></span> 
     </span>
    </p>
   </div>
   <div class='ocr_carea' id='block_1_11' title="bbox 227 3705 1317 4101">
    <p class='ocr_par' dir='ltr' id='par_1_12' title="bbox 227 3705 1317 4101">
     <span class='ocr_line' id='line_1_34' title="bbox 287 3705 1317 3778; baseline -0.014 -11"><span class='ocrx_word' id='word_1_280' title='bbox 287 3719 380 3767; x_wconf 83' lang='lat' dir='ltr'><strong>illane</strong></span> <span class='ocrx_word' id='word_1_281' title='bbox 395 3714 506 3766; x_wconf 84' lang='lat' dir='ltr'><strong>Platonis</strong></span> <span class='ocrx_word' id='word_1_282' title='bbox 518 3712 673 3778; x_wconf 85' lang='lat' dir='ltr'><strong>partitionem</strong></span> <span class='ocrx_word' id='word_1_283' title='bbox 690 3709 727 3761; x_wconf 87' lang='lat' dir='ltr'><strong>sie</strong></span> <span class='ocrx_word' id='word_1_284' title='bbox 743 3709 857 3775; x_wconf 81' lang='lat' dir='ltr'><strong>esposuit</strong></span> <span class='ocrx_word' id='word_1_285' title='bbox 867 3707 979 3760; x_wconf 79' lang='lat' dir='ltr'><strong>Tullius:</strong></span> <span class='ocrx_word' id='word_1_286' title='bbox 1000 3727 1013 3752; x_wconf 74' lang='lat' dir='ltr'><strong>s</strong></span> <span class='ocrx_word' id='word_1_287' title='bbox 1025 3707 1084 3758; x_wconf 80' lang='lat' dir='ltr'><strong>Fuit</strong></span> <span class='ocrx_word' id='word_1_288' title='bbox 1097 3721 1155 3770; x_wconf 74' lang='lat' dir='ltr'><strong>erga</strong></span> <span class='ocrx_word' id='word_1_289' title='bbox 1170 3707 1219 3756; x_wconf 67' lang='lat' dir='ltr'><strong>hm</strong></span> <span class='ocrx_word' id='word_1_290' title='bbox 1233 3718 1249 3754; x_wconf 82' lang='lat' dir='ltr'><strong>a</strong></span> <span class='ocrx_word' id='word_1_291' title='bbox 1264 3705 1317 3754; x_wconf 66' lang='lat' dir='ltr'><strong>Pla</strong></span> 
     </span>
     <span class='ocr_line' id='line_1_35' title="bbox 228 3782 1317 3860; baseline -0.012 -13"><span class='ocrx_word' id='word_1_292' title='bbox 228 3817 241 3840; x_wconf 74' lang='grc' dir='ltr'>ι</span> <span class='ocrx_word' id='word_1_293' title='bbox 254 3798 312 3846; x_wconf 88' lang='lat' dir='ltr'><strong>ione</strong></span> <span class='ocrx_word' id='word_1_294' title='bbox 322 3796 422 3860; x_wconf 82' lang='lat' dir='ltr'><strong>accepia</strong></span> <span class='ocrx_word' id='word_1_295' title='bbox 435 3792 625 3860; x_wconf 84' lang='lat' dir='ltr'><strong>philosophandi</strong></span> <span class='ocrx_word' id='word_1_296' title='bbox 636 3791 699 3842; x_wconf 89' lang='lat' dir='ltr'><strong>ratio</strong></span> <span class='ocrx_word' id='word_1_297' title='bbox 710 3791 818 3854; x_wconf 69' lang='lat' dir='ltr'><strong>hintes,</strong></span> <span class='ocrx_word' id='word_1_298' title='bbox 833 3802 884 3840; x_wconf 84' lang='lat' dir='ltr'><strong>ana</strong></span> <span class='ocrx_word' id='word_1_299' title='bbox 898 3787 931 3840; x_wconf 87' lang='lat' dir='ltr'><strong>de</strong></span> <span class='ocrx_word' id='word_1_300' title='bbox 940 3788 993 3838; x_wconf 79' lang='lat' dir='ltr'><strong>viu</strong></span> <span class='ocrx_word' id='word_1_301' title='bbox 1005 3789 1032 3838; x_wconf 88' lang='lat' dir='ltr'><strong>et</strong></span> <span class='ocrx_word' id='word_1_302' title='bbox 1043 3787 1171 3846; x_wconf 70' lang='lat' dir='ltr'><strong>moribus,</strong></span> <span class='ocrx_word' id='word_1_303' title='bbox 1186 3785 1267 3834; x_wconf 81' lang='lat' dir='ltr'><strong>sitem</strong></span> <span class='ocrx_word' id='word_1_304' title='bbox 1283 3782 1317 3834; x_wconf 84' lang='lat' dir='ltr'><strong>dc</strong></span> 
     </span>
     <span class='ocr_line' id='line_1_36' title="bbox 228 3861 1313 3937; baseline -0.015 -11"><span class='ocrx_word' id='word_1_305' title='bbox 228 3895 241 3920; x_wconf 79' lang='grc' dir='ltr'><strong>ιι</strong></span> <span class='ocrx_word' id='word_1_306' title='bbox 255 3877 344 3926; x_wconf 78' lang='lat' dir='ltr'><strong>natura</strong></span> <span class='ocrx_word' id='word_1_307' title='bbox 360 3877 387 3927; x_wconf 88' lang='lat' dir='ltr'><strong>et</strong></span> <span class='ocrx_word' id='word_1_308' title='bbox 403 3875 476 3927; x_wconf 88' lang='lat' dir='ltr'><strong>rebus</strong></span> <span class='ocrx_word' id='word_1_309' title='bbox 486 3873 609 3937; x_wconf 74' lang='lat' dir='ltr'><strong>occuliie3</strong></span> <span class='ocrx_word' id='word_1_310' title='bbox 629 3874 701 3924; x_wconf 85' lang='lat' dir='ltr'><strong>teriia</strong></span> <span class='ocrx_word' id='word_1_311' title='bbox 713 3870 915 3933; x_wconf 63' lang='lat' dir='ltr'><strong>dedissemdo,</strong></span> <span class='ocrx_word' id='word_1_312' title='bbox 926 3870 953 3920; x_wconf 85' lang='lat' dir='ltr'><strong>et</strong></span> <span class='ocrx_word' id='word_1_313' title='bbox 969 3867 1031 3932; x_wconf 90' lang='lat' dir='ltr'><strong>qnid</strong></span> <span class='ocrx_word' id='word_1_314' title='bbox 1047 3879 1134 3918; x_wconf 86' lang='lat' dir='ltr'><strong>reram</strong></span> <span class='ocrx_word' id='word_1_315' title='bbox 1149 3866 1176 3914; x_wconf 80' lang='lat' dir='ltr'><strong>ei</strong></span> <span class='ocrx_word' id='word_1_316' title='bbox 1192 3862 1255 3926; x_wconf 90' lang='lat' dir='ltr'><strong>qnid</strong></span> <span class='ocrx_word' id='word_1_317' title='bbox 1268 3861 1313 3911; x_wconf 80' lang='lat' dir='ltr'><strong>inl·</strong></span> 
     </span>
     <span class='ocr_line' id='line_1_37' title="bbox 227 3942 1311 4020; baseline -0.014 -13"><span class='ocrx_word' id='word_1_318' title='bbox 227 3974 242 4000; x_wconf 68' lang='lat' dir='ltr'><strong>e</strong></span> <span class='ocrx_word' id='word_1_319' title='bbox 253 3967 328 4019; x_wconf 84' lang='lat' dir='ltr'><strong>urm,</strong></span> <span class='ocrx_word' id='word_1_320' title='bbox 347 3956 407 4020; x_wconf 91' lang='lat' dir='ltr'><strong>quid</strong></span> <span class='ocrx_word' id='word_1_321' title='bbox 419 3957 513 4009; x_wconf 86' lang='lat' dir='ltr'><strong>reeiivm</strong></span> <span class='ocrx_word' id='word_1_322' title='bbox 531 3957 557 4008; x_wconf 94' lang='lat' dir='ltr'><strong>in</strong></span> <span class='ocrx_word' id='word_1_323' title='bbox 570 3955 681 4006; x_wconf 77' lang='lat' dir='ltr'><strong>matium</strong></span> <span class='ocrx_word' id='word_1_324' title='bbox 696 3965 872 4018; x_wconf 85' lang='lat' dir='ltr'><strong>pravumque,</strong></span> <span class='ocrx_word' id='word_1_325' title='bbox 889 3949 951 4016; x_wconf 82' lang='lat' dir='ltr'><strong>qaid</strong></span> <span class='ocrx_word' id='word_1_326' title='bbox 968 3948 1141 4006; x_wconf 77' lang='lat' dir='ltr'><strong>uomentium,</strong></span> <span class='ocrx_word' id='word_1_327' title='bbox 1159 3942 1223 4007; x_wconf 89' lang='lat' dir='ltr'><strong>quid</strong></span> <span class='ocrx_word' id='word_1_328' title='bbox 1239 3955 1311 4006; x_wconf 81' lang='lat' dir='ltr'><strong>rapu·</strong></span> 
     </span>
     <span class='ocr_line' id='line_1_38' title="bbox 231 4034 798 4101; baseline -0.014 -9"><span class='ocrx_word' id='word_1_329' title='bbox 231 4047 333 4101; x_wconf 63' lang='lat' dir='ltr'><strong>“sums</strong></span> <span class='ocrx_word' id='word_1_330' title='bbox 343 4037 488 4092; x_wconf 85' lang='lat' dir='ltr'><strong>iudicando.</strong></span> <span class='ocrx_word' id='word_1_331' title='bbox 503 4057 515 4084; x_wconf 75' lang='lat' dir='ltr'><strong>s</strong></span> <span class='ocrx_word' id='word_1_332' title='bbox 531 4035 654 4090; x_wconf 65' lang='lat' dir='ltr'><strong>demean</strong></span> <span class='ocrx_word' id='word_1_333' title='bbox 666 4034 684 4087; x_wconf 92' lang='lat' dir='ltr'><strong>l.</strong></span> <span class='ocrx_word' id='word_1_334' title='bbox 698 4036 719 4097; x_wconf 90' lang='lat' dir='ltr'><strong>l,</strong></span> <span class='ocrx_word' id='word_1_335' title='bbox 732 4047 758 4084; x_wconf 89' lang='lat' dir='ltr'><strong>n.</strong></span> <span class='ocrx_word' id='word_1_336' title='bbox 773 4039 798 4085; x_wconf 84' lang='lat' dir='ltr'><strong>u.</strong></span> 
     </span>
    </p>
   </div>
   <div class='ocr_carea' id='block_1_12' title="bbox 0 0 1450 4425">
    <p class='ocr_par' dir='ltr' id='par_1_13' title="bbox 0 0 1450 4425">
     <span class='ocr_line' id='line_1_39' title="bbox 0 0 1450 4425; baseline 0 0"><span class='ocrx_word' id='word_1_337' title='bbox 0 0 1450 4425; x_wconf 95' lang='lat' dir='ltr'><strong> </strong></span> 
     </span>
    </p>
   </div>
  </div>
 </body>
</html>
