2892 4425
426 394 505 439 Pffl
524 394 645 441 mm
664 410 679 427 ·
699 394 918 442 unctionem
1152 392 1209 445 m

133 505 181 565 Ati
194 518 256 565 rem
267 502 368 563 vietor
377 502 500 563 Comin:
517 528 531 555 ι
545 502 734 563 Gonditionaa
749 503 804 564 irae
817 520 918 564 omnes
931 507 1113 568 necessariae
1124 515 1209 583 ennt3

136 627 151 654 ι
173 602 227 661 aad
243 615 344 661 renea
356 602 536 660 convenient
552 604 633 676 ipeae
646 603 678 661 in
692 601 896 677 phaenomeno
912 606 1087 680 oogoitionio
1100 604 1209 667 torma-

136 724 151 749 «
174 714 241 759 rom
259 697 438 757 obtentorum
453 700 662 786 externorum?
682 698 762 758 Nihil
786 699 918 773 proferto
934 702 1041 761 minna.
1067 701 1211 779 Principio
1263 710 1265 715 “

135 821 149 848 ι
175 797 280 856 notitia
292 796 430 871 imaginis
441 798 473 853 in
490 797 584 854 retina
598 793 732 870 depietae
749 798 835 873 ionga
849 800 990 872 posterior
1005 800 1148 875 quaedam
1161 816 1211 860 ae·

136 913 154 943 «
173 895 293 969 punitio
310 897 357 951 eet
375 894 572 980 experientiae
585 899 615 950 et
629 891 841 971 physiologiae.
860 894 977 954 Priores
994 896 1147 973 hominen„
1159 902 1212 975 qni

135 1015 151 1041 «
174 996 252 1048 carte
270 988 397 1066 iignrata
416 1003 539 1063 oorpora
557 995 628 1047 anta
641 1004 674 1048 ae
692 989 841 1049 obversari
857 990 1056 1065 erediderunt,
1071 993 1213 1069 imagines
1229 1030 1231 1035 -

137 1111 152 1138 ·
175 1088 207 1145 in
227 1088 320 1146 retina
339 1085 458 1162 depingi
485 1086 617 1161 proiecto
636 1100 696 1145 non
720 1094 876 1147 noverant.
897 1088 991 1147 Immo
1005 1104 1075 1147 vero
1097 1089 1213 1166 longino

136 1209 152 1235 α
176 1186 265 1245 etiam
284 1183 406 1245 merant
421 1177 611 1260 otimaginee
631 1184 812 1259 huiuamodi,
833 1200 907 1261 queo
926 1185 1113 1262 ignorabant,
1138 1185 1214 1245 obio-

136 1305 152 1331 «
174 1284 230 1341 otio
245 1279 410 1339 ooniormao
421 1294 484 1339 eaeo
495 1282 724 1355 anepioarentor.
742 1282 840 1371 Qnope
858 1282 998 1357 oonditio,
1017 1298 1093 1359 quaa
1110 1285 1209 1343 animo

137 1402 152 1427 ι
174 1377 306 1437 hnmano
321 1378 516 1453 praecipitor,
539 1383 573 1435 nt
600 1379 758 1453 imaginem
780 1381 811 1437 in
834 1380 928 1439 retina
948 1379 1093 1455 depictam
1117 1383 1214 1457 oogni·

138 1499 152 1525 α
174 1476 255 1535 tione
281 1480 454 1550 mapnatnr
474 1476 596 1551 eioaqm
610 1490 679 1535 eom
700 1475 815 1536 obieoto
834 1476 1066 1539 ooniormit'atam
1087 1494 1214 1559 eompar

136 1596 152 1623 «
174 1578 237 1631 tam
249 1570 402 1648 habmt3a
421 1574 560 1647 proomu
581 1576 704 1631 omnino
717 1572 836 1650 diiiart,
858 1589 945 1650 qoem
959 1576 1008 1635 iiie
1026 1576 1081 1635 eibi
1097 1577 1215 1637 raiiotno

139 1668 441 1746 nystamatiomque
465 1671 622 1728 aommotio
650 1672 811 1745 exequitur
833 1673 864 1728 vi
894 1678 1017 1732 naturae
1043 1673 1080 1731 ad
1105 1672 1215 1733 iormaa

137 1792 152 1819 ι
176 1782 330 1843 aorporpm
358 1767 605 1827 intamoeoendeo.
635 1767 748 1828 Deinde
775 1766 849 1827 iiioti
876 1768 1116 1845 animadvertite,
1136 1770 1215 1849 qooti

137 1888 153 1915 a
176 1867 202 1923 ai
221 1866 319 1941 imago
337 1862 433 1924 fidelia
454 1863 567 1923 formae
586 1864 692 1924 obieeti
711 1864 828 1941 depicta
841 1868 872 1925 in
887 1868 982 1926 retina
995 1865 1214 1941 phaenomenon

139 1985 153 2013 t
175 1961 369 2037 pereeptionie
380 1960 593 2020 iormaohoioe
605 1960 776 2037 expiioaree
792 1962 892 2036 proerss
913 1961 1002 2023 ‹iobio
1022 1970 1167 2039 oporteret
1182 1970 1216 2023 nt

138 2082 154 2109 α
175 2058 320 2117 unimodi
340 2059 440 2135 imago
458 2072 496 2117 ex
516 2059 610 2117 meina
629 2058 668 2117 etl
687 2072 813 2119 nervnm
833 2061 980 2135 optionm,
1007 2066 1036 2118 et
1062 2074 1100 2119 ex
1125 2076 1216 2119 nervo

139 2180 153 2205 ι
175 2156 272 2232 optioo
290 2154 486 2227 muniantur
502 2153 541 2214 ed
562 2154 727 2231 pereiram,
741 2153 832 2232 quod,
848 2154 1002 2216 etLoekio
1021 2154 1128 2231 piacet,
1143 2156 1213 2216 anie

138 2277 153 2304 «
176 2258 222 2313 eat
242 2252 294 2312 nii
313 2255 429 2312 animoa
454 2251 634 2312 andientiam
659 2251 783 2327 tribuit,
806 2257 894 2328 atqua
921 2267 958 2311 ex
978 2251 1035 2310 hoo
1054 2252 1218 2313 audientiae

139 2372 153 2400 ι
176 2350 242 2410 ioeo
260 2351 292 2408 in
312 2351 409 2424 ipram
429 2349 561 2408 ammom
589 2348 804 2409 introiioeatnr.
831 2349 941 2408 Varum
962 2349 1013 2408 iiia
1032 2348 1125 2425 grado
1145 2364 1217 2424 qno-

138 2470 154 2500 ι
176 2448 225 2508 via
240 2448 305 2506 niati
318 2447 432 2533 optima
446 2451 553 2521 poteat.
569 2445 613 2504 iix
634 2448 731 2506 retina
753 2460 827 2522 opos
844 2451 889 2505 eat
908 2453 943 2506 nt
963 2447 1060 2522 imago
1082 2461 1132 2520 per
1155 2461 1218 2504 ner-

138 2568 154 2596 «
177 2559 251 2603 rom
270 2545 399 2618 optienm
421 2543 460 2602 aii
481 2541 634 2601 oerebrnm
654 2544 887 2604 tranamittntnr.
917 2542 958 2602 it
976 2557 1048 2618 aga,
1077 2544 1130 2616 sia,
1151 2538 1218 2617 qnia

138 2663 154 2692 ι
177 2642 296 2716 ignorat
314 2654 438 2698 moram
459 2641 589 2715 optieom
609 2641 640 2698 io
661 2642 780 2716 regiona
793 2639 918 2700 obeenra
938 2641 1063 2712 morari,
1077 2652 1153 2714 quaa
1172 2655 1219 2714 pe

138 2760 154 2787 a
177 2737 287 2795 oetrari
313 2751 332 2796 a
357 2735 423 2794 inea
445 2736 574 2811 nequit?
599 2735 716 2795 Narrna
741 2739 857 2811 optione
881 2735 1021 2794 obscuros
1043 2742 1108 2809 eat3
1137 2734 1219 2794 nriia

138 2855 153 2883 a
178 2834 268 2908 igitar
286 2835 384 2909 imago
404 2833 486 2909 pingi
499 2831 540 2891 iot
553 2839 661 2909 potatt3
678 2838 709 2892 ot
723 2829 796 2892 'eeoa
810 2847 864 2893 noe
884 2831 923 2892 air
942 2833 1070 2909 imagine
1087 2834 1147 2893 iam
1169 2831 1219 2892 dr·

139 2953 153 2978 a
176 2936 280 2989 aertoe.
304 2930 459 2989 Praeterea
474 2928 641 3005 erratorum,
663 2929 888 2989 arianimirum
908 2929 949 2990 ad
968 2929 1147 2990 andiantiam
1167 2931 1219 2988 tn·

137 3050 153 3077 ι
176 3025 323 3086 mandam
354 3028 539 3101 camorata,
569 3028 602 3085 in
630 3029 749 3103 regione
778 3029 887 3103 paritor
914 3026 1041 3088 obseura
1068 3034 1218 3102 veroatnr3
1329 3099 1334 3109 ι

138 3147 153 3172 ι
177 3125 306 3200 animae,
326 3127 391 3200 qni,
412 3126 496 3184 iuxta
510 3123 612 3182 [motii
627 3123 785 3200 theoriam,
801 3126 946 3200 respicere
966 3123 1005 3182 ad
1025 3125 1150 3182 retinam
1169 3122 1219 3182 de·

138 3243 155 3270 ι
177 3218 254 3295 init,
273 3227 309 3280 at
320 3221 361 3280 ibi
374 3219 481 3280 obiecti
493 3222 650 3296 imaginem
670 3225 859 3279 oontneretnr
878 3234 1001 3295 eamqne
1025 3218 1137 3278 obieeta
1157 3233 1221 3277 area

140 3341 155 3365 κ
179 3317 362 3376 mneirouem
382 3323 513 3392 oaperat,
534 3317 768 3376 animadvertere
782 3314 814 3375 id
829 3332 887 3376 non
902 3317 997 3392 potuit
1011 3311 1065 3374 n'ee
1086 3316 1116 3374 in
1130 3329 1221 3374 nervo

138 3437 152 3462 ι
176 3416 277 3488 optieo
296 3429 392 3490 neque
411 3417 443 3472 in
464 3412 584 3473 cerebro
598 3416 621 3471 ¹.
640 3438 652 3464 ι

196 3511 281 3583 Quot
301 3513 328 3571 ei
347 3526 455 3571 nomen
476 3513 576 3587 imago
597 3512 742 3586 aecipitnr
760 3509 973 3584 metaphorica,
988 3513 1133 3584 qnatenus
1157 3507 1221 3582 ipoa
1242 3563 1244 3566 .

136 3609 292 3682 impraeeio
312 3609 475 3669 materialia
494 3615 547 3668 ant
561 3609 691 3668 aeoaatm
708 3609 877 3665 nominatur
896 3608 1015 3682 imag03
1035 3620 1094 3663 non
1113 3607 1220 3664 minori

135 3703 265 3765 iaiaitata
286 3708 449 3782 propositio
463 3712 612 3782 torpatur.
631 3705 707 3764 Nam
726 3707 781 3764 etei
802 3707 930 3764 senmtio
941 3745 951 3779 ,
964 3709 1109 3780 qnatenus
1122 3702 1221 3778 aliquo

135 3800 227 3861 motio
248 3809 446 3878 repraesentat
463 3802 632 3879 obiectum,
657 3804 721 3862 aioe
740 3803 839 3878 imago
861 3799 1057 3876 metaphoriae
1078 3799 1218 3876 appeiiari

198 4021 207 4061 t
226 4013 294 4063 iltrt.
308 4011 342 4062 tie
356 4011 386 4064 io
399 4011 496 4076 patior.
509 4015 569 4063 toni.
585 4019 610 4074 t,
626 4012 672 4074 iao.
684 4017 725 4062 ii.
