2892 4425
559 356 633 399 PARS
655 354 774 397 &lamb
1163 344 1196 393 81

187 474 259 535 Cum
288 487 371 533 mens
397 470 522 531 iaeullas
544 470 584 528 slt
601 466 784 540 neeessaria,
804 480 823 524 e
843 480 913 525 rem
930 465 1080 524 evidenter
1098 481 1202 540 propo·

129 577 183 635 sito
202 588 352 641 assensum
377 568 511 629 cohibere
533 582 590 625 nou
605 570 719 642 potest3
744 564 832 639 idque
850 566 876 622 si
900 563 1018 638 faceret,
1045 567 1141 651 iam-a
1157 563 1202 623 sui

130 679 234 733 natura
261 672 442 731 descisceret.
468 666 599 739 Contra,
628 662 678 721 ubi
702 663 850 723 euidentia
875 663 977 737 deest,
1008 662 1135 721 medium
1157 662 1205 719 de

130 772 273 832 uideretur
300 768 379 845 quod
407 767 508 825 ordine
533 770 654 823 naturae
681 762 817 820 idoneum
842 764 881 819 sit
907 762 944 850 ed
968 762 1131 820 intellectus
1154 776 1204 819 ex·

131 868 322 946 torquendam
345 865 560 925 adhaesionem.
583 862 627 920 Er
646 876 705 935 quo
724 858 862 932 effloitur,
883 865 917 918 ut
936 862 1043 919 ueritas
1063 861 1204 919 naturalis

131 968 277 1028 evidenter
302 979 445 1040 apparens
465 966 591 1020 mentem
616 958 716 1036 adigat
737 956 776 1017 ad
798 972 960 1033 assensum3
986 974 1046 1017 non
1069 962 1110 1017 ita
1130 961 1205 1017 veri-
1304 968 1307 977 ·

131 1072 176 1140 tas
199 1060 449 1139 supernaturalis,
471 1074 546 1134 quae
567 1058 618 1117 llei
637 1056 763 1117 obscure
783 1055 940 1114 revelantis
961 1058 1128 1115 testimonio
1150 1056 1207 1114 ini·

132 1167 237 1222 elutus.
261 1162 303 1221 At
322 1160 391 1219 bino
416 1174 474 1217 uon
496 1156 576 1216 aliud
597 1155 732 1231 insertur,
756 1156 812 1213 nisi
833 1156 958 1230 priorem
975 1170 1126 1213 assensum
1143 1170 1208 1212 esse

133 1262 350 1334 neeessariam,
380 1262 477 1333 utpote
500 1254 681 1329 evidentem
702 1254 826 1313 alterum
847 1270 918 1312 vero
943 1253 1084 1328 liberum,
1108 1258 1207 1329 utpote

134 1358 278 1417 evidentia
295 1356 440 1417 orbatum.
466 1354 527 1413 llos
549 1357 646 1412 autem
669 1354 880 1428 praestantium
899 1352 981 1411 Fidei
996 1368 1069 1427 pme
1091 1353 1209 1410 certitu²

134 1455 202 1515 dine
225 1454 351 1515 naturali
375 1468 433 1511 non
461 1468 498 1511 ex
521 1450 667 1518 evidentia
691 1458 721 1510 et
744 1453 916 1509 necessitate
938 1466 1095 1525 assensus,
1117 1449 1167 1507 sed
1193 1466 1211 1507 a

134 1553 283 1613 nobilitate
305 1552 424 1611 luminis
447 1548 701 1626 supernaturalis,
730 1565 791 1624 quo
818 1566 902 1609 meus
921 1552 1098 1624 instruitur,
1123 1554 1210 1624 atque

135 1651 173 1710 ab
198 1650 369 1711 excellentia
398 1649 497 1707 motivi
526 1647 762 1723 desumpsimus,
788 1662 863 1723 quae
889 1652 967 1706 eerte
992 1647 1107 1706 affatim
1132 1662 1212 1721 prae

135 1747 285 1807 stabiliora
309 1762 373 1805 esse
397 1748 426 1804 in
451 1744 522 1804 Fide
549 1760 637 1821 quam
661 1746 692 1803 in
718 1746 840 1803 selentia
865 1744 991 1803 naturali
1018 1759 1124 1819 nemo,
1155 1745 1211 1801 uisi

135 1862 257 1923 amens,
282 1844 472 1905 lniioiabitur.

313 2078 315 2083 ·
424 2094 430 2097 .
509 2030 842 2098 annicetuslll.

533 2226 578 2299 οε·
587 2239 815 2317 probabilitate.
843 2191 847 2203 ⁸

200 2437 249 2488 at.
271 2429 446 2504 Plerumque
462 2445 522 2488 nou
538 2428 623 2488 modo
637 2432 668 2486 in
684 2431 762 2488 vitae
776 2445 845 2504 usu,
859 2444 962 2487 verum
975 2432 1063 2488 etima
1078 2431 1108 2487 in
1124 2434 1215 2490 seien-

138 2529 187 2586 tils
206 2528 277 2603 ipsis
299 2525 500 2596 certitudinem
520 2528 634 2602 assequi
654 2541 716 2596 ¹nou
742 2541 914 2602 possumus,
938 2527 988 2586 sed
1014 2526 1217 2602 probabilitate

139 2623 294 2686 dumtaxat
315 2625 443 2684 conteuti
462 2639 525 2684 esse
544 2623 693 2684 debemus.
706 2623 779 2682 -Abs
800 2639 831 2682 re
849 2626 947 2700 ltaque
963 2640 1023 2684 non
1043 2628 1099 2684 erit
1121 2625 1219 2702 aliqua

140 2723 189 2782 hie
208 2722 244 2782 de
265 2722 317 2782 illa
335 2724 458 2781 summis
478 2721 563 2781 lobiis
582 2721 746 2798 degustare.

199 2821 372 2896 Probabile,
397 2827 430 2879 ul
454 2823 549 2896 ipsum
575 2836 679 2878 nomen
705 2820 815 2879 iudicat
829 2863 838 2895 ,
851 2821 944 2904 ,idem
968 2829 1013 2881 est
1035 2838 1071 2880 ae
1097 2822 1218 2900 dignum

140 2919 218 2996 quod
238 2919 387 2995 probetur,
406 2921 482 2978 sieut
501 2917 626 2978 amabile
646 2918 769 2995 dignum
787 2919 867 2994 quod
882 2925 1007 2978 ametur.
1030 2919 1110 2979 Solet
1123 2927 1218 2980 autem

141 3017 289 3092 probabile
315 3019 426 3075 interne
448 3017 495 3076 vel
515 3023 634 3076 externe
656 3019 780 3092 oeueeri,
804 3024 891 3092 prout
912 3018 958 3076 uel
983 3021 1097 3077 interno
1122 3019 1221 3095 aliquo

137 3119 251 3174 motivo
273 3133 308 3175 ex
337 3119 402 3191 ipsa
423 3117 472 3175 rei'
494 3121 602 3174 natura
623 3111 796 3191 desumpto,
822 3117 869 3175 vel
898 3119 1067 3178 testantium
1090 3116 1219 3175 affirma·

142 3215 222 3270 done
244 3213 409 3272 roboratur.
435 3212 518 3272 Tune
542 3215 641 3289 itaque
668 3199 815 3272 obi'eetum
838 3214 956 3290 aliquod
979 3217 1093 3274 interne
1116 3216 1219 3290 probu-

145 3306 201 3366 bile
219 3309 412 3386 nuncupabis,
429 3327 496 3371 eum
515 3313 629 3387 urgenti
649 3327 684 3370 eo
705 3293 803 3369 valida
826 3315 950 3388 ratione,
970 3313 1037 3371 beet
1056 3329 1115 3371 uon
1135 3329 1221 3386 omae

143 3403 265 3464 dubium
288 3407 477 3482 excludente,
496 3408 654 3484 suadetur3
672 3415 791 3467 externe
807 3415 916 3485 autem,
934 3425 1001 3468 eum
1024 3412 1109 3486 graui
1126 3415 1222 3469 auoto

145 3505 231 3562 ritate
256 3503 300 3560 uel
320 3503 385 3560 aliis
407 3505 568 3581 quibusque
587 3509 716 3566 externis
741 3505 878 3565 iirmatur
900 3510 1066 3566 momentis.
1093 3507 1221 3580 Quodsi

143 3597 262 3676 quondo
283 3613 328 3655 res
352 3600 606 3660 verisimilitudine
623 3608 738 3662 tautum
764 3618 799 3661 ao
823 3603 880 3662 levi
904 3603 1061 3662 admodum
1087 3607 1221 3679 ratione,

144 3697 191 3756 vel
212 3699 299 3756 unius
317 3702 368 3754 out
393 3696 510 3756 alterius
528 3713 634 3772 parum
654 3699 712 3758 ilde
730 3700 812 3778 digni
830 3704 997 3760 testimonio
1015 3704 1129 3777 nititur,
1151 3709 1224 3762 tuue

145 3799 196 3854 vix
215 3802 266 3854 aut
280 3811 317 3854 ne
333 3797 384 3853 via
405 3793 521 3870 quidem
541 3811 646 3855 nomen
666 3798 739 3857 illud
757 3797 814 3857 sibl
835 3799 977 3874 vindieat,
992 3805 1022 3857 et
1041 3799 1145 3858 leviter
1160 3815 1225 3875 pro

145 3893 272 3969 babilis,
294 3883 445 3952 ueletiam
466 3892 665 3968 improbabilis
686 3896 859 3970 appellatur.
883 3896 990 3972 Nequit
1007 3899 1084 3954 euim
1103 3896 1225 3972 dignum

145 3990 354 4066 approbatione
377 3990 455 4065 diei,
477 3990 554 4066 quod
578 3992 632 4048 viri
659 3993 810 4067 prudentis
828 4009 977 4054 assensum
999 4007 1059 4052 non
1081 3999 1224 4067 meretur,

1011 4099 1029 4146 u
