<?xml version="1.0" encoding="UTF-8"?>
<!DOCTYPE html PUBLIC "-//W3C//DTD XHTML 1.0 Transitional//EN"
    "http://www.w3.org/TR/xhtml1/DTD/xhtml1-transitional.dtd">
<html xmlns="http://www.w3.org/1999/xhtml" xml:lang="en" lang="en">
 <head>
  <title>
</title>
<meta http-equiv="Content-Type" content="text/html;charset=utf-8" />
  <meta name='ocr-system' content='tesseract 3.04.00' />
  <meta name='ocr-capabilities' content='ocr_page ocr_carea ocr_par ocr_line ocrx_word'/>
</head>
<body>
  <div class='ocr_page' id='page_1' title='image "./institutionesph01libegoog_0080.png"; bbox 0 0 2892 4425; ppageno 0'>
   <div class='ocr_carea' id='block_1_1' title="bbox 243 302 1315 494">
    <p class='ocr_par' dir='ltr' id='par_1_1' title="bbox 243 302 1315 494">
     <span class='ocr_line' id='line_1_1' title="bbox 245 302 1191 360; baseline 0.001 -9"><span class='ocrx_word' id='word_1_1' title='bbox 245 302 281 352; x_wconf 78' lang='lat' dir='ltr'><em>n</em></span> <span class='ocrx_word' id='word_1_2' title='bbox 713 309 847 353; x_wconf 82' lang='lat' dir='ltr'><strong>toercn</strong></span> <span class='ocrx_word' id='word_1_3' title='bbox 1188 351 1191 360; x_wconf 79' lang='grc'><strong>,</strong></span> 
     </span>
     <span class='ocr_line' id='line_1_2' title="bbox 243 417 1315 494; baseline -0.001 -16"><span class='ocrx_word' id='word_1_4' title='bbox 243 427 301 494; x_wconf 90' lang='lat' dir='ltr'><strong>tur,</strong></span> <span class='ocrx_word' id='word_1_5' title='bbox 313 418 391 494; x_wconf 88' lang='lat' dir='ltr'><strong>qnod</strong></span> <span class='ocrx_word' id='word_1_6' title='bbox 406 422 459 477; x_wconf 82' lang='lat' dir='ltr'><strong>atel</strong></span> <span class='ocrx_word' id='word_1_7' title='bbox 473 432 525 493; x_wconf 84' lang='lat' dir='ltr'><strong>per</strong></span> <span class='ocrx_word' id='word_1_8' title='bbox 536 434 568 476; x_wconf 83' lang='lat' dir='ltr'><strong>sc</strong></span> <span class='ocrx_word' id='word_1_9' title='bbox 583 417 619 477; x_wconf 85' lang='lat' dir='ltr'><strong>ud</strong></span> <span class='ocrx_word' id='word_1_10' title='bbox 632 432 730 477; x_wconf 83' lang='lat' dir='ltr'><strong>teram</strong></span> <span class='ocrx_word' id='word_1_11' title='bbox 744 422 791 479; x_wconf 86' lang='lat' dir='ltr'><strong>sul</strong></span> <span class='ocrx_word' id='word_1_12' title='bbox 803 418 938 477; x_wconf 77' lang='lat' dir='ltr'><strong>nutihem</strong></span> <span class='ocrx_word' id='word_1_13' title='bbox 951 417 1126 494; x_wconf 70' lang='lat' dir='ltr'><strong>gigmdom</strong></span> <span class='ocrx_word' id='word_1_14' title='bbox 1140 424 1224 492; x_wconf 78' lang='lat' dir='ltr'><strong>aptae</strong></span> <span class='ocrx_word' id='word_1_15' title='bbox 1237 420 1315 491; x_wconf 77' lang='lat' dir='ltr'><strong>nint,</strong></span> 
     </span>
    </p>
   </div>
   <div class='ocr_carea' id='block_1_2' title="bbox 243 516 1419 789">
    <p class='ocr_par' dir='ltr' id='par_1_2' title="bbox 243 516 1419 789">
     <span class='ocr_line' id='line_1_3' title="bbox 243 516 1317 594; baseline -0.001 -18"><span class='ocrx_word' id='word_1_16' title='bbox 243 525 339 577; x_wconf 81' lang='lat' dir='ltr'><strong>tomen</strong></span> <span class='ocrx_word' id='word_1_17' title='bbox 356 516 395 576; x_wconf 89' lang='lat' dir='ltr'><strong>ob</strong></span> <span class='ocrx_word' id='word_1_18' title='bbox 412 532 458 591; x_wconf 89' lang='lat' dir='ltr'><strong>ea,</strong></span> <span class='ocrx_word' id='word_1_19' title='bbox 479 532 555 592; x_wconf 82' lang='lat' dir='ltr'><strong>quaa</strong></span> <span class='ocrx_word' id='word_1_20' title='bbox 574 518 775 594; x_wconf 70' lang='lat' dir='ltr'><strong>circumstant,</strong></span> <span class='ocrx_word' id='word_1_21' title='bbox 796 532 831 576; x_wconf 88' lang='lat' dir='ltr'><strong>ne</strong></span> <span class='ocrx_word' id='word_1_22' title='bbox 848 524 967 593; x_wconf 82' lang='lat' dir='ltr'><strong>propter</strong></span> <span class='ocrx_word' id='word_1_23' title='bbox 983 517 1208 592; x_wconf 81' lang='lat' dir='ltr'><strong>impmdeutium</strong></span> <span class='ocrx_word' id='word_1_24' title='bbox 1227 520 1317 592; x_wconf 80' lang='lat' dir='ltr'><strong>cogi·</strong></span> 
     </span>
     <span class='ocr_line' id='line_1_4' title="bbox 243 615 1418 691; baseline -0.001 -18"><span class='ocrx_word' id='word_1_25' title='bbox 243 616 348 690; x_wconf 75' lang='lat' dir='ltr'><strong>mods,</strong></span> <span class='ocrx_word' id='word_1_26' title='bbox 369 618 515 673; x_wconf 89' lang='lat' dir='ltr'><strong>notionem</strong></span> <span class='ocrx_word' id='word_1_27' title='bbox 539 630 603 673; x_wconf 84' lang='lat' dir='ltr'><strong>nse</strong></span> <span class='ocrx_word' id='word_1_28' title='bbox 622 615 835 691; x_wconf 69' lang='lat' dir='ltr'><strong>discrepantem</strong></span> <span class='ocrx_word' id='word_1_29' title='bbox 855 618 1037 691; x_wconf 81' lang='lat' dir='ltr'><strong>ingruerent.</strong></span> <span class='ocrx_word' id='word_1_30' title='bbox 1224 648 1233 658; x_wconf 74' lang='lat'>=</span> <span class='ocrx_word' id='word_1_31' title='bbox 1417 615 1418 634; x_wconf 67' lang='lat'>¹</span> 
     </span>
     <span class='ocr_line' id='line_1_5' title="bbox 302 703 1419 789; baseline 0 -17"><span class='ocrx_word' id='word_1_32' title='bbox 302 722 351 772; x_wconf 83' lang='lat' dir='ltr'><strong>to.</strong></span> <span class='ocrx_word' id='word_1_33' title='bbox 368 714 498 788; x_wconf 83' lang='lat' dir='ltr'><strong>Reliquis</strong></span> <span class='ocrx_word' id='word_1_34' title='bbox 517 712 629 773; x_wconf 88' lang='lat' dir='ltr'><strong>duabus</strong></span> <span class='ocrx_word' id='word_1_35' title='bbox 648 716 876 788; x_wconf 78' lang='lat' dir='ltr'><strong>praetermissis,</strong></span> <span class='ocrx_word' id='word_1_36' title='bbox 893 713 989 789; x_wconf 73' lang='lat' dir='ltr'><strong>logicae</strong></span> <span class='ocrx_word' id='word_1_37' title='bbox 1005 718 1122 771; x_wconf 86' lang='lat' dir='ltr'><strong>tentum</strong></span> <span class='ocrx_word' id='word_1_38' title='bbox 1138 715 1246 772; x_wconf 71' lang='lat' dir='ltr'><strong>aerina</strong></span> <span class='ocrx_word' id='word_1_39' title='bbox 1265 730 1316 772; x_wconf 81' lang='lat' dir='ltr'><strong>ec·</strong></span> <span class='ocrx_word' id='word_1_40' title='bbox 1418 703 1419 746; x_wconf 69' lang='lat'><em>³</em></span> 
     </span>
    </p>
   </div>
   <div class='ocr_carea' id='block_1_3' title="bbox 243 809 1420 888">
    <p class='ocr_par' dir='ltr' id='par_1_3' title="bbox 243 809 1420 888">
     <span class='ocr_line' id='line_1_6' title="bbox 243 809 1420 888; baseline 0.001 -18"><span class='ocrx_word' id='word_1_41' title='bbox 243 813 374 871; x_wconf 80' lang='lat' dir='ltr'><strong>curethm</strong></span> <span class='ocrx_word' id='word_1_42' title='bbox 392 810 533 887; x_wconf 76' lang='lat' dir='ltr'><strong>disputari</strong></span> <span class='ocrx_word' id='word_1_43' title='bbox 554 810 691 887; x_wconf 82' lang='lat' dir='ltr'><strong>postulet.</strong></span> <span class='ocrx_word' id='word_1_44' title='bbox 717 813 797 873; x_wconf 85' lang='lat' dir='ltr'><strong>llaec</strong></span> <span class='ocrx_word' id='word_1_45' title='bbox 811 816 926 887; x_wconf 72' lang='lat' dir='ltr'><strong>inque,</strong></span> <span class='ocrx_word' id='word_1_46' title='bbox 945 816 980 872; x_wconf 88' lang='lat' dir='ltr'><strong>ut</strong></span> <span class='ocrx_word' id='word_1_47' title='bbox 995 811 1137 888; x_wconf 77' lang='lat' dir='ltr'><strong>diximus,</strong></span> <span class='ocrx_word' id='word_1_48' title='bbox 1152 826 1316 871; x_wconf 72' lang='lat' dir='ltr'><strong>caumes</strong></span> <span class='ocrx_word' id='word_1_49' title='bbox 1419 809 1420 814; x_wconf 73' lang='grc'>’</span> 
     </span>
    </p>
   </div>
   <div class='ocr_carea' id='block_1_4' title="bbox 145 905 1422 987">
    <p class='ocr_par' dir='ltr' id='par_1_4' title="bbox 145 905 1422 987">
     <span class='ocr_line' id='line_1_7' title="bbox 145 905 1422 987; baseline 0.002 -19"><span class='ocrx_word' id='word_1_50' title='bbox 145 905 149 914; x_wconf 79' lang='grc'><strong>“</strong></span> <span class='ocrx_word' id='word_1_51' title='bbox 243 915 287 968; x_wconf 86' lang='lat' dir='ltr'><strong>cat</strong></span> <span class='ocrx_word' id='word_1_52' title='bbox 307 915 359 969; x_wconf 82' lang='lat' dir='ltr'><strong>out</strong></span> <span class='ocrx_word' id='word_1_53' title='bbox 376 910 534 969; x_wconf 75' lang='lat' dir='ltr'><strong>similitudo</strong></span> <span class='ocrx_word' id='word_1_54' title='bbox 551 917 743 987; x_wconf 85' lang='lat' dir='ltr'><strong>conceptuum</strong></span> <span class='ocrx_word' id='word_1_55' title='bbox 761 924 828 970; x_wconf 87' lang='lat' dir='ltr'><strong>cum</strong></span> <span class='ocrx_word' id='word_1_56' title='bbox 844 909 983 985; x_wconf 80' lang='lat' dir='ltr'><strong>obiectis,</strong></span> <span class='ocrx_word' id='word_1_57' title='bbox 1002 924 1038 967; x_wconf 89' lang='lat' dir='ltr'><strong>ao</strong></span> <span class='ocrx_word' id='word_1_58' title='bbox 1057 908 1177 985; x_wconf 87' lang='lat' dir='ltr'><strong>proinde</strong></span> <span class='ocrx_word' id='word_1_59' title='bbox 1192 911 1223 967; x_wconf 94' lang='lat' dir='ltr'><strong>iu</strong></span> <span class='ocrx_word' id='word_1_60' title='bbox 1241 924 1316 968; x_wconf 88' lang='lat' dir='ltr'><strong>con·</strong></span> <span class='ocrx_word' id='word_1_61' title='bbox 1421 967 1422 970; x_wconf 74' lang='grc'>,</span> 
     </span>
    </p>
   </div>
   <div class='ocr_carea' id='block_1_5' title="bbox 243 1006 1318 1085">
    <p class='ocr_par' dir='ltr' id='par_1_5' title="bbox 243 1006 1318 1085">
     <span class='ocr_line' id='line_1_8' title="bbox 243 1006 1318 1085; baseline -0.002 -18"><span class='ocrx_word' id='word_1_62' title='bbox 243 1014 322 1067; x_wconf 79' lang='lat' dir='ltr'><strong>moto</strong></span> <span class='ocrx_word' id='word_1_63' title='bbox 341 1014 468 1085; x_wconf 82' lang='lat' dir='ltr'><strong>spectatu</strong></span> <span class='ocrx_word' id='word_1_64' title='bbox 484 1007 565 1069; x_wconf 86' lang='lat' dir='ltr'><strong>alind</strong></span> <span class='ocrx_word' id='word_1_65' title='bbox 578 1024 637 1067; x_wconf 93' lang='lat' dir='ltr'><strong>uon</strong></span> <span class='ocrx_word' id='word_1_66' title='bbox 651 1014 695 1067; x_wconf 84' lang='lat' dir='ltr'><strong>eei</strong></span> <span class='ocrx_word' id='word_1_67' title='bbox 708 1006 884 1085; x_wconf 73' lang='lat' dir='ltr'><strong>quidquam,</strong></span> <span class='ocrx_word' id='word_1_68' title='bbox 909 1010 967 1067; x_wconf 86' lang='lat' dir='ltr'><strong>niel</strong></span> <span class='ocrx_word' id='word_1_69' title='bbox 979 1009 1107 1083; x_wconf 78' lang='lat' dir='ltr'><strong>cognitio</strong></span> <span class='ocrx_word' id='word_1_70' title='bbox 1127 1022 1183 1065; x_wconf 88' lang='lat' dir='ltr'><strong>suo</strong></span> <span class='ocrx_word' id='word_1_71' title='bbox 1200 1006 1318 1065; x_wconf 82' lang='lat' dir='ltr'><strong>ohieeto</strong></span> 
     </span>
    </p>
   </div>
   <div class='ocr_carea' id='block_1_6' title="bbox 243 1104 1424 1183">
    <p class='ocr_par' dir='ltr' id='par_1_6' title="bbox 243 1104 1424 1183">
     <span class='ocr_line' id='line_1_9' title="bbox 243 1104 1424 1183; baseline -0.003 -18"><span class='ocrx_word' id='word_1_72' title='bbox 243 1106 410 1165; x_wconf 84' lang='lat' dir='ltr'><strong>consimilis.</strong></span> <span class='ocrx_word' id='word_1_73' title='bbox 430 1106 494 1166; x_wconf 81' lang='lat' dir='ltr'><strong>linc</strong></span> <span class='ocrx_word' id='word_1_74' title='bbox 511 1109 610 1183; x_wconf 83' lang='lat' dir='ltr'><strong>itaqua</strong></span> <span class='ocrx_word' id='word_1_75' title='bbox 628 1105 795 1181; x_wconf 80' lang='lat' dir='ltr'><strong>philosophi</strong></span> <span class='ocrx_word' id='word_1_76' title='bbox 814 1104 898 1164; x_wconf 87' lang='lat' dir='ltr'><strong>iahur</strong></span> <span class='ocrx_word' id='word_1_77' title='bbox 913 1107 1009 1167; x_wconf 85' lang='lat' dir='ltr'><strong>omnis</strong></span> <span class='ocrx_word' id='word_1_78' title='bbox 1027 1110 1114 1181; x_wconf 86' lang='lat' dir='ltr'><strong>atque</strong></span> <span class='ocrx_word' id='word_1_79' title='bbox 1130 1106 1228 1163; x_wconf 77' lang='lat' dir='ltr'><strong>cando</strong></span> <span class='ocrx_word' id='word_1_80' title='bbox 1246 1120 1317 1163; x_wconf 87' lang='lat' dir='ltr'><strong>con-</strong></span> <span class='ocrx_word' id='word_1_81' title='bbox 1423 1141 1424 1144; x_wconf 56' lang='lat'><em>=</em></span> 
     </span>
    </p>
   </div>
   <div class='ocr_carea' id='block_1_7' title="bbox 201 1203 1324 4028">
    <p class='ocr_par' dir='ltr' id='par_1_7' title="bbox 243 1203 1319 2064">
     <span class='ocr_line' id='line_1_10' title="bbox 244 1203 1318 1282; baseline 0 -19"><span class='ocrx_word' id='word_1_82' title='bbox 244 1204 343 1266; x_wconf 87' lang='lat' dir='ltr'><strong>tendat</strong></span> <span class='ocrx_word' id='word_1_83' title='bbox 361 1212 488 1282; x_wconf 88' lang='lat' dir='ltr'><strong>oportet,</strong></span> <span class='ocrx_word' id='word_1_84' title='bbox 511 1212 545 1264; x_wconf 90' lang='lat' dir='ltr'><strong>ut</strong></span> <span class='ocrx_word' id='word_1_85' title='bbox 563 1220 660 1263; x_wconf 84' lang='lat' dir='ltr'><strong>rerum</strong></span> <span class='ocrx_word' id='word_1_86' title='bbox 681 1206 812 1281; x_wconf 86' lang='lat' dir='ltr'><strong>notitiae,</strong></span> <span class='ocrx_word' id='word_1_87' title='bbox 838 1220 911 1280; x_wconf 87' lang='lat' dir='ltr'><strong>quas</strong></span> <span class='ocrx_word' id='word_1_88' title='bbox 930 1210 1125 1278; x_wconf 84' lang='lat' dir='ltr'><strong>consectatur,</strong></span> <span class='ocrx_word' id='word_1_89' title='bbox 1150 1203 1237 1262; x_wconf 89' lang='lat' dir='ltr'><strong>rehns</strong></span> <span class='ocrx_word' id='word_1_90' title='bbox 1258 1207 1318 1263; x_wconf 86' lang='lat' dir='ltr'><strong>rite</strong></span> 
     </span>
     <span class='ocr_line' id='line_1_11' title="bbox 243 1300 1319 1379; baseline -0.003 -17"><span class='ocrx_word' id='word_1_91' title='bbox 243 1306 442 1379; x_wconf 82' lang='lat' dir='ltr'><strong>consentinut3</strong></span> <span class='ocrx_word' id='word_1_92' title='bbox 467 1302 553 1379; x_wconf 87' lang='lat' dir='ltr'><strong>idque</strong></span> <span class='ocrx_word' id='word_1_93' title='bbox 575 1308 659 1361; x_wconf 90' lang='lat' dir='ltr'><strong>sonat</strong></span> <span class='ocrx_word' id='word_1_94' title='bbox 679 1301 875 1377; x_wconf 81' lang='lat' dir='ltr'><strong>assequendae</strong></span> <span class='ocrx_word' id='word_1_95' title='bbox 892 1303 1023 1360; x_wconf 75' lang='lat' dir='ltr'><strong>aerihtls</strong></span> <span class='ocrx_word' id='word_1_96' title='bbox 1045 1301 1187 1361; x_wconf 84' lang='lat' dir='ltr'><strong>studium.</strong></span> <span class='ocrx_word' id='word_1_97' title='bbox 1211 1300 1319 1377; x_wconf 80' lang='lat' dir='ltr'><strong>Neque</strong></span> 
     </span>
     <span class='ocr_line' id='line_1_12' title="bbox 243 1398 1317 1476; baseline -0.002 -17"><span class='ocrx_word' id='word_1_98' title='bbox 243 1406 340 1459; x_wconf 83' lang='lat' dir='ltr'><strong>teman</strong></span> <span class='ocrx_word' id='word_1_99' title='bbox 358 1402 504 1459; x_wconf 86' lang='lat' dir='ltr'><strong>existimes</strong></span> <span class='ocrx_word' id='word_1_100' title='bbox 523 1401 716 1459; x_wconf 60' lang='lat' dir='ltr'><strong>necesarium</strong></span> <span class='ocrx_word' id='word_1_101' title='bbox 738 1414 801 1458; x_wconf 87' lang='lat' dir='ltr'><strong>esse</strong></span> <span class='ocrx_word' id='word_1_102' title='bbox 824 1405 858 1459; x_wconf 90' lang='lat' dir='ltr'><strong>ut</strong></span> <span class='ocrx_word' id='word_1_103' title='bbox 877 1399 1043 1476; x_wconf 87' lang='lat' dir='ltr'><strong>ohieetnm,</strong></span> <span class='ocrx_word' id='word_1_104' title='bbox 1066 1401 1115 1459; x_wconf 90' lang='lat' dir='ltr'><strong>cul</strong></span> <span class='ocrx_word' id='word_1_105' title='bbox 1133 1398 1317 1458; x_wconf 85' lang='lat' dir='ltr'><strong>coniormarl</strong></span> 
     </span>
     <span class='ocr_line' id='line_1_13' title="bbox 244 1496 1316 1574; baseline 0 -18"><span class='ocrx_word' id='word_1_106' title='bbox 244 1498 370 1573; x_wconf 77' lang='lat' dir='ltr'><strong>cognitio</strong></span> <span class='ocrx_word' id='word_1_107' title='bbox 388 1496 487 1572; x_wconf 88' lang='lat' dir='ltr'><strong>dehet,</strong></span> <span class='ocrx_word' id='word_1_108' title='bbox 508 1499 548 1556; x_wconf 86' lang='lat' dir='ltr'><strong>sit</strong></span> <span class='ocrx_word' id='word_1_109' title='bbox 564 1512 677 1573; x_wconf 89' lang='lat' dir='ltr'><strong>semper</strong></span> <span class='ocrx_word' id='word_1_110' title='bbox 695 1497 734 1557; x_wconf 86' lang='lat' dir='ltr'><strong>ab</strong></span> <span class='ocrx_word' id='word_1_111' title='bbox 747 1500 816 1573; x_wconf 57' lang='lat' dir='ltr'><strong>ipso,</strong></span> <span class='ocrx_word' id='word_1_112' title='bbox 827 1504 1021 1574; x_wconf 74' lang='lat' dir='ltr'><strong>cognoscente</strong></span> <span class='ocrx_word' id='word_1_113' title='bbox 1036 1497 1218 1556; x_wconf 82' lang='lat' dir='ltr'><strong>distinctum.</strong></span> <span class='ocrx_word' id='word_1_114' title='bbox 1236 1496 1316 1556; x_wconf 77' lang='lat' dir='ltr'><strong>idun</strong></span> 
     </span>
     <span class='ocr_line' id='line_1_14' title="bbox 244 1594 1314 1673; baseline -0.001 -18"><span class='ocrx_word' id='word_1_115' title='bbox 244 1610 311 1655; x_wconf 89' lang='lat' dir='ltr'><strong>cum</strong></span> <span class='ocrx_word' id='word_1_116' title='bbox 333 1609 415 1653; x_wconf 88' lang='lat' dir='ltr'><strong>mens</strong></span> <span class='ocrx_word' id='word_1_117' title='bbox 435 1597 468 1654; x_wconf 94' lang='lat' dir='ltr'><strong>iu</strong></span> <span class='ocrx_word' id='word_1_118' title='bbox 484 1602 574 1654; x_wconf 81' lang='lat' dir='ltr'><strong>semet</strong></span> <span class='ocrx_word' id='word_1_119' title='bbox 597 1594 754 1673; x_wconf 73' lang='lat' dir='ltr'><strong>reflectione</strong></span> <span class='ocrx_word' id='word_1_120' title='bbox 775 1595 868 1654; x_wconf 88' lang='lat' dir='ltr'><strong>redire</strong></span> <span class='ocrx_word' id='word_1_121' title='bbox 890 1598 981 1670; x_wconf 78' lang='lat' dir='ltr'><strong>possit</strong></span> <span class='ocrx_word' id='word_1_122' title='bbox 1001 1610 1127 1671; x_wconf 86' lang='lat' dir='ltr'><strong>suosque</strong></span> <span class='ocrx_word' id='word_1_123' title='bbox 1151 1602 1247 1655; x_wconf 75' lang='lat' dir='ltr'><strong>metm</strong></span> <span class='ocrx_word' id='word_1_124' title='bbox 1270 1601 1314 1654; x_wconf 81' lang='lat' dir='ltr'><strong>nt-</strong></span> 
     </span>
     <span class='ocr_line' id='line_1_15' title="bbox 244 1690 1315 1769; baseline 0.003 -19"><span class='ocrx_word' id='word_1_125' title='bbox 244 1694 372 1769; x_wconf 79' lang='lat' dir='ltr'><strong>tingern3</strong></span> <span class='ocrx_word' id='word_1_126' title='bbox 397 1690 550 1753; x_wconf 75' lang='lat' dir='ltr'><strong>habebitur</strong></span> <span class='ocrx_word' id='word_1_127' title='bbox 572 1692 657 1768; x_wconf 88' lang='lat' dir='ltr'><strong>plane</strong></span> <span class='ocrx_word' id='word_1_128' title='bbox 677 1693 834 1753; x_wconf 83' lang='lat' dir='ltr'><strong>concordie</strong></span> <span class='ocrx_word' id='word_1_129' title='bbox 853 1696 960 1753; x_wconf 77' lang='lat' dir='ltr'><strong>menda</strong></span> <span class='ocrx_word' id='word_1_130' title='bbox 977 1710 1046 1753; x_wconf 88' lang='lat' dir='ltr'><strong>cum</strong></span> <span class='ocrx_word' id='word_1_131' title='bbox 1062 1694 1199 1769; x_wconf 85' lang='lat' dir='ltr'><strong>obiecto,</strong></span> <span class='ocrx_word' id='word_1_132' title='bbox 1224 1696 1315 1753; x_wconf 77' lang='lat' dir='ltr'><strong>etiem</strong></span> 
     </span>
     <span class='ocr_line' id='line_1_16' title="bbox 244 1788 1317 1875; baseline 0.002 -26"><span class='ocrx_word' id='word_1_133' title='bbox 244 1808 311 1850; x_wconf 88' lang='lat' dir='ltr'><strong>cum</strong></span> <span class='ocrx_word' id='word_1_134' title='bbox 329 1792 456 1866; x_wconf 84' lang='lat' dir='ltr'><strong>cognitio</strong></span> <span class='ocrx_word' id='word_1_135' title='bbox 471 1793 502 1849; x_wconf 93' lang='lat' dir='ltr'><strong>in</strong></span> <span class='ocrx_word' id='word_1_136' title='bbox 520 1788 618 1849; x_wconf 88' lang='lat' dir='ltr'><strong>animo</strong></span> <span class='ocrx_word' id='word_1_137' title='bbox 634 1794 696 1867; x_wconf 84' lang='lat' dir='ltr'><strong>ipso</strong></span> <span class='ocrx_word' id='word_1_138' title='bbox 714 1794 835 1868; x_wconf 80' lang='lat' dir='ltr'><strong>eiusque</strong></span> <span class='ocrx_word' id='word_1_139' title='bbox 852 1790 1056 1875; x_wconf 73' lang='lat' dir='ltr'><strong>anecuonthas</strong></span> <span class='ocrx_word' id='word_1_140' title='bbox 1072 1792 1235 1869; x_wconf 72' lang='lat' dir='ltr'><strong>cogitandis</strong></span> <span class='ocrx_word' id='word_1_141' title='bbox 1254 1808 1317 1851; x_wconf 82' lang='lat' dir='ltr'><strong>rer·</strong></span> 
     </span>
     <span class='ocr_line' id='line_1_17' title="bbox 245 1888 1315 1967; baseline 0 -19"><span class='ocrx_word' id='word_1_142' title='bbox 245 1895 337 1948; x_wconf 81' lang='lat' dir='ltr'><strong>entur.</strong></span> <span class='ocrx_word' id='word_1_143' title='bbox 357 1888 437 1947; x_wconf 82' lang='lat' dir='ltr'><strong>Haec</strong></span> <span class='ocrx_word' id='word_1_144' title='bbox 453 1888 568 1964; x_wconf 89' lang='lat' dir='ltr'><strong>quidem</strong></span> <span class='ocrx_word' id='word_1_145' title='bbox 587 1896 666 1949; x_wconf 80' lang='lat' dir='ltr'><strong>certa</strong></span> <span class='ocrx_word' id='word_1_146' title='bbox 683 1896 805 1965; x_wconf 82' lang='lat' dir='ltr'><strong>reteque</strong></span> <span class='ocrx_word' id='word_1_147' title='bbox 823 1890 959 1949; x_wconf 82' lang='lat' dir='ltr'><strong>videntur</strong></span> <span class='ocrx_word' id='word_1_148' title='bbox 974 1906 1037 1950; x_wconf 83' lang='lat' dir='ltr'><strong>ease</strong></span> <span class='ocrx_word' id='word_1_149' title='bbox 1057 1896 1144 1967; x_wconf 86' lang='lat' dir='ltr'><strong>utque</strong></span> <span class='ocrx_word' id='word_1_150' title='bbox 1157 1890 1315 1963; x_wconf 82' lang='lat' dir='ltr'><strong>eiusmodi,</strong></span> 
     </span>
     <span class='ocr_line' id='line_1_18' title="bbox 247 1986 806 2064; baseline -0.002 -17"><span class='ocrx_word' id='word_1_151' title='bbox 247 1995 278 2047; x_wconf 88' lang='lat' dir='ltr'><strong>ut</strong></span> <span class='ocrx_word' id='word_1_152' title='bbox 298 1986 383 2047; x_wconf 84' lang='lat' dir='ltr'><strong>facile</strong></span> <span class='ocrx_word' id='word_1_153' title='bbox 402 2002 419 2045; x_wconf 87' lang='lat' dir='ltr'><strong>a</strong></span> <span class='ocrx_word' id='word_1_154' title='bbox 439 1990 575 2064; x_wconf 85' lang='lat' dir='ltr'><strong>quopiam</strong></span> <span class='ocrx_word' id='word_1_155' title='bbox 595 1988 806 2063; x_wconf 83' lang='lat' dir='ltr'><strong>intelliguntur.</strong></span> 
     </span>
    </p>

    <p class='ocr_par' dir='ltr' id='par_1_8' title="bbox 201 2084 1322 3439">
     <span class='ocr_line' id='line_1_19' title="bbox 304 2084 1317 2163; baseline 0 -18"><span class='ocrx_word' id='word_1_156' title='bbox 304 2086 358 2145; x_wconf 87' lang='lat' dir='ltr'><strong>lllo</strong></span> <span class='ocrx_word' id='word_1_157' title='bbox 378 2084 512 2145; x_wconf 84' lang='lat' dir='ltr'><strong>subtilior</strong></span> <span class='ocrx_word' id='word_1_158' title='bbox 532 2092 576 2146; x_wconf 91' lang='lat' dir='ltr'><strong>est</strong></span> <span class='ocrx_word' id='word_1_159' title='bbox 593 2088 746 2163; x_wconf 88' lang='lat' dir='ltr'><strong>quaestio,</strong></span> <span class='ocrx_word' id='word_1_160' title='bbox 775 2086 833 2146; x_wconf 82' lang='lat' dir='ltr'><strong>sed&#39;</strong></span> <span class='ocrx_word' id='word_1_161' title='bbox 846 2088 1014 2162; x_wconf 82' lang='lat' dir='ltr'><strong>nentiquam</strong></span> <span class='ocrx_word' id='word_1_162' title='bbox 1039 2084 1317 2162; x_wconf 86' lang='lat' dir='ltr'><strong>praetermittenda,</strong></span> 
     </span>
     <span class='ocr_line' id='line_1_20' title="bbox 246 2182 1320 2262; baseline -0.001 -18"><span class='ocrx_word' id='word_1_163' title='bbox 246 2193 343 2244; x_wconf 92' lang='lat' dir='ltr'><strong>utrum</strong></span> <span class='ocrx_word' id='word_1_164' title='bbox 354 2186 462 2244; x_wconf 77' lang='lat' dir='ltr'><strong>venitm</strong></span> <span class='ocrx_word' id='word_1_165' title='bbox 475 2182 636 2261; x_wconf 76' lang='lat' dir='ltr'><strong>simplicem</strong></span> <span class='ocrx_word' id='word_1_166' title='bbox 651 2186 740 2244; x_wconf 84' lang='lat' dir='ltr'><strong>etiem</strong></span> <span class='ocrx_word' id='word_1_167' title='bbox 754 2184 1011 2262; x_wconf 77' lang='lat' dir='ltr'><strong>apprehensionem</strong></span> <span class='ocrx_word' id='word_1_168' title='bbox 1026 2198 1063 2243; x_wconf 87' lang='lat' dir='ltr'><strong>an</strong></span> <span class='ocrx_word' id='word_1_169' title='bbox 1077 2185 1219 2246; x_wconf 87' lang='lat' dir='ltr'><strong>indicium</strong></span> <span class='ocrx_word' id='word_1_170' title='bbox 1233 2184 1320 2243; x_wconf 88' lang='lat' dir='ltr'><strong>dum·</strong></span> 
     </span>
     <span class='ocr_line' id='line_1_21' title="bbox 245 2281 1318 2359; baseline -0.002 -17"><span class='ocrx_word' id='word_1_171' title='bbox 245 2289 328 2342; x_wconf 82' lang='lat' dir='ltr'><strong>taxat</strong></span> <span class='ocrx_word' id='word_1_172' title='bbox 349 2281 478 2359; x_wconf 72' lang='lat' dir='ltr'><strong>officiet,</strong></span> <span class='ocrx_word' id='word_1_173' title='bbox 503 2298 577 2359; x_wconf 88' lang='lat' dir='ltr'><strong>quae</strong></span> <span class='ocrx_word' id='word_1_174' title='bbox 598 2284 674 2342; x_wconf 89' lang='lat' dir='ltr'><strong>tanti</strong></span> <span class='ocrx_word' id='word_1_175' title='bbox 696 2286 836 2342; x_wconf 89' lang='lat' dir='ltr'><strong>momenti</strong></span> <span class='ocrx_word' id='word_1_176' title='bbox 857 2289 925 2358; x_wconf 81' lang='lat' dir='ltr'><strong>eet,</strong></span> <span class='ocrx_word' id='word_1_177' title='bbox 949 2289 983 2342; x_wconf 91' lang='lat' dir='ltr'><strong>nt</strong></span> <span class='ocrx_word' id='word_1_178' title='bbox 1001 2283 1166 2342; x_wconf 72' lang='lat' dir='ltr'><strong>mirandum</strong></span> <span class='ocrx_word' id='word_1_179' title='bbox 1189 2285 1230 2342; x_wconf 86' lang='lat' dir='ltr'><strong>sit</strong></span> <span class='ocrx_word' id='word_1_180' title='bbox 1249 2297 1318 2340; x_wconf 83' lang='lat' dir='ltr'><strong>eam</strong></span> 
     </span>
     <span class='ocr_line' id='line_1_22' title="bbox 245 2380 1317 2458; baseline -0.002 -18"><span class='ocrx_word' id='word_1_181' title='bbox 245 2383 351 2457; x_wconf 84' lang='lat' dir='ltr'><strong>passim</strong></span> <span class='ocrx_word' id='word_1_182' title='bbox 367 2380 577 2458; x_wconf 81' lang='lat' dir='ltr'><strong>aphllosophia</strong></span> <span class='ocrx_word' id='word_1_183' title='bbox 590 2381 709 2457; x_wconf 80' lang='lat' dir='ltr'><strong>negligi.</strong></span> <span class='ocrx_word' id='word_1_184' title='bbox 727 2380 768 2441; x_wconf 86' lang='lat' dir='ltr'><strong>Ut</strong></span> <span class='ocrx_word' id='word_1_185' title='bbox 779 2383 870 2458; x_wconf 75' lang='lat' dir='ltr'><strong>igitur</strong></span> <span class='ocrx_word' id='word_1_186' title='bbox 888 2380 965 2440; x_wconf 80' lang='lat' dir='ltr'><strong>huuc</strong></span> <span class='ocrx_word' id='word_1_187' title='bbox 980 2380 1105 2440; x_wconf 81' lang='lat' dir='ltr'><strong>breviter</strong></span> <span class='ocrx_word' id='word_1_188' title='bbox 1119 2381 1317 2455; x_wconf 85' lang='lat' dir='ltr'><strong>resolvamus,</strong></span> 
     </span>
     <span class='ocr_line' id='line_1_23' title="bbox 245 2478 1318 2556; baseline -0.002 -18"><span class='ocrx_word' id='word_1_189' title='bbox 245 2481 386 2556; x_wconf 88' lang='lat' dir='ltr'><strong>principio</strong></span> <span class='ocrx_word' id='word_1_190' title='bbox 401 2479 528 2539; x_wconf 88' lang='lat' dir='ltr'><strong>dicimus</strong></span> <span class='ocrx_word' id='word_1_191' title='bbox 544 2481 696 2539; x_wconf 72' lang='lat' dir='ltr'><strong>vadmtem</strong></span> <span class='ocrx_word' id='word_1_192' title='bbox 711 2484 763 2538; x_wconf 89' lang='lat' dir='ltr'><strong>ani</strong></span> <span class='ocrx_word' id='word_1_193' title='bbox 780 2478 937 2538; x_wconf 84' lang='lat' dir='ltr'><strong>lalcitatem</strong></span> <span class='ocrx_word' id='word_1_194' title='bbox 955 2479 1110 2554; x_wconf 85' lang='lat' dir='ltr'><strong>praecipuo</strong></span> <span class='ocrx_word' id='word_1_195' title='bbox 1125 2483 1155 2536; x_wconf 89' lang='lat' dir='ltr'><strong>et</strong></span> <span class='ocrx_word' id='word_1_196' title='bbox 1174 2478 1257 2553; x_wconf 86' lang='lat' dir='ltr'><strong>plene</strong></span> <span class='ocrx_word' id='word_1_197' title='bbox 1271 2480 1318 2536; x_wconf 91' lang='lat' dir='ltr'><strong>lu-</strong></span> 
     </span>
     <span class='ocr_line' id='line_1_24' title="bbox 201 2575 1319 2653; baseline -0.004 -17"><span class='ocrx_word' id='word_1_198' title='bbox 201 2601 206 2606; x_wconf 96' lang='lat'>·</span> <span class='ocrx_word' id='word_1_199' title='bbox 245 2578 322 2636; x_wconf 87' lang='lat' dir='ltr'><strong>dicio</strong></span> <span class='ocrx_word' id='word_1_200' title='bbox 340 2583 455 2636; x_wconf 81' lang='lat' dir='ltr'><strong>tuntum</strong></span> <span class='ocrx_word' id='word_1_201' title='bbox 474 2580 577 2637; x_wconf 78' lang='lat' dir='ltr'><strong>inesse.</strong></span> <span class='ocrx_word' id='word_1_202' title='bbox 600 2577 726 2636; x_wconf 81' lang='lat' dir='ltr'><strong>Animus</strong></span> <span class='ocrx_word' id='word_1_203' title='bbox 744 2579 839 2651; x_wconf 91' lang='lat' dir='ltr'><strong>enim,</strong></span> <span class='ocrx_word' id='word_1_204' title='bbox 860 2591 928 2636; x_wconf 90' lang='lat' dir='ltr'><strong>cnm</strong></span> <span class='ocrx_word' id='word_1_205' title='bbox 948 2579 1075 2653; x_wconf 80' lang='lat' dir='ltr'><strong>cogitat,</strong></span> <span class='ocrx_word' id='word_1_206' title='bbox 1097 2575 1154 2635; x_wconf 87' lang='lat' dir='ltr'><strong>sihi</strong></span> <span class='ocrx_word' id='word_1_207' title='bbox 1175 2575 1319 2652; x_wconf 81' lang='lat' dir='ltr'><strong>quodam-</strong></span> 
     </span>
     <span class='ocr_line' id='line_1_25' title="bbox 247 2673 1320 2752; baseline -0.004 -18"><span class='ocrx_word' id='word_1_208' title='bbox 247 2675 333 2734; x_wconf 91' lang='lat' dir='ltr'><strong>modo</strong></span> <span class='ocrx_word' id='word_1_209' title='bbox 354 2675 492 2750; x_wconf 88' lang='lat' dir='ltr'><strong>loquitur,</strong></span> <span class='ocrx_word' id='word_1_210' title='bbox 521 2680 607 2750; x_wconf 85' lang='lat' dir='ltr'><strong>utque</strong></span> <span class='ocrx_word' id='word_1_211' title='bbox 629 2673 695 2734; x_wconf 87' lang='lat' dir='ltr'><strong>ideo</strong></span> <span class='ocrx_word' id='word_1_212' title='bbox 718 2681 892 2751; x_wconf 83' lang='lat' dir='ltr'><strong>conceptue,</strong></span> <span class='ocrx_word' id='word_1_213' title='bbox 915 2691 1003 2752; x_wconf 83' lang='lat' dir='ltr'><strong>qnem</strong></span> <span class='ocrx_word' id='word_1_214' title='bbox 1025 2673 1184 2748; x_wconf 87' lang='lat' dir='ltr'><strong>ellormat,</strong></span> <span class='ocrx_word' id='word_1_215' title='bbox 1199 2674 1320 2732; x_wconf 47' lang='lat' dir='ltr'><strong>*matis</strong></span> 
     </span>
     <span class='ocr_line' id='line_1_26' title="bbox 246 2769 1320 2850; baseline -0.002 -18"><span class='ocrx_word' id='word_1_216' title='bbox 246 2771 367 2832; x_wconf 81' lang='lat' dir='ltr'><strong>verdum</strong></span> <span class='ocrx_word' id='word_1_217' title='bbox 388 2777 584 2848; x_wconf 71' lang='lat' dir='ltr'><strong>nuncupatur,</strong></span> <span class='ocrx_word' id='word_1_218' title='bbox 608 2772 698 2849; x_wconf 77' lang='lat' dir='ltr'><strong>Atqui</strong></span> <span class='ocrx_word' id='word_1_219' title='bbox 718 2771 885 2850; x_wconf 78' lang='lat' dir='ltr'><strong>eloquium,</strong></span> <span class='ocrx_word' id='word_1_220' title='bbox 911 2775 967 2833; x_wconf 89' lang='lat' dir='ltr'><strong>nisi</strong></span> <span class='ocrx_word' id='word_1_221' title='bbox 988 2774 1048 2832; x_wconf 87' lang='lat' dir='ltr'><strong>duo</strong></span> <span class='ocrx_word' id='word_1_222' title='bbox 1070 2773 1212 2832; x_wconf 85' lang='lat' dir='ltr'><strong>elemento</strong></span> <span class='ocrx_word' id='word_1_223' title='bbox 1234 2769 1320 2830; x_wconf 85' lang='lat' dir='ltr'><strong>aldr-</strong></span> 
     </span>
     <span class='ocr_line' id='line_1_27' title="bbox 246 2867 1321 2948; baseline -0.002 -19"><span class='ocrx_word' id='word_1_224' title='bbox 246 2870 352 2929; x_wconf 86' lang='lat' dir='ltr'><strong>mando</strong></span> <span class='ocrx_word' id='word_1_225' title='bbox 370 2871 547 2947; x_wconf 82' lang='lat' dir='ltr'><strong>coniungat,</strong></span> <span class='ocrx_word' id='word_1_226' title='bbox 572 2875 624 2930; x_wconf 89' lang='lat' dir='ltr'><strong>aut</strong></span> <span class='ocrx_word' id='word_1_227' title='bbox 643 2867 778 2947; x_wconf 82' lang='lat' dir='ltr'><strong>negando</strong></span> <span class='ocrx_word' id='word_1_228' title='bbox 795 2877 927 2948; x_wconf 85' lang='lat' dir='ltr'><strong>separet,</strong></span> <span class='ocrx_word' id='word_1_229' title='bbox 952 2887 1008 2931; x_wconf 88' lang='lat' dir='ltr'><strong>neo</strong></span> <span class='ocrx_word' id='word_1_230' title='bbox 1024 2870 1181 2930; x_wconf 68' lang='lat' dir='ltr'><strong>lulslutem</strong></span> <span class='ocrx_word' id='word_1_231' title='bbox 1198 2871 1321 2945; x_wconf 89' lang='lat' dir='ltr'><strong>proprie</strong></span> 
     </span>
     <span class='ocr_line' id='line_1_28' title="bbox 247 2967 1321 3044; baseline -0.001 -19"><span class='ocrx_word' id='word_1_232' title='bbox 247 2983 300 3026; x_wconf 88' lang='lat' dir='ltr'><strong>noc</strong></span> <span class='ocrx_word' id='word_1_233' title='bbox 317 2969 468 3027; x_wconf 72' lang='lat' dir='ltr'><strong>carnatem</strong></span> <span class='ocrx_word' id='word_1_234' title='bbox 488 2968 634 3044; x_wconf 79' lang='lat' dir='ltr'><strong>contiuet3</strong></span> <span class='ocrx_word' id='word_1_235' title='bbox 657 2967 800 3028; x_wconf 90' lang='lat' dir='ltr'><strong>eiusmodi</strong></span> <span class='ocrx_word' id='word_1_236' title='bbox 823 2975 920 3028; x_wconf 82' lang='lat' dir='ltr'><strong>nutem</strong></span> <span class='ocrx_word' id='word_1_237' title='bbox 938 2969 1072 3028; x_wconf 70' lang='lat' dir='ltr'><strong>meumlis</strong></span> <span class='ocrx_word' id='word_1_238' title='bbox 1092 2967 1251 3027; x_wconf 83' lang='lat' dir='ltr'><strong>aiilrmatlo</strong></span> <span class='ocrx_word' id='word_1_239' title='bbox 1265 2971 1321 3025; x_wconf 81' lang='lat' dir='ltr'><strong>unt</strong></span> 
     </span>
     <span class='ocr_line' id='line_1_29' title="bbox 247 3047 1322 3144; baseline -0.002 -20"><span class='ocrx_word' id='word_1_240' title='bbox 247 3067 363 3142; x_wconf 81' lang='lat' dir='ltr'><strong>negatio</strong></span> <span class='ocrx_word' id='word_1_241' title='bbox 383 3065 523 3124; x_wconf 87' lang='lat' dir='ltr'><strong>indicium</strong></span> <span class='ocrx_word' id='word_1_242' title='bbox 539 3068 700 3126; x_wconf 84' lang='lat' dir='ltr'><strong>constituit.</strong></span> <span class='ocrx_word' id='word_1_243' title='bbox 720 3066 799 3144; x_wconf 76' lang='lat' dir='ltr'><strong>lingo</strong></span> <span class='ocrx_word' id='word_1_244' title='bbox 816 3047 933 3126; x_wconf 84' lang='lat' dir='ltr'><strong>nonnisi</strong></span> <span class='ocrx_word' id='word_1_245' title='bbox 956 3070 986 3124; x_wconf 94' lang='lat' dir='ltr'><strong>in</strong></span> <span class='ocrx_word' id='word_1_246' title='bbox 1007 3066 1115 3126; x_wconf 90' lang='lat' dir='ltr'><strong>indicio</strong></span> <span class='ocrx_word' id='word_1_247' title='bbox 1135 3068 1244 3123; x_wconf 84' lang='lat' dir='ltr'><strong>veritas</strong></span> <span class='ocrx_word' id='word_1_248' title='bbox 1267 3069 1322 3122; x_wconf 84' lang='lat' dir='ltr'><strong>eut</strong></span> 
     </span>
     <span class='ocr_line' id='line_1_30' title="bbox 248 3161 1320 3240; baseline -0.002 -17"><span class='ocrx_word' id='word_1_249' title='bbox 248 3164 360 3223; x_wconf 84' lang='lat' dir='ltr'><strong>leleltna</strong></span> <span class='ocrx_word' id='word_1_250' title='bbox 378 3165 494 3240; x_wconf 86' lang='lat' dir='ltr'><strong>proprie</strong></span> <span class='ocrx_word' id='word_1_251' title='bbox 512 3168 664 3240; x_wconf 88' lang='lat' dir='ltr'><strong>reperitur.</strong></span> <span class='ocrx_word' id='word_1_252' title='bbox 685 3165 775 3225; x_wconf 85' lang='lat' dir='ltr'><strong>Cuius</strong></span> <span class='ocrx_word' id='word_1_253' title='bbox 794 3167 836 3224; x_wconf 89' lang='lat' dir='ltr'><strong>rei</strong></span> <span class='ocrx_word' id='word_1_254' title='bbox 856 3166 996 3225; x_wconf 87' lang='lat' dir='ltr'><strong>indicium</strong></span> <span class='ocrx_word' id='word_1_255' title='bbox 1018 3164 1205 3224; x_wconf 83' lang='lat' dir='ltr'><strong>manifestum</strong></span> <span class='ocrx_word' id='word_1_256' title='bbox 1229 3161 1320 3222; x_wconf 73' lang='lat' dir='ltr'><strong>heho</strong></span> 
     </span>
     <span class='ocr_line' id='line_1_31' title="bbox 248 3263 1321 3341; baseline -0.001 -19"><span class='ocrx_word' id='word_1_257' title='bbox 248 3269 295 3322; x_wconf 92' lang='lat' dir='ltr'><strong>tur</strong></span> <span class='ocrx_word' id='word_1_258' title='bbox 318 3279 355 3321; x_wconf 79' lang='lat' dir='ltr'><strong>ex</strong></span> <span class='ocrx_word' id='word_1_259' title='bbox 373 3265 435 3339; x_wconf 86' lang='lat' dir='ltr'><strong>ipso</strong></span> <span class='ocrx_word' id='word_1_260' title='bbox 455 3279 603 3340; x_wconf 82' lang='lat' dir='ltr'><strong>sermone,</strong></span> <span class='ocrx_word' id='word_1_261' title='bbox 625 3265 675 3341; x_wconf 85' lang='lat' dir='ltr'><strong>qui</strong></span> <span class='ocrx_word' id='word_1_262' title='bbox 696 3263 789 3324; x_wconf 91' lang='lat' dir='ltr'><strong>donec</strong></span> <span class='ocrx_word' id='word_1_263' title='bbox 806 3266 939 3324; x_wconf 89' lang='lat' dir='ltr'><strong>terminis</strong></span> <span class='ocrx_word' id='word_1_264' title='bbox 958 3264 1052 3323; x_wconf 88' lang='lat' dir='ltr'><strong>solum</strong></span> <span class='ocrx_word' id='word_1_265' title='bbox 1070 3269 1183 3323; x_wconf 79' lang='lat' dir='ltr'><strong>constet</strong></span> <span class='ocrx_word' id='word_1_266' title='bbox 1204 3267 1235 3321; x_wconf 90' lang='lat' dir='ltr'><strong>et</strong></span> <span class='ocrx_word' id='word_1_267' title='bbox 1252 3277 1321 3338; x_wconf 91' lang='lat' dir='ltr'><strong>pro-</strong></span> 
     </span>
     <span class='ocr_line' id='line_1_32' title="bbox 247 3361 1192 3439; baseline 0 -19"><span class='ocrx_word' id='word_1_268' title='bbox 247 3363 417 3437; x_wconf 87' lang='lat' dir='ltr'><strong>positionem</strong></span> <span class='ocrx_word' id='word_1_269' title='bbox 435 3361 546 3421; x_wconf 87' lang='lat' dir='ltr'><strong>nullam</strong></span> <span class='ocrx_word' id='word_1_270' title='bbox 563 3361 683 3439; x_wconf 86' lang='lat' dir='ltr'><strong>eldclot,</strong></span> <span class='ocrx_word' id='word_1_271' title='bbox 702 3379 756 3422; x_wconf 88' lang='lat' dir='ltr'><strong>nec</strong></span> <span class='ocrx_word' id='word_1_272' title='bbox 771 3379 856 3423; x_wconf 82' lang='lat' dir='ltr'><strong>verus</strong></span> <span class='ocrx_word' id='word_1_273' title='bbox 875 3379 928 3422; x_wconf 88' lang='lat' dir='ltr'><strong>nec</strong></span> <span class='ocrx_word' id='word_1_274' title='bbox 945 3363 1038 3422; x_wconf 83' lang='lat' dir='ltr'><strong>ielsus</strong></span> <span class='ocrx_word' id='word_1_275' title='bbox 1057 3362 1192 3421; x_wconf 88' lang='lat' dir='ltr'><strong>hnhetur.</strong></span> 
     </span>
    </p>

    <p class='ocr_par' dir='ltr' id='par_1_9' title="bbox 247 3459 1324 4028">
     <span class='ocr_line' id='line_1_33' title="bbox 305 3459 1322 3539; baseline 0 -21"><span class='ocrx_word' id='word_1_276' title='bbox 305 3459 435 3536; x_wconf 87' lang='lat' dir='ltr'><strong>Itemque</strong></span> <span class='ocrx_word' id='word_1_277' title='bbox 450 3462 477 3518; x_wconf 91' lang='lat' dir='ltr'><strong>sl</strong></span> <span class='ocrx_word' id='word_1_278' title='bbox 492 3463 599 3522; x_wconf 86' lang='lat' dir='ltr'><strong>veritus</strong></span> <span class='ocrx_word' id='word_1_279' title='bbox 616 3462 729 3539; x_wconf 83' lang='lat' dir='ltr'><strong>logica,</strong></span> <span class='ocrx_word' id='word_1_280' title='bbox 750 3461 788 3520; x_wconf 90' lang='lat' dir='ltr'><strong>de</strong></span> <span class='ocrx_word' id='word_1_281' title='bbox 806 3475 866 3537; x_wconf 84' lang='lat' dir='ltr'><strong>qna</strong></span> <span class='ocrx_word' id='word_1_282' title='bbox 882 3462 1047 3537; x_wconf 83' lang='lat' dir='ltr'><strong>loquimur,</strong></span> <span class='ocrx_word' id='word_1_283' title='bbox 1072 3459 1192 3520; x_wconf 77' lang='lat' dir='ltr'><strong>allectio</strong></span> <span class='ocrx_word' id='word_1_284' title='bbox 1209 3464 1255 3518; x_wconf 82' lang='lat' dir='ltr'><strong>est</strong></span> <span class='ocrx_word' id='word_1_285' title='bbox 1274 3473 1322 3518; x_wconf 83' lang='lat' dir='ltr'><strong>oo</strong></span> 
     </span>
     <span class='ocr_line' id='line_1_34' title="bbox 248 3556 1321 3636; baseline -0.001 -21"><span class='ocrx_word' id='word_1_286' title='bbox 248 3557 398 3636; x_wconf 81' lang='lat' dir='ltr'><strong>gultlonls,</strong></span> <span class='ocrx_word' id='word_1_287' title='bbox 417 3565 604 3636; x_wconf 83' lang='lat' dir='ltr'><strong>mutaturque</strong></span> <span class='ocrx_word' id='word_1_288' title='bbox 621 3561 652 3618; x_wconf 87' lang='lat' dir='ltr'><strong>lu</strong></span> <span class='ocrx_word' id='word_1_289' title='bbox 673 3559 862 3618; x_wconf 86' lang='lat' dir='ltr'><strong>similitudine</strong></span> <span class='ocrx_word' id='word_1_290' title='bbox 878 3559 1005 3635; x_wconf 84' lang='lat' dir='ltr'><strong>quedam</strong></span> <span class='ocrx_word' id='word_1_291' title='bbox 1027 3560 1133 3619; x_wconf 86' lang='lat' dir='ltr'><strong>mentis</strong></span> <span class='ocrx_word' id='word_1_292' title='bbox 1153 3574 1221 3618; x_wconf 90' lang='lat' dir='ltr'><strong>cum</strong></span> <span class='ocrx_word' id='word_1_293' title='bbox 1240 3556 1321 3615; x_wconf 86' lang='lat' dir='ltr'><strong>uhic·</strong></span> 
     </span>
     <span class='ocr_line' id='line_1_35' title="bbox 247 3656 1324 3734; baseline 0 -20"><span class='ocrx_word' id='word_1_294' title='bbox 247 3659 315 3731; x_wconf 82' lang='lat' dir='ltr'><strong>cto;</strong></span> <span class='ocrx_word' id='word_1_295' title='bbox 338 3656 369 3714; x_wconf 92' lang='lat' dir='ltr'><strong>iu</strong></span> <span class='ocrx_word' id='word_1_296' title='bbox 394 3671 428 3717; x_wconf 84' lang='lat' dir='ltr'><strong>et</strong></span> <span class='ocrx_word' id='word_1_297' title='bbox 449 3660 617 3733; x_wconf 83' lang='lat' dir='ltr'><strong>operatione</strong></span> <span class='ocrx_word' id='word_1_298' title='bbox 635 3658 750 3734; x_wconf 87' lang='lat' dir='ltr'><strong>proprie</strong></span> <span class='ocrx_word' id='word_1_299' title='bbox 769 3660 841 3717; x_wconf 85' lang='lat' dir='ltr'><strong>insit</strong></span> <span class='ocrx_word' id='word_1_300' title='bbox 860 3663 996 3734; x_wconf 87' lang='lat' dir='ltr'><strong>oportet,</strong></span> <span class='ocrx_word' id='word_1_301' title='bbox 1022 3673 1097 3734; x_wconf 83' lang='lat' dir='ltr'><strong>quae</strong></span> <span class='ocrx_word' id='word_1_302' title='bbox 1118 3657 1264 3732; x_wconf 82' lang='lat' dir='ltr'><strong>complete</strong></span> <span class='ocrx_word' id='word_1_303' title='bbox 1282 3657 1324 3715; x_wconf 88' lang='lat' dir='ltr'><strong>sit</strong></span> 
     </span>
     <span class='ocr_line' id='line_1_36' title="bbox 248 3755 1323 3831; baseline 0.003 -20"><span class='ocrx_word' id='word_1_304' title='bbox 248 3755 384 3830; x_wconf 76' lang='lat' dir='ltr'><strong>cogitatio</strong></span> <span class='ocrx_word' id='word_1_305' title='bbox 409 3761 440 3815; x_wconf 86' lang='lat' dir='ltr'><strong>et</strong></span> <span class='ocrx_word' id='word_1_306' title='bbox 459 3763 583 3815; x_wconf 91' lang='lat' dir='ltr'><strong>mentem</strong></span> <span class='ocrx_word' id='word_1_307' title='bbox 607 3757 691 3831; x_wconf 88' lang='lat' dir='ltr'><strong>plene</strong></span> <span class='ocrx_word' id='word_1_308' title='bbox 718 3756 808 3816; x_wconf 87' lang='lat' dir='ltr'><strong>iaciat</strong></span> <span class='ocrx_word' id='word_1_309' title='bbox 832 3757 945 3816; x_wconf 88' lang='lat' dir='ltr'><strong>obiecto</strong></span> <span class='ocrx_word' id='word_1_310' title='bbox 968 3757 1160 3816; x_wconf 88' lang='lat' dir='ltr'><strong>consimilem.</strong></span> <span class='ocrx_word' id='word_1_311' title='bbox 1187 3755 1227 3814; x_wconf 80' lang='lat' dir='ltr'><strong>At</strong></span> <span class='ocrx_word' id='word_1_312' title='bbox 1251 3769 1323 3814; x_wconf 83' lang='lat' dir='ltr'><strong>vero</strong></span> 
     </span>
     <span class='ocr_line' id='line_1_37' title="bbox 249 3853 1324 3932; baseline 0.004 -25"><span class='ocrx_word' id='word_1_313' title='bbox 249 3853 410 3932; x_wconf 87' lang='lat' dir='ltr'><strong>istiusmodi</strong></span> <span class='ocrx_word' id='word_1_314' title='bbox 434 3859 528 3928; x_wconf 80' lang='lat' dir='ltr'><strong>portes</strong></span> <span class='ocrx_word' id='word_1_315' title='bbox 552 3869 611 3910; x_wconf 91' lang='lat' dir='ltr'><strong>nou</strong></span> <span class='ocrx_word' id='word_1_316' title='bbox 633 3859 814 3929; x_wconf 88' lang='lat' dir='ltr'><strong>competunt,</strong></span> <span class='ocrx_word' id='word_1_317' title='bbox 838 3854 1129 3931; x_wconf 77' lang='lat' dir='ltr'><strong>nisiiudie103tnm</strong></span> <span class='ocrx_word' id='word_1_318' title='bbox 1153 3856 1224 3930; x_wconf 89' lang='lat' dir='ltr'><strong>qula</strong></span> <span class='ocrx_word' id='word_1_319' title='bbox 1243 3869 1324 3912; x_wconf 86' lang='lat' dir='ltr'><strong>com·</strong></span> 
     </span>
     <span class='ocr_line' id='line_1_38' title="bbox 249 3947 1324 4028; baseline 0.005 -22"><span class='ocrx_word' id='word_1_320' title='bbox 249 3947 325 4028; x_wconf 80' lang='lat' dir='ltr'><strong>pieta</strong></span> <span class='ocrx_word' id='word_1_321' title='bbox 339 3948 445 4008; x_wconf 89' lang='lat' dir='ltr'><strong>ohiectl</strong></span> <span class='ocrx_word' id='word_1_322' title='bbox 464 3950 591 4025; x_wconf 57' lang='lat' dir='ltr'><strong>comitio</strong></span> <span class='ocrx_word' id='word_1_323' title='bbox 611 3951 716 4010; x_wconf 89' lang='lat' dir='ltr'><strong>iudicio</strong></span> <span class='ocrx_word' id='word_1_324' title='bbox 730 3955 846 4028; x_wconf 85' lang='lat' dir='ltr'><strong>proprie</strong></span> <span class='ocrx_word' id='word_1_325' title='bbox 859 3954 1036 4028; x_wconf 82' lang='lat' dir='ltr'><strong>ooudnetur,</strong></span> <span class='ocrx_word' id='word_1_326' title='bbox 1053 3952 1091 4012; x_wconf 84' lang='lat' dir='ltr'><strong>ed</strong></span> <span class='ocrx_word' id='word_1_327' title='bbox 1104 3953 1183 4028; x_wconf 84' lang='lat' dir='ltr'><strong>quod</strong></span> <span class='ocrx_word' id='word_1_328' title='bbox 1196 3953 1324 4028; x_wconf 81' lang='lat' dir='ltr'><strong>simplex</strong></span> 
     </span>
    </p>
   </div>
   <div class='ocr_carea' id='block_1_8' title="bbox 0 0 1457 4425">
    <p class='ocr_par' dir='ltr' id='par_1_10' title="bbox 0 0 1457 4425">
     <span class='ocr_line' id='line_1_39' title="bbox 0 0 1457 4425; baseline 0 0"><span class='ocrx_word' id='word_1_329' title='bbox 0 0 1457 4425; x_wconf 95' lang='lat' dir='ltr'><strong> </strong></span> 
     </span>
    </p>
   </div>
  </div>
 </body>
</html>
