2892 4425
915 36 931 75 Ι

909 82 922 115 d

255 350 309 400 rm
578 355 796 399 uersentsrca
819 357 992 399 unnsnrnrs

251 468 331 527 idsoe
352 469 512 526 nsooesario
539 466 701 541 respondet.
735 467 827 541 imm,
853 466 949 543 quom
971 480 1023 523 noe
1039 480 1095 522 ens
1115 464 1240 541 quodvis
1262 468 1323 526 idn·

253 582 338 625 neum
359 573 515 626 astrorum
536 567 582 625 sui
602 566 735 625 notitiam
762 580 873 639 parcre.
895 564 1018 638 Quodsi
1033 563 1150 640 qusndo
1166 564 1324 626 salsitatem

253 667 423 741 ingenerat,
451 664 482 724 id
503 680 562 724 non
581 682 618 724 ex
638 667 701 724 eins
722 670 827 723 natura
850 664 905 723 sed
925 681 961 721 ex
982 664 1176 738 imprudentia
1196 662 1326 725 iudicau-

253 764 292 821 tis
314 766 417 838 oritur,
437 765 488 839 qui
506 763 544 822 de
563 762 676 823 obiecto
697 779 715 821 a
735 780 766 823 se
786 762 914 821 nondum
941 765 995 819 rite
1015 769 1165 837 perspecto
1184 762 1326 822 iudicium

252 859 374 937 proiert.
397 861 605 936 Nihilominus,
620 864 758 937 moniam
771 860 917 921 obiectum
929 860 1051 935 aliquod
1072 862 1101 917 in
1114 860 1223 918 talibus
1235 876 1328 935 quan·

254 960 350 1036 doque
371 967 502 1019 versatur
515 960 673 1036 adiunctis,
694 967 728 1019 ut
747 959 942 1018 falssiudicio
964 959 1049 1018 facile
1068 959 1118 1017 det
1131 974 1253 1034 ansam3
1270 976 1328 1035 per

255 1057 400 1132 umidam,
422 1065 455 1118 ut
474 1060 567 1135 aiunt,
589 1066 618 1117 et
637 1061 720 1134 quasi
736 1061 815 1117 uocis
829 1058 921 1117 abusu
943 1058 1050 1117 falsum
1063 1058 1181 1116 diuitum
1203 1056 1251 1116 Sic
1271 1061 1328 1117 nri-

254 1156 387 1216 chalcum
409 1174 457 1216 er.
483 1174 527 1233 gr.
542 1157 703 1232 appellatur
719 1156 876 1233 aliqnando
894 1156 1000 1215 falsum
1017 1172 1135 1231 annum,
1157 1158 1225 1231 quia
1240 1155 1327 1215 huius

255 1246 350 1315 ideam
371 1273 407 1315 es
426 1272 525 1314 errore
545 1255 628 1313 nohis
647 1255 733 1313 facile
752 1258 923 1333 ingenerat,
944 1271 1019 1330 quae
1039 1254 1170 1328 ohiecto,
1191 1253 1230 1312 ad
1247 1254 1327 1330 qnod

258 1355 391 1429 refertur,
415 1370 473 1412 non
494 1353 658 1428 respondet.

664 1549 845 1609 Auerruncus
868 1551 917 1608 iv.

689 1750 734 1808 De
757 1750 895 1810 bonitate.

322 1948 370 1998 it.
392 1939 523 2016 Bonum,
544 1948 642 2017 utpote
668 1957 745 2001 unns
765 1958 803 2000 ex
822 1941 1009 2018 conceptibus
1029 1940 1330 2001 transcendentalihns

259 2040 492 2116 etsimpllcihus,
514 2042 627 2116 proprie
640 2039 754 2098 deliniri
775 2056 827 2099 neo
849 2040 959 2117 indiget
978 2055 1031 2098 nec
1051 2045 1164 2116 potest,
1186 2046 1273 2115 atque
1287 2046 1331 2097 ast

260 2137 412 2212 eiusmodi,
435 2145 467 2196 ut
485 2153 585 2196 omnes
599 2138 643 2196 vel
658 2139 785 2214 imperiti
805 2140 899 2214 ipsum
919 2138 1055 2197 distlncte
1075 2140 1182 2196 norint.
1206 2138 1242 2196 lit
1261 2153 1332 2197 sane

261 2238 287 2294 sl
308 2253 407 2296 omnm
426 2237 472 2296 vel
494 2237 644 2296 rudissimi
665 2239 696 2294 ln
718 2236 827 2295 honum
849 2237 982 2296 feruntur
1005 2236 1155 2313 (siquidem
1176 2237 1273 2296 nullus
1289 2243 1332 2295 est

260 2338 312 2411 qui
332 2334 440 2394 honum
461 2352 519 2412 qua
539 2335 651 2394 honum
672 2342 716 2394 est
737 2352 795 2394 non
819 2335 910 2410 velit),
932 2338 1047 2411 signum
1069 2334 1196 2411 profecto
1217 2340 1261 2392 est
1282 2335 1331 2393 ho

261 2450 331 2493 num
352 2434 390 2494 ah
409 2435 544 2495 omnihus
559 2435 711 2511 dignosci,
734 2436 826 2511 ignoti
847 2436 922 2492 enim
944 2434 1025 2492 nulla
1038 2434 1154 2509 cupido.
1178 2432 1331 2491 Nihilomi-

261 2549 336 2609 nus,
358 2537 495 2609 quoniam
516 2536 603 2592 etiam
626 2535 680 2592 hae
700 2537 847 2607 notiones,
869 2549 944 2609 quae
963 2533 1129 2591 immediate
1148 2531 1204 2590 suh
1225 2533 1331 2592 intelli·

262 2635 389 2709 gentiam
403 2634 521 2708 cadunt,
541 2641 662 2709 possunt
676 2633 850 2709 quandoque
870 2634 915 2691 vel
938 2649 987 2708 per
1007 2633 1078 2690 alins
1092 2638 1259 2707 conceptus,
1281 2647 1333 2706 per

204 2717 208 2740 ¹
262 2747 294 2790 se
310 2747 399 2806 aeque
418 2738 501 2815 notos
522 2730 572 2788 sed
593 2731 721 2788 audienti
744 2732 879 2806 notiores,
891 2731 940 2788 uel
963 2747 1013 2805 per
1028 2730 1149 2789 effectus
1166 2737 1195 2789 et
1209 2729 1333 2804 proprie·

263 2835 336 2887 tates
360 2828 520 2902 declarari,
548 2828 579 2886 ld
604 2845 656 2886 nos
681 2829 875 2902 inpraesenti
901 2828 997 2904 quoad
1024 2827 1181 2887 bonitatem
1207 2831 1334 2902 praeste-

264 2925 369 2984 bimus.

322 3023 423 3100 Itaque
438 3026 518 3083 notio
531 3023 681 3097 honitatis,
704 3023 867 3099 reponenda
883 3025 996 3083 videtur
1019 3025 1224 3099 ineptitudine
1245 3037 1336 3099 quam

265 3139 311 3181 res
331 3122 417 3181 habet
437 3123 475 3181 ad
495 3121 655 3181 subiectum
676 3123 793 3198 aliquod
815 3123 1020 3198 perficiendum
1041 3125 1273 3198 augendumque,
1294 3137 1334 3180 ex

264 3235 323 3294 qno
341 3222 462 3295 emergit
482 3228 513 3278 ut
534 3222 707 3295 appetitione
728 3223 766 3280 sit
785 3222 884 3297 digna.
901 3223 998 3295 Quare
1019 3221 1126 3281 bunum
1147 3225 1261 3298 proprie
1283 3236 1335 3278 un·

265 3318 404 3376 luntatem
419 3320 545 3393 respicit,
570 3335 621 3376 nec
643 3321 696 3377 nisi
718 3321 912 3396 metaphorice
934 3321 971 3379 ad
986 3337 1032 3379 res
1044 3321 1117 3379 alias
1138 3317 1289 3396 appetendi
1305 3322 1339 3377 vi

266 3416 416 3474 destitutas
438 3416 569 3475 refertur.

159 3515 162 3520 “
329 3521 376 3573 il.
399 3514 443 3573 lid
468 3518 530 3573 eius
551 3522 646 3573 autem
667 3518 849 3590 partitionem
871 3517 949 3591 quod
970 3523 1101 3591 spectat,
1131 3518 1224 3590 primu
1244 3513 1338 3572 dividi

267 3616 360 3685 potest
388 3615 418 3669 in
439 3611 605 3671 ahsolutum
624 3621 653 3672 et
673 3613 842 3672 rodaticum.
872 3614 946 3672 lllud
967 3614 1107 3689 estquod
1129 3630 1179 3688 per
1200 3628 1230 3670 se
1251 3626 1338 3685 appe-

266 3711 349 3784 titur,
370 3726 404 3768 eo
422 3711 499 3788 qnod
521 3719 623 3770 natura
644 3729 696 3771 sua
716 3715 776 3770 enti
797 3719 938 3786 congruat
958 3687 1110 3787 ipsumque
1131 3709 1280 3785 perficiat,
1302 3715 1338 3767 ut

267 3811 397 3880 sonitus,-
419 3809 540 3869 alterum
555 3827 623 3868 vero
643 3811 721 3885 quod
744 3827 801 3868 nnn
823 3816 941 3886 propter
961 3827 1002 3878 se,
1025 3810 1074 3867 sed
1094 3815 1209 3868 tantum
1231 3809 1260 3864 in
1281 3821 1340 3862 cer-

267 3908 305 3963 tis
326 3922 420 3965 rerum
441 3909 584 3967 adiunctis
605 3917 656 3967 aut
675 3916 826 3982 tamquam
849 3908 975 3967 medium
998 3907 1127 3984 pro'sme
1153 3906 1250 3981 aliquo
1272 3919 1339 3960 con-

268 4003 431 4078 sequendo,
460 4009 662 4081 appetitionem
685 4005 794 4078 allicit,
818 4012 850 4064 ut
870 4005 1027 4064 ntedicinu.
1056 4004 1188 4065 Secundo
1213 4003 1338 4077 dispmci
