2892 4425
468 365 547 409 rm
569 365 671 411 nin
693 380 704 392 ·
727 364 924 409 costtotools
1197 362 1234 413 89

214 476 311 552 Atqrm
327 474 416 535 huius
432 478 593 538 sententies
610 474 790 551 absurditas,
806 482 920 551 preetsr
941 476 1083 537 retionem
1102 476 1234 553 distem,

154 588 191 633 es
210 576 373 634 innumeris
390 573 456 633 eliis
477 573 623 650 capitibus
639 576 737 633 esiucl
755 580 869 650 potest,
890 588 1016 650 quorum
1037 592 1075 633 ne
1093 576 1236 650 prolixior

153 672 211 728 sim
229 670 372 731 nonnullo
389 677 506 731 tentum
522 674 679 747 ottingam.
702 671 860 731 Percontor
881 673 978 748 iteque
996 688 1032 731 ex
1051 671 1097 731 luis
1117 675 1235 732 temeri·

154 770 225 827 tute
243 761 445 830 defensoribus
464 776 562 829 utrum
581 768 637 828 hae
655 771 746 829 ntoml
761 784 813 845 per
829 771 956 845 spatium
971 768 1177 829 disseminatae
1193 772 1236 829 ln·

141 865 257 925 -iinitee
277 882 399 927 numero
420 866 531 927 inerint
552 882 590 925 an
610 866 736 927 liniue?
758 867 788 927 Si
808 866 940 926 inilnltae
964 866 1054 926 iulsse
1076 868 1234 943 dicemur,

154 966 185 1023 lu
206 966 393 1024 manifestum
412 964 571 1025 absurdum
590 968 762 1027 incurritur.
785 965 943 1025 Multitudo
964 967 1043 1025 enim
1067 964 1234 1025 huiusmodi

154 1065 377 1138 repugnantium
396 1064 532 1122 involvit.
553 1064 629 1122 liam
645 1081 683 1124 ex
700 1080 759 1123 une
774 1070 858 1141 perte
878 1064 1013 1123 ultimum
1033 1064 1079 1123 sui
1099 1078 1235 1139 augmen·
1280 1068 1293 1089 *

153 1165 218 1219 tom
238 1161 398 1237 attigisset,
419 1168 573 1237 propterea
592 1161 673 1237 qnod
699 1160 815 1221 infinite
835 1160 957 1237 lingitur
978 1166 1007 1221 et
1028 1159 1136 1222 idcireo
1154 1160 1235 1236 talis,

154 1264 189 1317 ut
202 1273 238 1317 ea
258 1260 351 1317 muior
368 1262 481 1334 concipi
501 1259 582 1318 nullo
602 1261 710 1335 possit,
732 1274 768 1319 cx
788 1259 866 1336 allo,
886 1264 986 1334 utpote
1003 1259 1177 1334 quantitatis
1192 1272 1236 1316 aa·

154 1356 265 1414 tionem
285 1356 432 1432 retinens,
447 1356 593 1421 ulterioris
609 1363 685 1415 esset
702 1358 854 1433 augmenti
869 1372 983 1431 cspux3
1005 1353 1148 1431 siquidem
1171 1369 1236 1430 pro-

155 1454 253 1528 prium
275 1460 321 1512 est
341 1456 513 1529 quantitatis
538 1462 570 1512 nt
590 1454 762 1513 incrementi
785 1453 831 1511 vel
849 1451 1025 1513 decrementi
1048 1454 1086 1511 sit
1104 1466 1234 1527 compos.

156 1550 208 1609 Sin
228 1567 298 1610 sero
313 1551 382 1622 illae
397 1551 498 1611 iluittm
515 1552 665 1626 dicuutur,
679 1552 761 1611 nulla
778 1554 853 1611 rstlo
866 1550 1025 1626 probabilis
1043 1548 1123 1609 reddi
1141 1554 1237 1624 potest

156 1663 211 1707 erar
227 1650 280 1707 tali
299 1652 397 1724 potius
414 1666 504 1726 quem
525 1650 585 1709 aiis
601 1664 740 1708 mwsnra
755 1656 784 1709 ct
801 1664 922 1709 numero
938 1649 1148 1707 deterrninetse
1164 1649 1235 1721 sint,

156 1762 210 1807 osc
233 1747 407 1822 locupletius
427 1749 593 1822 emerint,
616 1746 668 1807 sed
685 1733 729 1807 sic
748 1745 878 1806 velutin
897 1748 1036 1823 exiguum
1058 1745 1168 1805 fuerint
1186 1760 1236 1803 on*

156 1851 332 1921 gustumque
350 1845 517 1904 conclnsse.
538 1844 614 1903 Nam
638 1844 773 1904 euoluit
793 1848 970 1919 nenessitas,
983 1846 1013 1903 si
1035 1846 1119 1904 culus
1140 1848 1236 1903 exsta·

155 1947 239 2016 rent,
260 1941 401 1999 latissime
420 1948 563 2019 erogetur
580 1956 632 2017 psa
650 1957 732 2017 sese,
756 1958 810 2002 nec
829 1942 897 2001 ullis
919 1945 1032 2017 uspiam
1050 1948 1166 2001 tenetur
1184 1956 1236 2001 eo·

157 2040 274 2115 gustis.
302 2039 405 2097 itidem
432 2054 501 2098 com
526 2056 628 2099 omnes
659 2042 750 2099 etoml
780 2040 880 2099 endem
905 2040 1039 2101 absolute
1066 2040 1238 2099 necessitate

156 2136 289 2211 vigerent
304 2123 556 2214 st'iuciturentur,
570 2137 672 2202 cedern
690 2141 845 2198 universes
860 2138 954 2216 figure
977 2139 1072 2195 noim
1091 2134 1242 2196 eteoclem

156 2233 267 2310 impelii
288 2240 369 2294 motu
385 2238 571 2311 omnuisset.
590 2237 741 2310 ‘Quodacu
766 2237 866 2296 eadem
894 2237 1057 2295 directione
1080 2233 1238 2310 sedemque

155 2329 305 2388 celerimo
326 2348 377 2405 per
397 2335 487 2392 inune
505 2333 652 2394 inlinitum
676 2335 865 2410 volitassent3
885 2341 929 2410 et,
955 2333 1032 2411 quod
1057 2345 1238 2407 consequeus

156 2432 220 2500 est,
235 2443 377 2504 nusquero
399 2431 453 2490 sibi
472 2434 597 2492 invicem
616 2437 830 2508 occurrissent,
852 2439 886 2492 ut
906 2433 943 2492 ad
964 2429 1147 2492 ellormunda
1170 2445 1237 2489 cor·

156 2540 230 2600 pore
259 2527 472 2602 copularentur.
490 2529 622 2608 Denique
647 2531 722 2592 illud
740 2535 829 2592 etism
848 2549 865 2590 a
885 2533 997 2594 ratione
1023 2529 1150 2590 silenum
1173 2534 1236 2604 est,

159 2625 239 2698 quod
259 2624 374 2702 dicunt,
392 2635 504 2688 ommes
524 2647 559 2690 ex
579 2630 672 2689 indito
686 2631 858 2690 necessitate
879 2629 916 2690 ad
932 2634 1041 2688 motum
1058 2626 1138 2686 ierrl.
1160 2626 1236 2686 Noni

158 2727 302 2799 mauris,
328 2732 363 2783 ut
382 2734 562 2802 compertum
589 2727 724 2803 maeror,
749 2729 827 2786 iners
850 2733 953 2802 suopte
977 2731 1084 2810 putore
1106 2730 1161 2798 est,
1186 2737 1237 2782 seu

157 2823 382 2892 indiiiereusad
402 2831 512 2883 motum
535 2827 579 2884 rel
601 2828 744 2902 quictem3
763 2841 797 2885 ac
816 2824 936 2902 proinde
955 2826 979 2882 sl
998 2825 1103 2898 cietur,
1118 2837 1237 2880 causam

157 2937 175 2980 s
195 2937 227 2980 se
245 2921 413 2981 distinctum
432 2925 579 2999 exposcit,
599 2939 617 2983 a
635 2939 694 3000 qua
713 2921 889 3000 impellatur.
910 2923 1031 2982 Constet
1051 2923 1140 2999 igitur
1159 2918 1238 2978 ordl-

159 3019 329 3095 oafiooem,
353 3026 490 3092 motum,
513 3019 796 3097 dispositionemque
821 3021 960 3082 meterius
982 3019 1021 3080 eb
1040 3019 1138 3094 aliquo
1159 3023 1238 3077 crte·

160 3117 236 3174 riors
253 3131 342 3175 cause
362 3116 478 3192 prodire
493 3115 640 3177 debuisse.
1182 3189 1188 3199 ι

219 3213 316 3290 Atque
336 3216 361 3272 si
383 3214 440 3274 hoc
462 3230 563 3290 serum
584 3221 653 3290 est,
677 3220 742 3292 ipse
763 3231 879 3293 quoque
902 3215 1002 3274 mundi
1027 3216 1149 3274 materia
1169 3228 1186 3270 a
1208 3229 1240 3270 se

158 3317 274 3370 exstare
293 3327 352 3372 non
370 3315 477 3387 potuit.
498 3313 622 3392 ltrgoex
647 3313 774 3373 ialsltste
796 3313 927 3390 Epicurei
949 3311 1116 3387 commenti,
1142 3309 1237 3368 Pleto-

159 3411 243 3467 ulcec
259 3412 349 3469 etiem
371 3413 547 3486 opinationis
571 3411 683 3472 falsitas
707 3413 869 3472 derivetur.
893 3411 931 3470 Et
954 3427 1025 3470 sene
1046 3411 1071 3468 sl
1092 3410 1237 3480 muteris,

159 3512 261 3582 utpote
280 3506 413 3584 iniecto,
440 3525 478 3567 ex
498 3509 634 3570 obsolute
656 3512 753 3570 extitit
773 3509 962 3584 necessitule3
983 3523 1001 3565 o
1022 3505 1104 3568 nulle
1127 3520 1238 3578 ceusu,

158 3604 405 3680 quemsdmodum
421 3609 454 3665 in
468 3606 638 3682 existendo,
656 3609 699 3666 sic
716 3609 804 3666 etism
825 3609 856 3664 ln
875 3601 1100 3682 perfectionibus
1121 3602 1240 3678 reliquls

159 3717 263 3771 rerem
279 3703 437 3779 pependit,
456 3719 511 3762 nec
531 3704 650 3763 ulterius
674 3703 783 3763 notioni
804 3703 935 3763 subiecto
957 3701 1024 3761 luit.
1046 3699 1241 3776 Proprietates
1306 3746 1310 3760 ,

158 3802 236 3858 enim
258 3807 289 3859 ct
311 3801 451 3862 attributo
473 3799 638 3863 conformis
657 3817 720 3862 esse
744 3801 850 3863 debent
877 3804 1020 3860 essentiae
1046 3799 1093 3858 cui
1117 3799 1241 3869 insunt;

159 3912 194 3956 ec
208 3898 331 3972 proinde
346 3897 398 3958 ubl
415 3897 608 3975 dependentis
625 3900 726 3976 ulique
744 3917 803 3960 non
823 3903 902 3976 viget
916 3901 946 3960 ln
965 3905 1082 3972 netum,
1096 3896 1137 3954 ibl
1154 3897 1242 3954 etism

159 3994 290 4056 nuileio
310 3996 460 4056 ettrllmtls
478 3998 578 4074 sigere
597 4004 702 4071 potest.
722 3997 779 4058 Sed
799 4001 823 4058 si
844 4000 966 4094 melesio
984 3997 1022 4056 nb
1040 3983 1137 4070 diique
1150 4007 1241 4052 ceusu
