2892 4425
234 314 272 365 tt
709 321 843 367 tonsore
881 286 885 292 ¹

292 436 495 511 resonarem
517 431 659 493 certitudo
681 434 809 489 err-acto
832 430 939 489 manus
963 427 1003 487 ad
1025 430 1122 503 ipsum
1142 427 1310 503 Mum,

231 512 311 609 qum
338 534 503 609 respicitur,
521 528 676 589 transferri
699 527 789 602 solet,
817 526 887 585 hinc
911 528 942 585 in
962 526 1136 586 obiectirarn
1157 525 1310 602 dividitor,

171 690 174 698 ,
231 636 261 689 et
280 629 484 691 sublectlram.
498 628 623 687 Nomine
643 626 826 685 certitudinis
839 623 1000 683 oblactlvae
1023 623 1202 699 intelligitur
1220 622 1312 681 stodi-

168 727 173 743 '
233 726 423 790 smectica·
439 731 506 785 orto
528 742 566 784 ec
583 728 692 785 motivo
713 722 755 781 od
771 738 920 782 amomum
936 720 1083 795 mulcete,-
1104 722 1223 779 nomine
1241 736 1312 779 vero

189 854 192 859 ·
232 826 413 887 certitudinis
435 825 613 884 sublectlvac
633 821 805 898 intelligitur
822 818 973 880 stabilitos
997 821 1088 895 metue
1110 834 1244 875 casem
1262 816 1312 876 olr-

233 926 307 983 r‘ecta
323 922 511 982 edoceremus
523 925 644 999 propter
658 922 800 977 motionem
813 935 871 995 quo
887 916 1032 975 obiectum
1040 918 1197 992 firmatur.
1212 914 1261 974 Sic
1277 916 1312 973 ll·

233 1020 329 1081 metas
355 1021 496 1095 humana,
520 1022 611 1077 animi
631 1017 821 1093 simplicitas,
838 1023 1033 1091 sexceniaqna
1052 1013 1123 1088 alia,
1146 1029 1198 1089 per
1217 1030 1250 1071 sc
1266 1015 1311 1071 ln·

233 1126 353 1195 macta,
376 1118 518 1177 obiective
539 1124 618 1175 certa
638 1117 787 1175 dicuntur.
812 1113 956 1172 Iudicium
974 1129 1060 1188 vero,
1086 1127 1144 1188 quo
1165 1128 1248 1170 mens
1269 1114 1312 1171 ita

235 1216 283 1277 his
297 1216 419 1275 obiectis
438 1214 589 1287 adhaeret,
609 1219 642 1271 at
655 1211 742 1271 simul
757 1214 903 1270 existimet
919 1226 954 1269 ca
968 1210 1052 1268 aliter
1064 1226 1128 1269 esse
1140 1225 1199 1267 non
1218 1225 1313 1285 posse,

232 1312 434 1375 certitudinem
455 1313 506 1371 ilbi
523 1311 640 1370 exhibet
660 1308 863 1367 sublectivam.

294 1409 425 1486 Utraque
449 1408 594 1468 certitudo
617 1408 742 1483 dispesci
765 1414 858 1483 potest
879 1409 909 1465 in
938 1406 1191 1484 metaphysicem,
1213 1405 1314 1483 playn·-

234 1524 300 1569 cam
320 1515 349 1566 et
373 1508 522 1566 moralem.
550 1506 625 1565 Nam
649 1512 712 1563 tum
738 1505 862 1565 lirmltas
883 1505 1089 1581 adhaesionis,
1113 1512 1175 1564 tum
1201 1504 1314 1586 stabili-

235 1613 281 1666 tas
296 1606 403 1665 motirl
423 1605 461 1664 ad
479 1620 629 1665 assensum
649 1604 793 1663 trahentis
816 1603 934 1663 ilrndari
955 1609 1050 1681 potest
1071 1601 1118 1661 rel
1136 1605 1167 1661 in
1186 1606 1250 1677 ipsa
1271 1605 1315 1660 rel

235 1712 341 1769 nature
365 1720 500 1779 nexuque
525 1703 723 1779 praedicatum
744 1705 820 1761 inter
842 1701 1063 1778 subiactumqua
1084 1704 1247 1759 necoesario
1266 1702 1314 1759 in·

235 1802 420 1878 tarcedenta3
441 1802 485 1864 rel
505 1802 645 1861 mndatnr
658 1804 698 1860 in
715 1801 918 1861 constantibus
941 1808 1063 1860 naturae
1080 1799 1194 1875 legibus
1214 1806 1244 1857 ct
1269 1798 1314 1857 ia-

231 1900 277 1961 'cii
297 1903 389 1977 ipatus
409 1902 604 1976 experientia,
629 1900 674 1964 vel
700 1898 824 1975 denique
846 1898 987 1958 tundatur
1003 1901 1035 1957 ln
1060 1897 1213 1956 hominum
1234 1899 1316 1955 testi-

212 2064 214 2071 ,
237 2000 336 2059 monio
355 2004 442 2075 atque
459 1998 572 2075 legibus
591 1998 697 2074 quibus
720 1998 841 2057 hnmani
859 2014 954 2057 moras
973 2002 1181 2071 temperantur.
1202 1994 1318 2077 Horum

238 2100 262 2157 sl
282 2099 409 2173 primum
429 2098 596 2172 confingat,
617 2094 759 2154 certitudo
777 2097 832 2154 erit
851 2094 1071 2171 metaphysica,
1092 2100 1126 2152 nt
1145 2095 1176 2151 in
1195 2092 1243 2151 his
1265 2106 1316 2149 ra·

236 2194 393 2256 rimssbua:
432 2198 525 2254 totum
550 2196 646 2254 motus
673 2198 718 2253 cst
740 2196 855 2272 peric,-
887 2209 946 2252 mou
979 2191 1070 2252 dotem
1101 2186 1225 2269 effectam
1252 2192 1317 2249 mere

237 2310 341 2354 causa.
371 2293 423 2354 Sin
449 2293 574 2359 alterum
596 2295 730 2368 eveniat,
753 2291 896 2351 certiurdo
915 2294 972 2351 erit
991 2290 1139 2368 physico,
1162 2296 1196 2349 nt
1217 2288 1316 2365 quoad

239 2391 303 2452 lias'
313 2394 538 2469 propositiones:
561 2394 695 2450 existunt
714 2407 857 2469 corporo,
881 2393 961 2467 iperio
980 2389 1108 2467 stipatim
1125 2387 1262 2448 odmotru
1277 2386 1315 2445 tl-

239 2489 298 2550 lcm
321 2489 483 2552 comburet.
509 2489 538 2549 Sl
561 2490 685 2565 danique
707 2491 826 2549 tertium
847 2488 991 2564 hebetur,
1016 2487 1158 2547 certitudo
1179 2488 1235 2545 erit
1253 2501 1315 2543 mo·

238 2587 329 2663 ralis,
350 2595 384 2648 ut
404 2591 434 2647 in
455 2588 501 2647 his
525 2588 658 2646 indiciis:
680 2587 790 2649 Cae-rm
806 2591 929 2663 erudi,
952 2585 1248 2647 rememorasse
1265 2583 1316 2642 de-

240 2685 374 2745 bellerii,

299 2782 453 2841 Evidentia
469 2784 620 2857 paritario
636 2781 812 2842 oblecticium
827 2783 965 2842 tribuitur
979 2790 1009 2842 at
1021 2781 1223 2841 sullectinum.
1240 2779 1318 2838 Nam

242 2880 387 2939 motivum
401 2877 554 2938 inlelliblle
571 2880 698 2955 quadam
716 2881 806 2940 veluti
820 2882 885 2940 lnce
897 2884 928 2940 ln
944 2897 976 2940 se
992 2880 1191 2954 collustratur,
1208 2884 1237 2937 et
1248 2894 1318 2953 qua·

238 2985 308 3044 dam
325 2986 486 3059 capacitate
507 2984 595 3060 pollet
613 2985 772 3060 apparendi
791 2988 949 3047 intellectui
969 2993 1082 3063 nostro,
1096 2989 1122 3046 si
1135 2986 1229 3045 cidem
1243 2984 1318 3043 obil-

221 3086 345 3170 ⁸cietur.
370 3083 449 3141 llaec
469 3084 521 3142 lux
546 3082 690 3142 obiectum
713 3084 866 3161 alliciens,
892 3103 943 3145 sau
966 3088 1055 3144 ctiam
1078 3085 1150 3143 hacc
1171 3084 1319 3158 capacitas

240 3180 414 3256 apparendi,
436 3180 611 3239 evidentiam
635 3180 810 3241 oblectirarn
832 3187 993 3242 constituit.
1015 3181 1099 3256 Quod
1125 3184 1150 3240 sl
1171 3180 1318 3238 obiectum

240 3287 352 3339 certum
373 3285 404 3337 ct
421 3279 541 3338 evidens
562 3283 653 3339 menti
668 3289 859 3358 proponatur,
874 3285 903 3340 ln
924 3285 989 3358 ipsa
1003 3287 1099 3340 mente
1113 3279 1260 3356 quoddam
1275 3279 1319 3336 ln·

242 3395 308 3437 men
323 3381 455 3454 exsurgit
472 3381 685 3454 perceptionem
702 3382 795 3455 ipsam
814 3380 1002 3456 pertundens,
1016 3385 1104 3454 atquc
1117 3376 1218 3436 rirlda
1228 3367 1333 3451 qnae·'

240 3479 308 3536 dam
327 3484 357 3536 et
377 3477 456 3535 clara
470 3477 573 3537 obiecti
592 3481 829 3554 repraesentatio.
846 3479 910 3538 lloc
929 3481 1019 3555 igitur
1039 3477 1149 3552 lumen,
1165 3475 1239 3534 haec
1259 3473 1321 3532 cla·

241 3579 312 3636 ritas
333 3579 530 3652 apparentiae,
551 3593 627 3654 qaas
648 3583 776 3636 mentem
794 3576 899 3652 elficit,
919 3575 1067 3636 evidentia
1084 3574 1247 3634 subiectira
1266 3587 1320 3630 seu

242 3673 374 3734 turmalis
390 3676 561 3752 appelletur.
579 3675 652 3736 Cum
669 3691 738 3736 vcro
752 3674 899 3735 evidentia
916 3682 946 3734 et
963 3674 1106 3734 certitudo
1122 3674 1227 3732 intimo
1241 3685 1321 3727 nexu

242 3777 318 3834 lntar
339 3791 372 3834 se
390 3777 583 3851 copulentur,
606 3774 852 3851 quemadmodum
873 3792 911 3834 er
934 3780 1002 3834 ante
1020 3773 1108 3832 dictis
1129 3768 1322 3830 manifestum

241 3879 298 3949 cat,
320 3875 507 3950 consequitur
522 3879 556 3933 ut
573 3877 660 3933 etlam
681 3873 827 3933 avidentia
846 3877 877 3932 in
897 3871 1140 3950 metaphysicom,
1161 3867 1322 3944 physicum

233 3973 274 4029 >et
295 3970 436 4033 moralem
457 3969 608 4048 partienda
629 3973 679 4030 sit.
