2892 4425
220 352 280 405 ²¹8
548 357 790 402 mittimus!
810 359 973 404 ”teitus

219 468 415 528 oonseimtlre
433 459 526 526 oleret
546 467 731 541 testimonio,
752 481 812 543 qno
833 467 936 526 intime
957 467 1151 542 persentimus
1171 483 1209 528 es
1233 471 1302 530 inu-

218 567 317 625 ellone
334 565 489 639 nnimqoe
506 562 688 624 summitto
713 580 802 624 unum
825 565 857 622 in
876 563 960 624 nobis
981 563 1102 624 iornrerl
1123 581 1302 644 monn,

218 674 370 738 tenuisque
386 661 564 736 completum
582 661 724 736 opersudl
744 663 930 738 principium.
951 661 985 722 lu
1005 663 1167 722 adversarii
1183 673 1301 724 senin-

218 762 262 820 ils
281 759 354 820 lineo
378 761 479 818 uultu
495 761 619 818 ormino
640 759 856 835 eliminaretnr3
878 775 915 818 ue
936 775 1060 835 penum
1084 760 1212 822 hominis
1237 763 1302 822 eolo

218 864 367 918 oouuru
390 859 503 918 ummo.
523 857 620 930 Qnere
640 871 709 916 eum
730 864 862 916 noenum
887 857 1012 916 ineditur
1034 873 1143 933 eorpus
1166 865 1219 918 est
1241 875 1301 918 rno-

219 961 322 1032 vaur,
340 955 496 1015 laesionem
521 954 602 1015 illem
628 961 680 1014 rot
698 961 810 1014 motum
828 955 995 1031 cognitione
1015 953 1134 1030 quidem
1156 957 1302 1031 attingere

218 1052 390 1114 &bemus
409 1053 454 1128 leo
471 1052 564 1112 kenne
585 1052 674 1112 modo
693 1069 753 1128 quo
774 1055 942 1130 eognltione
965 1055 1159 1130 ettinglmus,
1178 1057 1204 1114 sl
1226 1055 1300 1130 quii

218 1151 250 1209 in
273 1150 329 1209 hee
352 1151 421 1210 nole
442 1149 589 1228 frangitur
611 1150 658 1209 vel
682 1151 842 1225 movetur),
864 1158 895 1209 st
919 1153 1013 1226 rolpse
1038 1166 1092 1210 nos
1118 1153 1229 1211 moveri
1247 1159 1301 1212 rut

218 1247 437 1324 impensionem
461 1250 493 1306 in
514 1247 615 1323 eliqua
636 1263 776 1323 personae
796 1255 913 1307 nosnos
932 1256 1014 1324 perte
1035 1251 1161 1325 reeipere
1181 1252 1297 1309 omnisi

220 1344 348 1406 errando
368 1347 613 1404 existimaremus.
634 1345 785 1404 Breviter:
809 1344 886 1404 Unio
906 1349 1037 1421 eorporis
1060 1349 1209 1423 emmane
1232 1363 1300 1406 vere

220 1443 309 1502 redis
326 1450 372 1502 est
396 1449 427 1502 et
446 1441 588 1518 physice,
610 1449 643 1502 ui
661 1442 864 1519 pineumnena
883 1445 976 1504 mntul
995 1459 1088 1504 nexos
1105 1443 1298 1520 numeret,

219 1546 250 1598 et
265 1539 438 1598 universalis
452 1538 605 1598 hominum
618 1557 677 1600 non
690 1527 851 1600 ementium
872 1539 932 1600 lert
942 1557 1113 1600 eoneemos.
1129 1544 1219 1616 Atqui
1234 1541 1298 1601 lie·
1383 1593 1389 1603 .

220 1635 383 1696 lebrnnelrli
398 1643 529 1713 system
546 1637 624 1696 hene
638 1641 745 1698 ererdt
761 1637 904 1703 tunditis.
920 1637 997 1714 Ergo
1012 1639 1086 1698 nolli
1099 1638 1220 1698 wrdeto
1235 1641 1300 1698 siro

218 1731 402 1809 prodendum
419 1741 476 1792 est.

279 1829 433 1890 Praeterea
454 1839 652 1892 commentum
673 1832 730 1892 lroe
747 1835 882 1894 inertium
901 1836 1065 1892 enimornrn
1084 1833 1208 1910 inducit,
1221 1850 1300 1911 qm

220 1931 326 1988 miloni
345 1935 487 2006 repugnat
499 1936 530 1988 et
543 1929 704 1989 homonem
719 1931 881 1990 libertetem
897 1949 913 1990 o
932 1931 1029 1990 medlo
1045 1932 1141 2008 pelilt3
1161 1947 1219 2007 que
1233 1936 1299 2008 qni·

220 2026 287 2088 dem
301 2027 374 2087 nihil
390 2028 573 2088 meolloetlus
585 2031 780 2090 eonseleotlne
795 2036 851 2106 est,
867 2030 937 2088 nihil
957 2030 1146 2104 exploratius.
1161 2028 1200 2089 llt
1213 2031 1299 2088 omit·

220 2131 281 2184 tom
302 2143 405 2202 perum
427 2126 657 2202 philosophicam
680 2127 853 2202 procedendi
877 2130 1044 2202 rationem,
1067 2143 1127 2203 qot
1152 2131 1182 2185 in
1207 2127 1300 2202 expli·

220 2224 323 2283 oendls
343 2224 549 2299 phaenomenls
568 2226 685 2283 unionis
703 2228 876 2285 eniminum
896 2240 1030 2301 (torpore,
1047 2226 1185 2301 neglectis
1202 2228 1299 2285 oensis

221 2320 364 2397 physicis,
379 2321 485 2398 qulbus
502 2321 648 2381 enucleari
664 2338 711 2381 res
728 2324 831 2397 pouit,
850 2322 925 2381 saltu
943 2322 1071 2398 quodem
1086 2338 1153 2381 vere
1171 2322 1297 2380 mirabili
1419 2339 1424 2348 ·

222 2418 260 2475 ed
276 2417 367 2477 Mum
382 2418 561 2496 ooningitur.
583 2420 668 2493 Quod
688 2424 714 2479 sl
734 2424 899 2496 importune
918 2420 956 2479 ed
975 2420 1158 2479 divinitatem
1179 2420 1249 2495 lugu
1267 2422 1297 2478 ln

221 2518 301 2591 puisi
318 2519 407 2577 wem
425 2520 531 2577 vitiose
547 2524 604 2593 est,
621 2518 692 2593 qnid
709 2518 748 2577 de
764 2516 947 2593 philosophis
963 2517 1118 2577 dicendum
1136 2520 1203 2592 erit,
1222 2533 1298 2592 quae

221 2630 281 2673 non
299 2618 330 2673 lo
351 2613 468 2674 iletlone
489 2614 588 2691 nilque
605 2616 775 2691 verosimili,
790 2614 841 2674 sed
857 2616 887 2673 ln
908 2613 1053 2673 obleotive
1071 2613 1202 2674 reelitsie
1218 2629 1298 2672 seru

221 2712 311 2772 unde
339 2720 369 2772 et
397 2715 427 2771 ln
447 2715 573 2789 propriis
593 2714 859 2790 phoenoroenorum
889 2711 1018 2773 lontibus
1046 2710 1214 2789 detegendis
1235 2717 1299 2771 tote

222 2812 379 2871 sentiri

286 2916 355 2967 roi.
377 2908 593 2969 leibnltlsoum
611 2916 741 2987 systema
760 2909 862 2969 iisdem
881 2907 954 2984 iere,
970 2915 1000 2968 et
1014 2908 1138 2968 iortesse
1154 2906 1299 2983 pluribus,

222 3010 342 3079 urgetur
363 3004 510 3063 obsurrlls.
529 3005 676 3082 Principio
694 3010 773 3067 enlm
790 3022 888 3067 veram
908 3008 998 3066 enimi
1017 3022 1085 3065 eum
1104 3020 1224 3081 corpore
1237 3006 1300 3063 lun·

221 3102 348 3160 ctionem
362 3101 541 3176 pessum.
556 3102 646 3163 Nulla
666 3108 744 3163 enim
760 3108 839 3182 viget
859 3119 928 3164 veru
948 3106 1059 3163 iunctio
1081 3104 1113 3161 in
1133 3102 1202 3176 hoo,
1219 3099 1298 3177 quod

221 3198 405 3272 operationes
425 3200 512 3259 unios
529 3199 709 3263 subsuntiee
729 3202 905 3263 motionibus
923 3201 1042 3261 ulterius
1059 3202 1244 3261 consentient
1262 3198 1300 3257 sd

221 3308 360 3369 unguem.
383 3294 515 3355 Proiecto
537 3298 564 3355 sl
582 3299 688 3359 ortiiex
707 3300 767 3361 (ino
787 3300 939 3377 hoiologie
951 3302 994 3359 sie
1010 3299 1158 3359 elebornie
1177 3296 1301 3357 febrien-

221 3396 324 3467 retur,
345 3397 379 3451 ut
399 3406 491 3468 eeqno
515 3395 608 3470 gredo
631 3397 669 3457 ud
701 3398 788 3459 hores
811 3398 982 3459 indicendus
1005 3397 1195 3471 incederent3
1217 3410 1302 3453 neroo

221 3502 256 3546 es
289 3490 365 3547 inter
392 3504 424 3548 se
452 3490 572 3568 physice
602 3495 683 3570 longi
713 3501 800 3571 etqtae
834 3511 924 3555 onem
950 3494 1079 3555 oonilnre
1105 3492 1300 3553 substantiam

220 3586 411 3646 existimaret.
436 3588 547 3649 Deinde
570 3591 735 3653 libertatem
757 3596 874 3653 nomine
892 3600 1007 3654 tuntum
1027 3592 1175 3666 relinquit,
1199 3604 1231 3647 re
1251 3603 1299 3646 eu·

191 3690 195 3695 ’
221 3688 280 3741 um
301 3687 423 3745 omnino
445 3686 547 3748 demit.
572 3690 646 3749 Nom
666 3694 720 3750 etsi
742 3694 862 3751 insitam
880 3694 980 3751 animo
1004 3687 1217 3760 emerituri,
1241 3702 1300 3762 que

221 3798 289 3841 sues
310 3787 507 3861 perceptiones
526 3795 556 3847 et
574 3791 765 3864 appetitiones
783 3790 896 3866 dielst3
915 3806 965 3849 ess
985 3796 1083 3849 temen
1100 3790 1142 3845 lte
1161 3792 1301 3865 perwtno

219 3894 297 3938 nexu
319 3882 445 3943 lnvloem
468 3885 598 3963 colliget,
620 3894 655 3946 ut
672 3888 794 3963 quilibet
813 3895 907 3948 status
928 3903 1052 3964 sequens
1073 3902 1092 3943 e
1112 3881 1296 3960 prneeedentl

139 3998 145 4009 ·
222 3980 383 4041 nooessnrlo
400 3982 554 4060 toleretur,
568 4000 660 4060 eoque
678 3986 773 4061 posito
786 3993 913 4062 nequent
928 4002 987 4047 non
1007 3985 1087 4061 poni.
1103 3981 1168 4043 lloc
1187 3986 1298 4052 sutem,
