2892 4425
571 383 627 424 suti
651 382 828 425 ouuouuuiu
1180 373 1230 422 261
1334 429 1343 456 ι

157 491 291 550 absolute
310 498 339 548 et
360 494 391 548 in
415 489 563 549 abstracto
579 491 724 566 prolatum
745 491 886 548 rationale
905 494 949 548 eat
967 504 1087 564 prorsus
1104 495 1132 546 et
1153 487 1248 564 certi-¹

156 589 267 646 tudinis
294 585 522 663 metaphysicae.
546 586 655 646 Verum
676 603 734 644 non
759 589 798 644 ita
819 593 881 660 est,
907 603 974 645 cum
999 583 1161 644 similitudo
1185 582 1235 640 iila

155 686 281 743 sumitur
305 685 335 740 in
361 687 508 756 concreto,
534 690 620 757 prout
643 685 781 740 nimirum
806 684 835 740 in
857 681 986 757 quolibet
1011 698 1105 740 rerum
1125 679 1235 738 ambitu

156 797 287 841 seorsum
308 787 427 854 accepto
444 781 540 838 iocum
560 780 673 839 obtinet
699 789 729 838 et
752 780 910 856 peculiares
933 797 1028 838 rerum
1051 781 1166 854 respicit
1189 795 1235 835 or·

155 878 256 952 dinea3
276 885 311 937 ut
331 879 420 935 der.
437 893 482 951 gr.
505 874 603 952 dieas,
622 876 685 935 dies
706 879 739 934 111
756 881 905 952 posterum
930 875 1163 934 marcatrudem
1184 873 1236 934 du·

157 975 298 1046 rationis,
323 970 472 1048 quaelibet
493 989 573 1048 aquo
593 970 803 1049 resrtperabit5
828 979 914 1048 atque
944 973 1000 1030 alia
1024 973 1136 1046 generis
1160 972 1235 1029 eius·

156 1073 234 1130 dem.
249 1071 334 1130 Tunc
346 1073 425 1127 euim
442 1073 472 1128 in
487 1071 680 1145 applicatione
695 1074 758 1145 ipsa
774 1069 880 1144 pendet
897 1069 934 1127 ab
948 1070 1144 1143 experientia,
1161 1084 1236 1142 quae

156 1185 208 1243 per
222 1169 356 1226 iteratam
376 1166 609 1226 observationem
622 1184 676 1225 nos
690 1167 789 1225 docuit
806 1183 866 1224 rem
883 1165 976 1239 iiiam,
991 1181 1039 1223 ex.
1054 1181 1100 1240 gr.
1115 1181 1234 1240 aquam,

157 1281 221 1323 ease
233 1279 352 1323 causam
369 1266 562 1323 neceesarium
577 1263 738 1339 refrigerii3
762 1278 927 1321 mensuram
941 1261 998 1319 diei
1013 1278 1072 1319 non
1093 1276 1156 1318 esse
1178 1259 1235 1319 ior·

157 1363 264 1420 tuitum
284 1359 416 1434 aliquod,
437 1359 499 1434 aad,
523 1362 553 1417 in
568 1359 681 1434 ordine,
696 1376 755 1435 quo
777 1359 855 1418 Deua
877 1359 1017 1416 mundum
1038 1357 1235 1429 administrat,

156 1458 312 1530 contineri,
333 1463 389 1515 etc.
418 1457 525 1531 Quare,
546 1455 616 1514 dum
636 1458 666 1513 in
688 1456 882 1532 applicatione
903 1455 1024 1514 allatum
1048 1454 1120 1514 iliud
1145 1457 1234 1513 sumi·

157 1561 218 1628 tur,
243 1569 302 1610 non
325 1555 355 1609 in
378 1552 551 1611 iudiciorum
573 1553 799 1629 analyticorum,
824 1553 875 1614 aed
898 1555 929 1611 in
948 1554 1126 1612 automatum
1151 1568 1235 1626 expe·

158 1649 355 1708 rimentaiium
384 1665 506 1706 numero
530 1649 695 1708 habendum
721 1656 767 1708 eu
793 1657 822 1708 et
851 1649 1003 1726 physicam
1032 1665 1089 1706 uon
1122 1647 1237 1707 excedit

157 1746 372 1804 certitudinem.
398 1745 568 1803 Praesertim
590 1748 614 1803 si
637 1745 808 1804 observetur
828 1745 904 1820 quod
926 1745 1096 1820 similitudo,
1119 1745 1155 1804 de
1175 1759 1233 1819 qua

157 1846 266 1918 agitur,
287 1844 316 1898 iu
337 1842 530 1915 applicatione
548 1842 586 1900 ad
606 1842 737 1916 singulos
760 1858 856 1901 rerum
875 1842 1016 1916 ordinae,
1036 1859 1148 1917 semper
1167 1857 1233 1899 con·

155 1939 296 1998 ditionem
318 1937 467 2012 subaudit,
487 1938 573 1996 modo
596 1937 673 1996 Deua
697 1937 811 2014 leuibus
832 1941 1026 1998 comaclium
1046 1937 1146 2014 aliquo
1165 1953 1236 1996 catu

157 2051 216 2092 noa
247 2033 379 2108 deropet.
407 2035 489 2104 Quae
515 2033 644 2092 conditio
677 2034 878 2092 certitudinem
910 2034 1024 2092 iliorum
1055 2036 1233 2092 axiomatum

158 2131 244 2204 {quae
257 2129 382 2206 physica
401 2130 453 2202 est)
471 2146 529 2187 nou
544 2129 685 2204 infirmat,
706 2130 755 2188 sed
774 2129 994 2204 possibilitatem
1013 2129 1165 2188 dumtaxat
1182 2132 1235 2186 mi-

156 2227 322 2285 raculorum
347 2230 510 2301 importat„

536 3106 622 3149 riuis
643 3108 850 3150 ouuuioutiu,
