2892 4425
574 367 631 412 sau
653 370 834 414 onrowurn
1183 367 1237 420 ιιι

159 482 360 554 pmesenmnt,
381 483 411 535 et
429 475 536 551 quibua
550 476 657 536 ιιιιιιι
669 478 802 553 ιιμιιιι
814 482 962 540 mantice
975 479 1158 542 definitiones
1170 499 1240 544 eoa·
1254 470 1264 482 “

159 581 271 652 gruunt
290 573 481 632 adamussim.
502 571 552 634 Sic
578 576 680 650 nouo,
699 590 777 650 puae
801 575 950 636 homiuem
973 577 1093 640 exhibet
1111 586 1146 640 ut
1171 579 1241 640 sub·

158 673 299 732 ιιιιιιιιι
313 686 330 728 e
343 685 464 744 corpore
475 673 616 746 orgenioo
633 677 721 747 utque
740 674 840 732 animo
858 673 1037 751 intelligente
1056 682 1086 735 et
1105 677 1240 738 immete-

159 767 227 828 riali
247 766 477 842 coalescentem,
499 766 544 826 rei
562 774 595 827 ut
619 769 727 828 ammei
752 772 864 830 ratione
885 771 1066 850 praeditum,
1087 773 1117 832 id
1139 791 1241 836 ιιιιιι

160 869 376 940 mprnesentet,
391 863 470 940 qnod
493 863 641 924 hominem
653 867 684 924 ln
698 865 892 927 determinato
907 869 1019 927 entium
1040 868 1133 956 gradu
1152 885 1170 930 a
1191 887 1239 930 cc·
1286 913 1291 924 .

159 964 231 1019 teris
252 960 392 1020 distincto
413 963 584 1037 constitnit,
599 967 630 1021 et
648 961 716 1024 lons
738 965 827 1024 ueluti
848 972 909 1041 est,
924 981 960 1025 ex
980 983 1040 1042 qno
1058 967 1170 1044 reliqna
1191 969 1241 1028 iro·

160 1061 250 1117 minis
271 1057 412 1117 attribute
432 1060 607 1117 scaturiunt.
628 1059 710 1118 idem
729 1059 843 1120 dicutur
860 1060 896 1120 ne
917 1069 1076 1140 conceptu,
1098 1053 1157 1140 quo
1177 1066 1240 1124 uni·
1281 1079 1285 1086 ·

159 1155 221 1214 mal
232 1157 377 1230 cogitatur
386 1160 421 1214 ιι
433 1147 597 1216 suesanus
610 1139 713 1216 virens
726 1173 812 1216 sensu
824 1165 853 1218 et
862 1165 943 1217 motu
953 1166 1114 1234 spontaneo
1125 1160 1239 1238 imaus,

161 1252 239 1311 luem
262 1253 299 1312 de
324 1259 465 1328 conceptu
488 1254 671 1314 substantioe
696 1271 760 1314 eam
786 1255 943 1316 exhibente
961 1261 1114 1333 tamquam
1135 1273 1186 1317 eus
1209 1262 1238 1318 iu

160 1365 193 1408 se
208 1353 349 1426 cantens,
363 1351 439 1410 irlem
460 1350 496 1410 de
515 1355 635 1410 notione
655 1354 746 1430 animi
767 1369 827 1429 qna
845 1355 1009 1428 concipitur
1022 1361 1055 1414 ιι
1075 1352 1240 1414 substantia

161 1448 303 1524 simplex,
318 1451 446 1526 quaesit
458 1452 585 1526 primurn
600 1450 679 1510 vitae
699 1451 943 1528 cogitationisque
957 1452 1241 1530 principium31tlem

160 1546 199 1606 tie
219 1551 364 1606 sescentis
381 1547 460 1623 nilis,
481 1564 557 1624 quae
574 1551 795 1609 commemorari
812 1557 940 1626 possent.

222 1644 332 1704 Deinde
354 1643 411 1704 nisi
430 1647 548 1721 scepticl
567 1661 630 1706 ease
653 1648 807 1722 volumus,
827 1647 978 1708 lateutlum
1002 1656 1047 1710 eat
1071 1665 1124 1708 uos
1148 1649 1240 1710 reales

164 1757 263 1801 rerum
287 1741 470 1802 differentias
492 1750 522 1800 at
545 1742 717 1802 discrimina
734 1746 900 1820 cognitione
926 1747 1108 1823 perlingere,
1135 1747 1242 1824 quibus
1268 1774 1270 1778 ·
1388 1743 1397 1754 '

161 1845 287 1898 naturus
305 1855 363 1897 uon
382 1853 491 1914 paucae
503 1840 580 1898 inter
597 1855 628 1898 sa
640 1843 750 1916 optime
768 1833 943 1918 discrepant.
965 1842 1040 1902 Nom
1060 1851 1241 1921 perspectum

161 1938 235 1994 satis
250 1935 334 1994 nobis
346 1921 391 1995 ἐιι
404 1935 552 1994 hominem
566 1939 596 1993 vi
609 1937 802 2014 intelligendi,
818 1941 1024 2016 ratiocinandi,
1038 1941 1240 2020 abstrahendi,

160 2032 285 2108 aliisquo
304 2031 492 2093 facultatibus
507 2034 672 2110 praeditum
683 2051 759 2111 esse,
773 2035 879 2113 quibus
892 2041 1012 2098 omnino
1027 2041 1158 2114 privetur
1172 2040 1241 2102 bru·
1366 2087 1369 2094 .

161 2137 237 2190 tum.
262 2130 393 2206 itemquo
410 2132 519 2190 animai
540 2147 628 2190 sensu
651 2131 784 2210 perirui,
805 2150 864 2210 quo
885 2135 1042 2196 destitutae
1064 2143 1134 2197 sunt
1160 2137 1243 2212 plan·

161 2236 230 2306 tae,
252 2238 287 2291 et
310 2230 424 2304 plantas
447 2234 476 2288 ιι
499 2232 654 2309 vegetandi
680 2232 826 2310 gautlere,
847 2248 906 2310 qua
929 2236 1048 2293 omnino
1076 2240 1172 2295 cetera
1196 2236 1243 2293 in·

161 2328 271 2387 feriore
288 2335 389 2388 curent
405 2344 538 2404 corpora.
559 2330 650 2406 Atqui
668 2337 779 2391 certum
799 2337 842 2391 ιιι
860 2331 914 2391 iras
933 2348 1031 2391 reram
1051 2334 1243 2408 proprietates

163 2426 257 2485 reales
276 2442 340 2485 esse
359 2432 389 2485 et
408 2427 446 2485 sd
466 2427 620 2504 physicam
642 2428 809 2488 earumdem
834 2430 1071 2489 constitutionem
1087 2431 1240 2504 pertinere.
1345 2440 1349 2448 ’

161 2524 229 2584 Nou
248 2526 326 2584 enlm
347 2529 417 2601 quia
434 2528 597 2602 cogitamus
618 2533 669 2587 aut
687 2526 854 2602 loquimur,
876 2530 1065 2604 proprietates
1090 2529 1164 2587 istae
1181 2526 1242 2586 iilis

162 2625 266 2682 insunt
288 2630 317 2682 et
337 2622 481 2683 uiiiernnt
502 2627 579 2683 inter
601 2642 649 2701 se;
682 2625 733 2685 sed
757 2632 859 2685 contra
881 2627 951 2702 quio
975 2627 1077 2685 insuat
1102 2631 1131 2684 ιι
1157 2624 1243 2685 tillie-

162 2727 247 2797 runt,
265 2720 374 2781 idcirco
391 2738 443 2781 eas
458 2724 501 2781 sie
517 2738 582 2781 esse
602 2725 793 2806 perspicimus
814 2730 844 2782 et
864 2725 1031 2783 asserimus.
1051 2722 1177 2783 Ratione
1192 2724 1245 2798 igi·

162 2824 214 2877 tur
233 2817 338 2877 horum
360 2820 447 2894 (idem
466 2819 514 2879 die
533 2819 571 2880 (ιι
590 2821 683 2903 aliis),
700 2837 777 2898 quae
795 2820 1047 2903 nobisfcumperta
1066 2827 1147 2894 sunt,
1173 2818 1242 2879 suls·

163 2917 304 2977 slauuam
331 2933 421 2977 uuam
443 2934 462 2977 a
488 2919 608 2995 reliquis
634 2922 696 2979 iura
717 2922 918 2995 secernimus,
947 2920 1185 2995 concipimusquo
1211 2923 1244 2978 ut

162 3015 347 3091 realitatem,
373 3032 449 3092 quae
470 3016 576 3077 horum
599 3016 807 3078 attributorum
828 3016 1028 3077 differentium
1052 3016 1129 3075 iuter
1152 3030 1185 3075 se
1205 3016 1245 3074 sit

163 3111 262 3171 radin.
280 3113 444 3185 Quamnam
465 3117 556 3191 igitur
575 3115 661 3175 realis
679 3116 897 3175 constitutionis
919 3128 1014 3173 rerum
1035 3112 1242 3173 nonnullarum

164 3212 361 3288 coguitionem
377 3212 540 3288 habemus,
563 3230 640 3289 quae
657 3213 703 3289 ui,
730 3214 809 3291 quod
828 3214 945 3271 nomine
963 3212 1104 3271 ιιιιιιιιι
1120 3224 1242 3285 usurpa·

163 3314 226 3384 tur,
246 3308 332 3371 uobis
350 3311 480 3371 exhibet.

115 3453 123 3466 ,
225 3406 331 3466 Fateor
350 3408 484 3485 equidem
501 3409 532 3468 id
550 3408 587 3468 de
605 3408 742 3468 omnibus
761 3407 820 3468 (lici
839 3404 898 3467 non
914 3423 1011 3484 posse,
1026 3412 1056 3466 et
1074 3406 1244 3465 innumeras

162 3520 227 3564 essa
251 3512 388 3582 naturas,
409 3522 485 3583 quae
502 3522 558 3566 nos
581 3508 673 3567 latent
694 3509 827 3566 omnino.
851 3506 923 3579 Quis
948 3508 1026 3565 enlm
1049 3510 1166 3564 tantum
1188 3500 1246 3563 sliri

163 3609 275 3677 sumat,
288 3608 323 3662 ιι
342 3606 473 3663 omnium
489 3603 677 3679 peculiarium
695 3606 858 3681 specierum
878 3604 1084 3677 salmantlum,
1100 3607 1152 3661 aut
1164 3600 1247 3676 pinn-

162 3707 286 3778 tarum,
307 3708 360 3761 aut
381 3718 549 3779 corporum,
571 3710 691 3769 naturas
711 3703 848 3762 distincte
870 3702 1018 3777 explicere
1041 3715 1072 3759 se
1095 3713 1179 3775 posse
1197 3713 1246 3758 ar·

162 3796 314 3859 bitreturl
331 3800 437 3861 Fateor
453 3803 540 3860 ιιιιιι
560 3801 657 3877 quood
672 3801 881 3860 determinatas
900 3798 1129 3859 substantiarum
1148 3811 1245 3855 ιιιιι·

164 3898 234 3971 tias,
259 3898 414 3974 notitiam,
435 3914 525 3974 quam
546 3898 668 3974 adipisci
692 3901 722 3958 iu
746 3898 890 3975 praesenti
912 3898 974 3955 rito
993 3909 1160 3969 possumus,
1187 3907 1245 3951 uon

164 4008 229 4051 esse
244 3995 415 4053 intuitivnm
433 4002 463 4055 at
483 4011 501 4055 a
520 3998 623 4071 priori,
640 3996 692 4057 sari
711 3997 887 4075 arguitiram
908 3999 974 4053 ιιι
993 3991 1156 4067 posteriori.
1180 3988 1245 4049 iton
