2892 4425
537 369 594 413 sno
618 365 795 412 oruouoota
1043 427 1049 438 Ι
1149 359 1204 414 ¹95

120 488 155 544 in
177 488 313 560 ipsasque
337 497 373 541 es
392 481 492 539 omniu
512 487 579 556 apte
591 480 751 556 quadrant,
770 495 845 555 quae
866 434 896 538 iu
912 487 1052 557 oouoeptu
1068 483 1206 557 temporis

121 586 237 642 insunt.
258 582 355 657 Atque
375 580 448 639 haee
466 579 505 638 de
524 585 655 654 tempore
674 578 818 638 delibasse
837 577 974 638 suffloiat.

182 679 311 738 Tantum
331 675 420 736 tinem
441 675 551 737 iaciens
577 675 721 750 observo,
743 681 796 736 tros
820 691 856 734 ex
877 677 1112 738 consideratione
1129 686 1203 740 tem·

122 779 224 854 poris,
246 775 328 852 quud
348 775 443 834 estin
470 773 574 850 rebus,
595 773 803 833 consuetudine
824 773 928 833 adduci
949 775 986 834 ud
1011 782 1125 851 tempus
1151 776 1204 836 aii·
1293 765 1295 773 '

123 875 204 953 quod
213 875 423 951 imaginarium
432 872 634 948 cogitandum
644 871 723 947 quod
734 873 916 946 concipimus
931 871 1009 932 velut
1018 873 1206 933 intervalium

123 973 274 1050 quoddam
293 972 456 1031 durationis
474 972 657 1030 ruminae
679 971 764 1029 initio
784 976 814 1028 et
833 969 891 1028 fine
911 973 1051 1045 carentis,
1072 983 1147 1046 quae
1167 971 1206 1030 ab

123 1059 437 1130 aeternitate'iiuxerit.
458 1068 492 1127 iu
510 1067 567 1126 hou
587 1067 700 1127 iudiern
720 1066 925 1143 phantasmate
942 1066 1001 1126 duo
1027 1066 1206 1143 distinguere

122 1175 252 1244 oportet:
281 1168 456 1227 elementum
485 1166 694 1225 iuteiieetivum
721 1170 752 1224 et
779 1165 954 1224 elementum
984 1166 1203 1242 imaginarium.

122 1265 258 1324 Primum
285 1280 343 1323 uon
367 1261 447 1331 atiud
471 1270 516 1322 est
541 1265 599 1322 nisi
621 1260 799 1338 possibiiitus
822 1264 915 1337 ipsius
933 1265 1072 1338 temporis
1097 1263 1204 1338 renio,
1242 1261 1273 1276 ’“

122 1379 200 1440 quae
222 1361 543 1422 meutis'ubotruotioue
562 1362 744 1437 coneipitur,
766 1376 799 1420 ao
822 1359 944 1436 proinde
965 1361 1105 1421 limitibus
1125 1367 1205 1420 eard

121 1467 155 1521 et
169 1459 412 1519 determinatione
429 1460 536 1535 quasis
549 1460 667 1534 propria
687 1473 785 1516 rerum
805 1459 1004 1534 existentium3
1019 1457 1205 1534 quemadmo-

121 1558 195 1618 dum
219 1557 325 1628 aoeidit
342 1559 372 1615 iu
388 1555 524 1615 omnibus
540 1555 725 1630 possibilibus
738 1555 913 1631 cogitandis.
936 1555 1069 1616 Alterum
1089 1562 1133 1615 est
1153 1557 1204 1615 ed·

123 1658 234 1716 mixtio
252 1655 533 1730 phantasiae,‘quae
550 1659 724 1728 eonoeptum
741 1652 822 1710 iilum
841 1655 871 1732 in
890 1653 973 1711 nobis
995 1655 1163 1729 maritatur,
1177 1659 1207 1713 et

122 1767 201 1831 quae
217 1754 429 1812 sueoessiouem
444 1751 572 1827 utiquam
588 1749 732 1808 amusium
752 1750 795 1808 iiii
811 1749 956 1828 adiungit.
976 1750 1068 1809 Porro
1088 1767 1125 1809 ex
1139 1767 1207 1810 nou·

123 1851 241 1910 fusione
261 1851 351 1909 unius
371 1849 505 1908 elementi
525 1863 592 1906 oum
618 1847 677 1906 aiio
697 1862 798 1907 ausam
820 1847 982 1923 desumpsit
1006 1849 1086 1908 liant
1105 1850 1205 1908 existi-

125 1949 226 2008 mnudi
246 1953 362 2023 tempus
385 1961 449 2006 essa
470 1946 653 2005 intuitionem
676 1945 833 2021 quemdam
854 1961 975 2021 purum,
996 1961 1047 2004 seu
1068 1961 1088 2003 o
1109 1946 1206 2022 priori
1283 1993 1291 1999 .

43 2041 47 2046 ⁴
125 2049 156 2104 iu
178 2045 263 2104 mois
282 2050 477 2119 maerentem,
497 2048 648 2119 tamquam
669 2042 794 2101 iormam
815 2041 1013 2120 sensibilitatis
1032 2044 1173 2102 internae.

538 2238 722 2298 Anrrcouos
745 2238 795 2296 lv.

214 2440 259 2501 Do
278 2445 419 2517 oonoepto
432 2440 518 2517 finiti
539 2445 569 2499 et
590 2438 712 2514 induiti,
732 2434 882 2515 ¹sr'rnplo'ets
906 2441 935 2494 ot
952 2434 1119 2511 compositi,

421 2544 547 2623 otioque
568 2543 713 2622 affinibus
735 2542 913 2629 notionibus.

189 2735 240 2789 to.
261 2726 409 2803 finitum,
429 2735 464 2789 ut
490 2730 588 2805 ipsura
612 2742 720 2787 nomeu
742 2728 857 2801 innuit,
885 2724 917 2785 id
938 2722 1208 2803 intelligiturpquod

128 2824 272 2885 limitibus
293 2823 723 2901 oiroumsombitur31uiinitum
744 2830 863 2901 eontra,
883 2822 962 2900 quud
982 2826 1027 2883 est
1044 2823 1206 2884 confinium

127 2938 164 2982 sa
183 2923 311 2983 limitum
331 2938 446 2999 expers.
468 2922 506 2982 iii
527 2928 684 2999 eonoeptus
703 2937 741 2982 ex
757 2924 820 2999 ipsa
833 2920 1062 2981 consideratione
1080 2921 1208 2982 obiecto-

128 3038 196 3081 rum
219 3020 341 3080 realium
358 3020 546 3080 evolvuntur.
565 3019 653 3096 Nam,
667 3021 732 3081 sive
745 3036 799 3079 nos
820 3022 898 3096 ipsos
919 3036 970 3095 per
987 3021 1207 3095 eonscienttam,

126 3122 191 3179 sive
204 3117 318 3178 obieeta
333 3118 393 3178 elin
405 3126 502 3178 ereata
517 3134 568 3194 per
585 3124 697 3178 ceteras
710 3118 906 3195 eognoscendi
920 3116 1075 3177 taeuitutes
1089 3120 1208 3195 attingi·
1260 3166 1263 3173 .

127 3231 207 3291 mus,
221 3232 256 3275 eu
268 3217 301 3273 iu
315 3218 361 3275 sui
374 3215 550 3292 perfectione
567 3220 597 3275 et
616 3216 726 3275 viribus
741 3230 800 3275 non
818 3217 855 3276 ad
869 3219 1013 3276 omniane
1027 3215 1208 3292 pretendere,

126 3312 180 3371 sed
204 3310 244 3371 ab
270 3313 337 3371 aitis
362 3316 515 3388 superari,
540 3328 575 3373 ue
601 3319 665 3372 tum
688 3312 726 3372 ud
749 3320 938 3390 segmentum
967 3319 1029 3383 tum
1051 3313 1090 3372 sd
1112 3313 1210 3373 deere-

126 3415 260 3467 rnentum
277 3406 481 3485 'recipiendum
511 3410 615 3470 idoueu
644 3426 707 3470 esse
738 3412 883 3472 videmus.
910 3412 955 3470 iix
974 3428 1032 3489 quo
1053 3412 1141 3473 urent
1160 3398 1208 3472 ea-

127 3504 195 3564 dem
216 3504 393 3581 quibusdem
413 3510 539 3567 ooereeri
560 3508 703 3569 limitibus
723 3512 937 3586 concipiamus,
958 3509 1037 3585 quod
1056 3526 1154 3587 omne,
1177 3515 1212 3570 ut

127 3609 232 3677 puteus
251 3610 313 3677 est,
334 3604 409 3665 iiuiti
430 3607 577 3665 notionem
597 3605 726 3665 exhibet.
756 3606 835 3665 Haeo
860 3614 956 3666 eutem
979 3608 1070 3684 notio,
1094 3615 1126 3666 ut
1146 3623 1209 3684 per·-

128 3701 230 3775 sptets,
245 3716 304 3759 nou
325 3704 447 3761 omniuo
469 3704 605 3779 negativa
625 3709 670 3762 est
689 3718 743 3762 neo
763 3706 913 3779 praeviam
934 3702 1040 3763 induiti
1061 3707 1211 3764 notionem

128 3798 233 3873 exigit,
248 3799 493 3873 quemadmodum
511 3798 673 3859 Cortminui
688 3801 884 3877 contendunt3
906 3802 957 3861 sed
979 3804 1084 3878 purtim
1105 3809 1149 3860 est
1168 3804 1212 3861 ai·

129 3890 253 3953 donans
272 3899 380 3971 partim
401 3912 533 3974 aegeus,
552 3905 583 3957 et
604 3896 642 3957 ub
665 3914 699 3957 es
720 3897 942 3971 determinanda
966 3916 1049 3960 meus
1067 3900 1212 3974 auspicari

132 3992 242 4065 optime
255 3999 362 4068 potest.
388 3994 517 4054 Primum
534 3994 651 4071 quidem
666 3995 746 4057 eiare
764 4003 854 4075 patet,
875 4014 942 4057 uum
956 3998 1035 4057 notio
1050 3996 1124 4065 finiti
1140 3994 1211 4054 dum
1269 4030 1271 4035 ·
