2892 4425
239 324 281 382 ui,
712 328 848 375 mareas
887 315 891 323 '

238 453 334 519 num;
355 456 425 519 ergo
449 438 526 499 Deua
550 444 595 501 est
619 442 765 499 mutnus.
787 469 829 483 -
848 436 889 500 Ut
909 444 1010 516 patet,
1032 437 1113 500 atui
1133 454 1236 501 rerem
1255 458 1316 503 non

239 546 296 615 est,
317 555 404 617 quam
426 538 578 615 multiplex
598 535 800 615 syllogismus,
814 544 844 597 et
863 538 930 599 ideo
948 538 1052 599 lisdem
1068 544 1158 616 atque
1176 537 1231 600 llla'
1243 556 1315 619 gan·

239 638 289 697 det
308 637 432 713 legibus.
544 664 546 671 1

297 735 457 810 Dilcmma,
479 732 557 810 quod
577 748 680 793 reuera
699 732 739 793 ad
758 734 961 811 syllogismum
981 734 1193 795 dismncbsum
1214 736 1314 798 redum

238 839 344 910 potest,
365 838 411 891 est
427 828 640 908 argumentatio
659 832 701 891 lta
721 831 857 891 bilariam
870 832 1039 907 distributa,
1061 837 1095 890 nt
1114 839 1238 909 ubaque
1251 837 1315 895 elus

238 943 307 1007 pars
329 936 494 990 assumatur
520 938 608 1006 utque
628 928 666 988 ad
686 928 918 988 concludendum
938 928 1122 989 adhibentur.
1144 928 1315 991 Cuiusmodi

197 1104 201 1111 .
238 1035 283 1089 est
296 1028 369 1087 iilud
382 1026 555 1087 Tertulliani
568 1029 598 1085 in
613 1026 822 1103 Apologctloo:
837 1026 892 1085 Vel
911 1032 1048 1085 nocentes
1061 1034 1130 1086 sunt
1143 1026 1312 1105 christiani,

237 1126 285 1185 vel
305 1128 484 1185 innocentes.
504 1124 534 1184 Si
552 1130 701 1200 nocentes,
715 1139 768 1182 cur
783 1125 893 1198 inquiri
911 1123 1070 1199 prohibes?
1085 1124 1116 1184 Si
1133 1127 1313 1201 innocentes,

237 1239 291 1282 cur
302 1206 408 1281 'delatis
424 1238 548 1297 poenam
563 1222 696 1297 irrogas?
705 1219 801 1279 -lid
815 1222 879 1279 eius
894 1220 1095 1280 rectitudinem
1111 1221 1170 1280 duo
1181 1222 1315 1281 cauenda

239 1327 319 1381 sunt.
345 1320 488 1397 Primum,
513 1335 550 1378 ne
569 1320 648 1377 inter
669 1318 884 1378 distributionis
906 1326 1003 1395 partes
1022 1319 1107 1379 detur
1128 1323 1260 1398 tertium,
1280 1328 1315 1382 ut

236 1435 286 1479 ex.
303 1434 348 1495 gr.
361 1420 393 1477 in
405 1416 575 1477 dilemmate
591 1415 718 1477 Socratis
732 1418 878 1492 morituri,
896 1420 939 1476 sic
956 1420 1077 1477 aientis:
1096 1416 1157 1478 Ant
1174 1421 1205 1477 in
1221 1424 1315 1479 morte

238 1532 342 1577 sensus
364 1518 460 1576 omnis
486 1515 637 1590 adimitur,
661 1516 750 1573 nt'ln
765 1531 889 1591 somno;
911 1518 1099 1575 antonimus
1123 1505 1163 1576 ad
1184 1516 1316 1577 feliciora

238 1614 304 1674 loca
320 1614 437 1689 migrat.
461 1611 492 1673 Si
510 1614 655 1689 primum,
675 1614 805 1672 suaviter
827 1615 986 1689 quiescam.
1010 1612 1061 1671 Sin
1083 1612 1226 1690 alterum,
1249 1613 1315 1673 leli·

237 1714 301 1771 cius
322 1715 422 1771 vivam
451 1726 519 1771 cum
541 1709 675 1787 Orpheo,
701 1710 829 1787 myssa,
856 1712 1017 1787 ceteraque
1044 1711 1201 1787 praeclaris
1226 1712 1312 1772 uiris.

237 1808 316 1888 Ergo
336 1810 410 1867 mori
428 1806 555 1885 expedit.
566 1806 665 1867 -lili
683 1807 832 1867 concludit
849 1807 987 1867 dilemma
1007 1811 1101 1885 istuc3
1121 1812 1229 1886 quippe
1245 1825 1314 1870 cum

236 1908 355 1967 tertium
373 1904 461 1981 adsit,
479 1920 583 1981 nempe
602 1905 640 1963 ad
659 1910 808 1964 aeternam
827 1906 975 1965 miserium
994 1905 1178 1981 demigratio.
1200 1906 1314 1966 Deinde

236 2004 370 2063 viduetur
393 2017 431 2061 ne
455 2004 613 2078 retorqueri
636 2003 729 2079 possit
750 2008 854 2061 eontra
876 2004 972 2079 ipsum
995 2001 1116 2077 qul'lllo
1136 2004 1239 2062 utitur.
1263 2002 1314 2063 Sic

237 2102 343 2161 accidit
364 2103 396 2160 lu
417 2101 496 2160 illius
515 2099 695 2175 dilemmate,
717 2102 769 2176 qni
793 2100 877 2160 alteri
899 2099 1255 2176 persuadere'conabatur
1274 2116 1313 2160 ne

236 2198 447 2276 rempublicam
471 2198 731 2258 administrandam
755 2199 932 2275 susciperet,
956 2199 999 2257 ita
1021 2198 1231 2258 ratiocinatus:
1256 2196 1313 2259 Vel

236 2298 314 2358 male
332 2297 378 2356 uel
402 2297 475 2355 bene
493 2287 722 2357 administrabis.
745 2295 777 2355 Sl
795 2298 943 2372 nmmum,
966 2295 1029 2356 Diis
1052 2295 1243 2371 displicebls3
1263 2298 1310 2356 alu

236 2395 372 2472 alterum,
392 2393 571 2454 hominibus.
591 2393 670 2471 Ergo
687 2392 744 2453 hoc
761 2410 869 2454 munus
883 2395 1032 2470 suscipere
1045 2409 1111 2481 ‚non
1127 2393 1254 2470 expedit.
1270 2423 1312 2436 -

235 2494 320 2568 uuor
332 2495 383 2570 qul
400 2490 498 2568 ipsum
514 2494 746 2570 interrogaverat
763 2493 808 2552 sic
825 2494 857 2551 ln
875 2491 1009 2552 eumdem
1026 2492 1159 2550 retorsit:
1179 2490 1313 2550 veihane

235 2592 283 2652 vel
304 2591 393 2667 male,
413 2597 447 2650 ut
468 2590 555 2668 dicis,
573 2590 794 2650 administrabo.
815 2589 846 2650 Sl
865 2591 1004 2665 primum,
1022 2588 1143 2664 plaoebo
1158 2587 1243 2662 Diis3
1264 2589 1311 2647 siu

234 2688 375 2766 alterum,
397 2688 576 2750 hominibus.
598 2687 732 2768 Utroque
749 2689 840 2766 igitur
856 2693 965 2748 avanto
984 2685 1016 2746 ld
1035 2687 1165 2746 muueris
1181 2683 1310 2761 expedit.

613 2891 850 2951 laurentus
878 2891 930 2953 IV.

646 3073 894 3160 Delnductlorrc.

295 3281 344 3332 aa.
367 3270 501 3332 Inductio
523 3257 638 3331 dicitnr
653 3275 867 3349 argumentatio
890 3288 949 3349 qua
971 3274 1189 3332 enumeratione
1209 3271 1311 3348 singn-

234 3371 340 3432 larium
360 3369 526 3429 universale
545 3368 664 3446 aliquod
685 3368 825 3446 inlertur3
847 3375 881 3429 nt
899 3371 936 3446 sl,
957 3372 1028 3447 qula
1045 3368 1216 3445 singillatim
1236 3369 1312 3427 baec
1397 3357 1400 3361 ’
1437 3410 1438 3423 ,

232 3476 263 3529 et
285 3469 358 3528 haec
377 3484 499 3545 corpora
521 3471 666 3546 gravime
685 3468 789 3527 donari
805 3469 960 3543 conspicis,
986 3465 1073 3526 idda
1092 3465 1229 3525 omnibns
1245 3479 1311 3526 our·

232 3566 353 3644 poribus
372 3568 403 3625 ln
425 3581 529 3644 genere
551 3565 762 3625 affirmandum
778 3579 843 3624 csse
856 3564 995 3624 deducus.

227 3665 228 3668 ’
291 3663 335 3722 De
348 3663 404 3725 huc
420 3666 679 3742 argumentationis
697 3665 793 3739 specle
807 3665 963 3738 seuaraiim
982 3658 1142 3738 loquimur,
1157 3663 1310 3737 propterea

232 3762 310 3838 quud
328 3765 422 3838 prima
441 3762 571 3822 lrontea
590 3763 764 3839 syllogismo
782 3741 900 3845 ponitus!
913 3761 1036 3820 differre
1056 3760 1197 3834 ridetur,
1224 3759 1310 3832 eique

233 3861 365 3934 opposita
382 3866 516 3920 constare
529 3866 645 3919 natura.
661 3858 855 3936 syllogismus
872 3861 951 3917 enirn
968 3857 1025 3918 hoc
1041 3857 1130 3917 hebet
1145 3855 1308 3932 proprium,

233 3962 267 4016 nt
279 3958 455 4034 andedam
468 3955 587 4034 aliquod
599 3971 636 4018 ex
652 3955 812 4018 universali
829 3955 951 4018 derivet
967 3955 1044 4017 Num
1061 3955 1155 4016 illatio
1168 3953 1206 4014 ud
1220 3967 1311 4030 quam
