2892 4425
245 355 302 406 m
571 364 812 410 Emi’iii'dicss
833 365 993 409 suscribis

245 470 358 530 mnium
378 472 511 548 exurgit.
535 471 612 532 Tum
635 475 738 550 etiam,
761 476 786 532 si
810 473 942 534 iibcrtute
962 477 1106 534 instructa
1129 481 1185 550 est,
1199 475 1336 537 deiloere

244 569 276 626 in
299 567 413 643 agendo
435 576 532 644 potest
549 578 580 630 et
594 578 700 631 eontra
717 573 840 631 radonis
861 573 992 648 regutm
1007 575 1070 632 suis
1087 571 1199 630 viribus
1221 573 1333 649 abuti3

243 665 275 722 in
294 665 351 724 bac
375 673 474 726 antem
495 670 679 728 rectitudinis
698 671 830 728 carentia
850 669 960 728 maium
981 669 1093 728 rnnrnie
1113 671 1278 745 reponitur.

304 763 450 826 instabis:
465 765 564 843 -Atqui
583 767 733 842 idipsum
752 782 771 825 u
793 767 938 842 principio
957 781 1073 826 summe
1093 766 1171 824 bono
1190 767 1335 844 impediri

245 867 403 936 oporteret.
425 864 515 924 Seeus
534 867 614 924 euim
634 863 772 924 antideo
792 879 852 923 uon
872 865 1038 940 impediret,
1053 867 1123 940 quia
1136 879 1195 923 non
1217 873 1334 942 potest,

244 964 276 1018 et
296 965 369 1019 tuuc
387 961 566 1022 imbecillum
580 967 675 1038 esset,
691 968 745 1022 aut
759 965 830 1037 quia
850 963 906 1020 etsi
927 965 1036 1037 possit,
1053 969 1150 1021 tarnen
1169 977 1232 1020 non
1249 964 1332 1040 ruit,

245 1061 276 1114 et
294 1062 367 1116 tunc
388 1066 465 1119 esset
485 1059 639 1135 iuridnm3
661 1066 715 1119 unt
732 1061 803 1134 quio
827 1073 882 1118 uec
905 1059 971 1118 suit
992 1074 1047 1118 nec
1066 1065 1184 1134 punt,
1205 1065 1237 1117 et
1256 1065 1334 1119 tuuc

246 1153 360 1214 invidia
378 1157 466 1216 simui
492 1164 524 1218 et
544 1157 744 1218 imbecillitate
771 1157 927 1216 inbnraret.
956 1157 1034 1232 Ergo
1055 1173 1123 1216 curn
1143 1163 1234 1216 uotae
1253 1159 1334 1218 eius·

245 1252 327 1312 modi
344 1255 488 1330 principio
509 1255 587 1314 bono
605 1257 765 1314 iniurium
783 1256 853 1329 sint,
876 1257 1009 1331 sequitur
1029 1262 1063 1314 ut
1079 1256 1176 1330 ipsura
1194 1271 1283 1330 posse
1301 1264 1333 1315 et

247 1347 323 1408 vciie
336 1340 422 1410 nais
439 1351 542 1412 toiiere
556 1351 683 1412 dicatu.
702 1350 760 1410 Sed
774 1354 800 1412 si
818 1351 875 1411 boc
890 1352 1108 1426 portenderetur,
1130 1351 1242 1412 maium
1260 1354 1333 1413 uui·

247 1443 310 1504 ium
334 1454 411 1507 essct
433 1449 464 1506 in
492 1448 614 1508 muodo.
637 1449 715 1526 Ergo
742 1465 777 1508 ex
799 1451 887 1509 unius
907 1449 1043 1526 principii
1063 1449 1133 1509 bnoi
1152 1449 1331 1525 exisoentin,

246 1541 392 1602 maiorum
410 1546 544 1604 omniunt
563 1545 698 1606 menda
715 1546 879 1606 derisum.

306 1639 397 1715 nep.
414 1639 628 1717 Argumentum
641 1643 822 1719 buunnodi,
841 1644 920 1719 quod
931 1643 1025 1722 Bayie
1036 1651 1120 1704 uoto
1138 1659 1227 1721 opere
1241 1661 1331 1722 exag-

247 1742 341 1812 gerat,
362 1739 493 1812 ineptum
509 1744 631 1800 omnino
648 1746 695 1801 ert
717 1748 749 1801 et
766 1757 804 1801 es
824 1743 873 1817 iis,
887 1757 963 1818 quse
980 1743 1126 1818 explicata
1143 1749 1224 1818 sunt,
1238 1743 1329 1818 ptam

247 1836 389 1894 vanescit.
410 1833 565 1911 Capeus
583 1841 662 1898 eninr
686 1841 859 1900 existentiae
880 1839 1025 1900 maiorum
1048 1846 1111 1899 tum
1136 1840 1328 1916 physicorum

247 1936 312 1990 turn
331 1933 500 2012 mnunn,
512 1952 550 1996 ex
571 1943 773 1998 annonarum
797 1937 949 2013 limitibus,
962 1953 1037 2014 quos
1058 1938 1193 1998 nounuiii
1212 1938 1326 1996 maium

248 2030 482 2108 nrnrpnystoon
504 2041 635 2116 vocant,
657 2035 808 2095 evidenter
830 2038 973 2096 aaudiat.
998 2035 1084 2094 lianc
1106 2050 1176 2094 vero
1199 2034 1329 2095 intentur

246 2143 332 2202 posse
351 2146 370 2189 a
388 2129 451 2190 Deo
473 2133 637 2208 praepediri
656 2149 696 2192 ne
722 2133 762 2193 nd
782 2139 880 2194 actum
902 2134 1011 2193 reniet.
1026 2134 1140 2207 Quare
1166 2149 1203 2192 ex
1232 2131 1329 2192 tribus

246 2226 416 2289 obiectionis
434 2232 578 2307 partibus,
593 2232 674 2293 iiiarn
690 2232 807 2308 damus,
822 2248 898 2308 quae
913 2230 1010 2291 niebst
1023 2233 1198 2308 principium
1214 2229 1325 2289 bonurn

247 2339 332 2397 posse
355 2327 473 2403 quidem
494 2330 573 2389 raaia
595 2331 709 2405 toliere,
722 2330 775 2390 ssd
797 2346 854 2389 oon
875 2329 960 2389 veiic.
981 2330 1023 2389 At
1036 2332 1204 2406 nentiquam
1223 2330 1255 2385 iu
1269 2326 1328 2387 boc

246 2422 376 2483 insidiae
394 2432 465 2485 nota
484 2426 716 2501 pemmonis
734 2433 790 2485 est.
810 2426 925 2485 Invidia
947 2428 1025 2485 euim
1047 2428 1078 2485 in
1099 2432 1166 2485 ente
1189 2424 1326 2499 ioiinito,

246 2520 296 2577 cui
317 2520 392 2579 nibii
413 2522 482 2581 addi
504 2524 553 2585 rei
578 2524 694 2583 detrahi
714 2530 830 2599 potoet,
852 2529 882 2582 et
905 2524 985 2600 qood
1005 2523 1184 2601 benignitate
1205 2538 1261 2581 suu
1281 2536 1328 2581 res

246 2617 381 2679 conditus
399 2620 540 2681 eduxite
560 2622 655 2681 utbiio
676 2628 766 2697 atque
785 2627 830 2681 tot
847 2621 954 2681 ditarit
974 2622 1078 2698 bouis3
1099 2638 1158 2680 non
1179 2620 1268 2679 ruodo
1286 2636 1328 2679 re·

109 2734 120 2745 ·
246 2723 359 2793 pugnet
377 2718 428 2777 sed
445 2722 567 2795 omnino
584 2719 733 2779 chimaera
750 2726 795 2779 est
812 2726 842 2778 et
858 2722 921 2777 sine
940 2725 1036 2779 mente
1053 2734 1155 2779 sonus.
1176 2718 1238 2777 Nec
1257 2732 1327 2775 vero

247 2812 307 2874 niis
329 2819 435 2891 quavis
461 2820 574 2878 ratione
599 2820 757 2878 existentia
782 2817 925 2877 maiorum
952 2816 1072 2875 divinae
1091 2818 1252 2892 sapientiae
1275 2820 1329 2873 aut

247 2909 371 2973 bonitati
390 2914 575 2975 adversetur.
596 2916 672 2975 Nam
692 2917 772 2976 mein
792 2916 950 2992 naturalia,
971 2918 1034 2974 sive
1053 2930 1177 2991 mam
1197 2918 1329 2989 spectent

246 3010 310 3069 sire
326 3026 399 3087 uon,
421 3013 530 3073 idcirco
550 3014 729 3075 inducuntur
750 3031 769 3073 a
788 3014 860 3091 Deo,
881 3020 914 3073 nt
935 3012 1016 3073 alind
1034 3014 1127 3071 meins
1146 3011 1257 3070 bonum
1276 3026 1327 3068 ex·

246 3116 360 3184 surget,
374 3110 453 3185 quod
471 3128 538 3170 curn
557 3115 700 3189 sapientia
715 3120 746 3171 et
766 3114 894 3172 bonitate
908 3111 1009 3170 divina
1028 3110 1112 3169 vaide
1132 3110 1324 3168 connectitur.

246 3202 325 3266 Deus
338 3209 415 3265 enim
432 3225 553 3283 poenum
573 3211 746 3271 nocentibus
762 3210 881 3286 iuiiigit,
900 3217 933 3269 nt
947 3209 1019 3269 ordo
1037 3210 1166 3273 institiae
1181 3213 1325 3279 servetur,

237 3317 334 3378 ‘quern
352 3305 498 3382 negligere
515 3315 613 3368 rectus
631 3315 810 3384 sanctusque
826 3308 1004 3384 gubernator
1018 3308 1138 3365 minime
1152 3311 1257 3382 potest.
1279 3302 1329 3363 us

247 3408 325 3461 teres
343 3420 415 3464 vero
433 3408 580 3467 naturales
600 3406 732 3466 deiectus
746 3407 885 3480 admittit,
901 3412 935 3465 ut
951 3422 1047 3465 mum
1063 3406 1204 3478 varietas,
1221 3418 1328 3477 nexus,

247 3506 278 3560 et
294 3505 431 3564 activitas
446 3507 477 3564 in
495 3507 605 3565 mundo
621 3508 732 3581 rigeat,
745 3520 823 3581 quae
841 3503 878 3563 ed
895 3505 958 3563 eius
976 3504 1182 3579 perfectionem
1202 3504 1329 3560 maxime

246 3604 403 3676 pertinent.
424 3605 580 3680 Nequeunt
595 3607 674 3663 enim
691 3620 737 3663 res
751 3605 892 3678 oppositis
908 3602 1020 3661 viribus
1038 3604 1155 3675 instrui,
1170 3602 1240 3676 quin
1263 3614 1330 3658 unu·

249 3703 341 3760 taurin
360 3703 491 3778 poiieant
510 3704 640 3776 actioue3
662 3716 716 3760 nec
736 3703 767 3759 in
782 3700 975 3761 determinato
988 3698 1119 3759 subiecto
1139 3713 1217 3757 nora
1229 3696 1330 3756 induei

248 3799 366 3858 reaiitns
387 3806 501 3874 potest,
520 3802 577 3858 nisi
597 3802 732 3875 opposita
749 3788 922 3874 expellatur.
942 3798 983 3856 At
1002 3812 1073 3855 vero
1090 3799 1132 3856 itu
1155 3812 1251 3855 reram
1274 3796 1329 3855 aii·

247 3910 373 3968 quarum
394 3898 517 3954 mutatio
536 3902 566 3954 ei
583 3897 733 3972 corruptio
753 3898 898 3973 contingit
917 3898 948 3954 in
970 3894 1092 3971 mundo,
1106 3901 1140 3954 ut
1160 3894 1216 3953 hae
1235 3893 1273 3953 ad
1289 3910 1330 3952 re

247 4004 315 4049 rom
334 3993 457 4053 citarum
475 3992 693 4067 productionem
713 4001 744 4055 ei
763 3996 1014 4053 munerentiononr
1036 3996 1212 4055 inserviant.
1228 3994 1328 4066 Quare
