2892 4425
470 396 549 440 eins
570 396 674 441 ΡΙῙΙΛ
694 410 708 425 ·
728 394 927 442 coenoman
1202 394 1237 445 61

158 507 232 567 nibii
252 508 347 583 magis
364 512 462 565 ratum
483 521 518 565 ac
537 504 655 565 iirmurn
675 504 826 581 exhibent,
841 520 929 582 quam
945 504 1053 570 ¹mundi
1071 522 1129 566 nun
1148 512 1241 569 aeter·

159 622 228 664 nam
249 606 301 664 sed
320 609 538 679 temporaneam
559 602 792 679 productionem.
815 603 893 681 lirgo
913 603 950 662 ad
974 602 1084 665 iactum
1099 604 1177 681 qnod
1199 612 1240 666 at·

158 706 252 779 unm,
277 702 404 762 mundus
425 716 527 777 reapse
546 716 606 759 uon
627 718 662 759 ex
685 702 857 761 aeternitate
878 701 1014 761 conditus
1036 708 1101 779 est,
1123 702 1174 762 sed
1195 717 1240 761 re·

156 808 269 861 centem
293 799 382 859 babet
403 801 577 858 nouimtem.

218 898 257 957 lta
273 912 344 957 saue
359 896 398 955 ad
415 897 568 957 historiam
586 895 832 972 traditionemque
851 894 929 971 quod
948 901 1072 971 spectat,
1086 899 1116 955 in
1137 898 1240 973 primis

160 994 278 1071 Moyses
307 993 376 1070 (qui
394 1008 454 1052 nou
474 994 562 1053 modo
583 1002 617 1053 ut
636 996 761 1069 scriptor
782 992 911 1067 afflatus,
934 992 983 1052 sed
1001 996 1089 1053 wem
1109 1000 1142 1053 ut
1162 1008 1241 1055 mera

159 1092 307 1150 humanus
326 1090 505 1167 historicus,
530 1094 613 1151 omui
634 1097 680 1150 est
699 1092 758 1151 iidc
780 1091 971 1168 dignissimus
989 1094 1127 1167 omnique
1146 1093 1241 1151 maior

159 1189 372 1266 excruciaret)
393 1190 493 1248 mundi
511 1192 687 1249 creationem
705 1190 790 1249 initio
807 1192 947 1264 temporis
962 1196 1109 1265 peractam
1121 1194 1241 1249 enarrat

160 1296 353 1365 accurateque
373 1288 521 1347 describit.
546 1288 638 1347 Porro
660 1289 690 1345 iu
713 1289 806 1363 ipsius
827 1286 1130 1363 commendationem,
1157 1302 1240 1362 prae·
1311 1296 1318 1315 ⁸

159 1392 205 1443 ter
223 1402 324 1444 omnes
344 1386 425 1445 dotes
447 1386 579 1445 historici
602 1387 803 1460 veracissimi,
829 1384 903 1445 iiiud
922 1387 1071 1445 concurrit
1093 1383 1240 1461 ainguiare

160 1486 281 1542 omnino
297 1499 333 1542 ac
350 1484 544 1559 praeclarum,
565 1483 644 1559 qnod
663 1498 765 1541 omues
782 1481 920 1559 proieuos
940 1483 1095 1543 historicus
1113 1484 1240 1559 antiqni-

159 1586 221 1641 tnte
236 1582 402 1658 anteceiiat,
416 1588 504 1657 atque
518 1598 554 1640 eo
568 1580 701 1640 iioruerit
717 1588 859 1658 tempore,
873 1596 943 1658 quo,
960 1596 1017 1641 nou
1037 1568 1138 1641 inuitis
1150 1584 1239 1647 inter·

160 1678 242 1737 isatis
262 1678 441 1753 hominibus,
464 1680 642 1753 primitivam
661 1678 847 1737 traditionem
868 1681 944 1739 circa
966 1678 1067 1747 mnudi
1088 1678 1239 1739 exordium

161 1775 246 1835 iaciie
269 1775 387 1834 inaurire
410 1777 547 1850 potnerit.
574 1775 688 1835 Etenim
711 1792 770 1852 quo
792 1782 921 1853 tempore
944 1784 1031 1837 natus
1056 1782 1121 1853 est,
1143 1776 1240 1836 adbuc

160 1875 330 1949 superstites
347 1888 410 1932 esse
430 1880 564 1948 poterant
580 1876 632 1950 qui
651 1874 789 1933 Iacobum
809 1874 1010 1935 Petriarcham
1031 1858 1179 1935 viderant:
1196 1875 1241 1934 ia·

159 1969 216 2029 cab
240 1977 336 2030 autem
359 1972 478 2029 virente
499 1970 669 2031 Abrabamn
692 1972 788 2031 iucem
811 1974 931 2049 attigit3
958 1971 1143 2033 Abrabamns
1171 1986 1240 2032 rere

161 2067 240 2143 ioqui
262 2071 357 2143 potuit
375 2084 443 2127 cum
465 2066 531 2127 Sem
553 2066 617 2128 aiio
635 2067 721 2144 Noe,
743 2068 807 2127 Nori
829 2068 953 2144 denique
974 2084 1040 2127 cum
1065 2069 1239 2128 Matuseiem

162 2165 267 2226 Adami
290 2181 409 2226 coaevo.
597 2222 604 2228 .

219 2263 297 2323 Huic
322 2279 454 2323 summac
478 2262 545 2323 iidei
565 2265 733 2324 testimonio
757 2281 794 2323 ea
820 2265 943 2323 irismria
962 2263 1137 2338 desumpto,
1164 2277 1240 2337 quae

160 2367 272 2420 ceteras
296 2376 396 2420 omnes
419 2361 557 2421 historias
581 2363 754 2433 auctoritate
775 2368 915 2437 superat,
943 2359 1058 2420 accedit
1080 2373 1240 2420 cousensus

116 2529 122 2539 ι
161 2458 312 2517 unanimis
334 2459 463 2517 omniurn
488 2459 659 2534 populorum
686 2460 835 2534 totinmam
857 2459 1063 2536 antiquitatis,
1091 2457 1175 2516 onius
1196 2463 1239 2516 te-

159 2553 301 2614 stimonia
317 2557 446 2631 congerit
467 2555 641 2633 Engubinus
654 2559 680 2632 ¹,
703 2570 779 2632 qnae
800 2558 830 2615 in
850 2559 971 2616 veritate
989 2556 1045 2615 hcc
1062 2553 1240 2614 adstruenda

162 2654 236 2710 mire
257 2653 446 2712 conveniunt.
463 2654 528 2728 Qua
547 2655 577 2712 in
593 2669 625 2712 re
639 2653 712 2714 iiiud
733 2661 776 2714 eat
798 2653 989 2712 admiratione
1007 2652 1143 2730 dignum,
1160 2651 1240 2728 quod

158 2749 230 2808 dum
253 2749 371 2825 ρορυίί,
397 2749 434 2809 de
462 2749 569 2826 quibus
589 2753 833 2826 sermocinamur,
858 2751 943 2811 vaide
964 2751 1142 2810 dissentiunt
1163 2749 1239 2808 inter

158 2863 193 2907 sc
212 2855 311 2908 utrum
332 2851 426 2908 serius
443 2864 536 2926 ocyus
555 2848 682 2909 mundus
703 2851 863 2936 inruperit,
880 2849 1053 2927 fabulasque
1071 2851 1240 2908 innumeras

159 2961 255 3004 rerum
278 2949 418 3006 creationi
436 2944 612 3023 iuiarciunt,
639 2956 672 3007 ut
690 2952 736 3008 sui
757 2949 960 3025 antiquitatem
981 2965 1051 3024 pree
1069 2948 1173 3006 ederis
1191 2961 1241 3006 ua·
1336 3029 1338 3036 Ι

158 3043 287 3104 tionibus
309 3059 398 3120 quana
421 3045 591 3122 longissime
615 3045 784 3122 proieraut3
804 3049 834 3106 in
856 3047 912 3106 boc
930 3041 1151 3106 tamea‘omnes
1173 3061 1240 3104 een·

159 3143 269 3199 stante
286 3143 522 3218 unanimiterque
541 3146 748 3218 consentium,
771 3150 803 3202 ut
820 3144 962 3204 mnndum
979 3145 1010 3202 iu
1033 3149 1163 3218 tempore
1177 3158 1241 3218 pro-

159 3233 290 3296 creetu‘m
309 3236 468 3297 eiiirment.
486 3239 558 3313 Quis
572 3255 642 3298 vero
659 3247 720 3299 tam
741 3241 901 3301 mirabilem
919 3243 1150 3315 consensionem,
1165 3255 1240 3316 quae

158 3333 245 3394 aliam
263 3337 406 3413 originem
422 3336 529 3397 babere
546 3353 604 3396 non
623 3341 739 3414 potuit,
762 3341 818 3398 uisi
834 3325 1063 3416 irreiragebiie'rn
1079 3339 1240 3415 qnamdam

157 3432 364 3509 traditionem,
385 3437 493 3493 erroris
516 3436 621 3495 nudent
640 3437 832 3497 insimularet

216 3531 340 3603 Quodsi
356 3531 509 3591 edmundi
525 3533 717 3611 characteres,
734 3537 853 3611 eiusque
869 3534 959 3594 veiuti
980 3535 1157 3596 iiueamenta
1171 3553 1240 3595 con·

157 3625 362 3688 siderationem
384 3630 540 3705 flectimus,
564 3631 666 3690 eadem
689 3635 797 3691 ueritas
818 3635 912 3710 magis
931 3635 1019 3692 etiarn
1042 3634 1237 3694 roborabitur.

156 3722 250 3801 Nam,
271 3727 295 3782 si
312 3725 349 3785 de
366 3728 462 3802 specie
479 3727 610 3786 hnmana
629 3728 794 3806 loquimur,
818 3746 876 3789 non
902 3730 988 3791 modo
1009 3732 1079 3790 nihii
1100 3733 1239 3808 estquod

215 3875 277 3923 iiic
294 3874 412 3925 historiae
426 3875 549 3925 Moesicae
567 3877 753 3927 authenticitate
771 3877 866 3928 cousuii
884 3883 987 3942 possuat
1006 3881 1111 3942 cairuet,
1125 3879 1237 3940 tineiins,

156 3951 269 4015 met,
290 3953 403 4003 ilooiius
422 3953 516 4017 aiiiquc
533 3955 615 4018 magni
632 3956 741 4005 nominis
758 3957 846 4007 criiici.

188 4083 191 4086 .
212 4035 278 4083 tite
295 4037 407 4097 perenni
427 4035 739 4101 sirmondianam.

515 4336 524 4373 i
