2892 4425
235 350 273 402 8⁰
703 350 836 396 11⁰less

235 473 428 546 propomtur,
447 464 597 527 evidentur
611 480 756 541 nppsrsre
778 479 838 524 non
855 462 979 541 (leucu,
997 478 1068 523 cum
1086 470 1116 523 et
1140 468 1173 526 tn
1193 482 1228 525 re
1241 471 1310 526 ¹cri·

234 568 365 627 deutlnm
389 564 518 642 ineu,
539 570 569 624 et
594 564 799 640 intelligentiae
820 569 940 623 nostrae
964 562 1076 623 viribus
1098 567 1138 625 stt
1159 574 1309 626 consentu-

235 680 336 741 nmen,
356 680 391 725 nc
407 666 499 723 menti
515 666 631 724 uouulsi
649 676 701 739 per
718 650 849 739 siiqunin
865 662 1042 722 evidentium
1064 663 1234 739 applicetur.
1257 664 1309 724 Sin

157 826 161 833 ,
235 768 335 824 eutem
356 778 454 822 sermo
475 764 515 822 sit
532 762 569 821 de
587 760 712 837 obiecto,
739 760 819 837 quod
836 768 965 821 nostrum
986 761 1208 839 intelligentium
1228 779 1310 840 supe

236 868 293 938 ret,
310 860 355 921 vel
376 862 430 921 etsi
451 876 509 921 nou
527 866 656 937 rupea,
668 858 727 918 lide
744 864 843 919 tumen
857 858 959 919 dirius
974 859 1151 920 credendum
1163 862 1219 938 ult,
1238 868 1312 921 tunc
1360 939 1364 947 Ι

235 960 336 1035 procui
363 959 453 1019 dublo
476 958 621 1019 cettltudo
640 957 679 1018 uit
694 957 843 1016 cudentis
867 958 996 1033 oeuursri
1015 963 1120 1032 potest.
1145 958 1220 1018 itum
1236 975 1338 1029 cnm,

235 1054 314 1117 licus
330 1056 369 1117 ud
391 1056 529 1118 ellectum
546 1056 673 1133 nilquem
692 1055 911 1131 produccndum
923 1044 1112 1115 ‘monnulus
1130 1057 1233 1117 mediis
1250 1074 1310 1117 uun

235 1154 376 1232 indigent,
404 1155 551 1232 applicare
571 1157 681 1231 optime
700 1160 797 1230 potest
815 1153 880 1213 slus
896 1153 1043 1213 cvldcntiu
1064 1158 1207 1214 motivum
1224 1156 1311 1215 indu·

235 1251 330 1315 bitutc
350 1266 493 1329 moscus,
518 1260 607 1329 utque
629 1254 672 1311 tu
699 1267 849 1312 usscusurn
875 1258 986 1311 certum
1009 1259 1040 1311 et
1064 1250 1264 1312 firmissimum
1294 1269 1312 1311 n

237 1358 334 1411 ments
354 1358 454 1411 nostru
471 1350 586 1425 siloem
609 1352 681 1427 quin
699 1350 819 1410 evidens
836 1352 1007 1426 appetentis
1028 1350 1134 1433 ubieuti
1156 1349 1194 1409 nd
1212 1366 1312 1409 aneu·

235 1449 368 1509 ttmdunr
386 1464 442 1507 nus
458 1446 569 1524 sdigst.'
588 1446 638 1507 stc
657 1447 764 1508 occidit
781 1451 813 1507 in
832 1462 953 1507 assensu
970 1448 1204 1525 suwnsturuii,
1223 1463 1312 1524 quem

238 1545 410 1607 rnitnttbur
432 1546 567 1605 revolutis
592 1552 794 1623 pressimus,
818 1545 1064 1623 qncmndruodum
1084 1544 1225 1621 'theologi
1249 1544 1315 1605 inse

238 1644 399 1722 expuunt.

539 1757 543 1767 ’
589 1764 747 1825 Solvuntur
761 1761 960 1838 difficultates.

122 1946 124 1953 ’
249 1961 252 1970 ·
301 1945 357 1999 tu.¹
372 1936 413 1997 lit
433 1939 511 1997 enim
534 1944 635 1998 contrn
655 1937 789 1997 diversos
812 1937 923 2015 grudus
939 1938 1133 2014 certitudinis,
1157 1952 1231 2013 quos
1255 1944 1314 1997 ste

237 2038 359 2114 totunm,
379 2039 423 2097 sic
442 2035 516 2097 torte
536 2036 675 2096 obiicles:
696 2036 845 2097 Gertitudo
863 2039 987 2113 quaevis
1008 2040 1066 2097 sito
1082 2045 1128 2095 est
1152 2039 1182 2094 ln
1198 2036 1314 2096 indivi-

238 2135 338 2214 stulti,
360 2148 466 2212 netupe
488 2138 518 2193 in
545 2152 625 2195 mern
652 2134 844 2196 dubitationis
864 2138 1007 2195 cusentin.
1031 2134 1121 2211 Atqui
1135 2131 1218 2210 'quse
1243 2142 1315 2195 sunt

239 2234 394 2310 eiusmodi,
415 2233 525 2312 gradus
539 2234 635 2295 nuilus
651 2235 816 2311 inciudant,
832 2243 920 2313 utque
934 2235 1000 2294 ideo
1019 2249 1112 2294 uuum
1130 2233 1168 2293 nb
1185 2235 1244 2293 nitu
1262 2249 1314 2294 su·

240 2335 335 2410 peruri
358 2335 477 2392 minime
496 2339 601 2409 potest.
622 2333 701 2410 tingo
720 2335 864 2395 certitudo
886 2336 918 2393 in
940 2332 1070 2410 quelibet
1092 2334 1214 2392 vertute
1235 2330 1315 2392 idem

240 2431 598 2509 mensunusum
619 2431 704 2492 citeri
720 2437 858 2508 praeut
946 2421 952 2435 “

299 2529 521 2605 Respondemus
540 2516 748 2610 distinguendo
769 2533 926 2590 maiorem:
945 2529 1095 2589 certitudo
1115 2532 1237 2606 qunoris
1255 2531 1315 2588 situ

238 2629 330 2688 estin
349 2627 519 2688 indivisibili
536 2643 587 2687 seu
601 2631 638 2686 in
662 2645 743 2688 meru
760 2627 951 2689 dubitationis
967 2631 1109 2704 curculio,
1130 2627 1227 2704 quood
1244 2642 1314 2702 pur·

238 2731 296 2785 teni
316 2728 484 2803 negutlvum
501 2732 530 2785 et
545 2727 744 2786 exclusionem
762 2726 905 2804 deiectus,
921 2725 1123 2809 concedimur,
1135 2726 1231 2800 quood
1249 2743 1314 2801 per·

238 2823 394 2883 tectionem
413 2825 579 2900 pontivum,
598 2839 635 2882 en
646 2827 711 2900 'qun
729 2825 781 2883 iiis
794 2825 925 2885 exclusio
944 2828 1078 2902 emergit,
1091 2840 1242 2900 necamus.
1262 2823 1315 2882 Di-

239 2923 358 2998 stiuguu
383 2923 490 2997 puriter
515 2923 674 2996 minorem
701 2922 782 3000 qnod
807 2930 854 2983 est
875 2923 1043 2999 eiusmodi,
1070 2923 1146 2982 idest
1172 2926 1198 2981 si
1217 2923 1317 2999 quoad

239 3035 357 3079 omnem
377 3022 424 3079 sui
445 3025 555 3094 purtem
576 3019 605 3076 iu
627 3033 707 3079 mun
724 3021 878 3097 negatione
897 3027 1035 3098 ponetur,
1055 3020 1167 3098 gradus
1183 3035 1244 3079 non
1264 3018 1317 3079 hn-

241 3115 301 3193 bet,
327 3115 532 3191 macedimus3
554 3133 650 3193 secus,
673 3133 825 3196 necamur.

297 3213 487 3275 chlmdiuis
510 3213 666 3275 disusitns
688 3233 724 3276 uc
748 3219 838 3277 unius
860 3220 1039 3293 pmcstoutin
1060 3233 1129 3294 prce
1147 3218 1239 3275 alteru
1255 3233 1318 3274 non

239 3314 271 3374 in
292 3312 375 3374 dubii
400 3315 566 3389 vscultnte,
593 3315 644 3374 red
668 3316 699 3373 iu
722 3318 849 3390 positivo
872 3315 1048 3391 permisce
1070 3315 1255 3374 adhaesionis
1280 3328 1317 3372 nc

242 3413 382 3470 caretate
400 3413 503 3470 motivi
522 3412 663 3472 trahentis
682 3414 719 3472 ud
735 3426 886 3472 uscusum
903 3415 1061 3489 reponitur.
1083 3412 1169 3485 Quod
1182 3427 1251 3471 cum
1265 3427 1317 3471 en·

241 3509 392 3586 plunnium
418 3511 457 3570 sit
477 3513 561 3588 sutis,
580 3499 631 3570 hic
649 3512 742 3572 iustus
765 3511 914 3587 expiansri
936 3527 995 3570 uon
1019 3519 1094 3587 eget.

294 3607 441 3670 lnsuus:
458 3610 566 3670 Saltem
580 3610 724 3670 certitudo
736 3609 819 3670 Fidei
832 3609 1001 3670 certitudini
1017 3608 1145 3668 untnruil
1158 3623 1218 3666 nou
1233 3621 1318 3682 prue-

240 3713 312 3784 sut,
324 3707 375 3768 sed
394 3711 489 3786 potius
505 3709 593 3769 cedit.
610 3709 685 3768 Num
699 3708 843 3768 cerdtndo
856 3709 998 3768 ustursiis
1011 3715 1056 3768 cst
1071 3706 1211 3767 etusmodi
1225 3712 1259 3764 ut
1273 3707 1319 3763 in-

241 3807 317 3866 vitos
332 3808 420 3867 mom
438 3814 542 3884 cognt3
561 3813 665 3867 contro
683 3823 755 3866 vero
772 3806 859 3868 Fides
877 3809 997 3866 nonnisi
1015 3807 1145 3866 volentos
1166 3804 1291 3864 inducit.

300 3903 389 3982 Resp.
408 3905 586 3984 Diriluyuo:
605 3905 718 3964 tnvttos
732 3905 820 3964 worn
838 3908 931 3984 cogit,
948 3920 1038 3966 muso
1056 3904 1176 3965 motoris
1193 3903 1321 3963 tinnitu·

241 4001 280 4060 tu
302 4019 395 4080 neom·
420 4019 509 4063 conss
532 4002 779 4077 evidentiusque
797 4003 916 4080 fruitur,
936 4001 1072 4066 concedo.
