2892 4425
463 361 542 405 PARS
563 361 665 406 attin
685 376 698 391 ·
717 362 917 407 cosuotuutu
1196 358 1235 411 48

152 474 244 535 luisse
261 470 322 533 diei
341 472 453 547 nequit.
476 471 537 547 Ipsi
555 474 634 531 enim
655 488 770 549 sonper
789 471 901 549 aliquid
922 472 1043 551 adiungi
1064 475 1164 550 posset
1183 482 1235 535 aut

152 570 287 645 inuam,
314 569 395 645 quod
417 572 509 628 motai
533 576 670 647 aeterno,
694 572 744 645 qul
768 568 900 629 indultus
923 576 1020 646 esset,
1041 572 1162 629 omnino
1184 588 1235 631 re-
1265 620 1267 624 ,

151 676 276 748 pugnat.
303 667 423 743 Tertio,
447 670 561 727 etiarnsi
580 675 716 728 aeternus
736 667 870 745 fingitur,
893 675 992 729 tamen
1010 684 1054 730 ex,
1072 670 1234 745 proprieta-

153 767 233 830 tibus
256 768 398 826 materiae
418 781 538 825 manare
560 783 620 825 non
647 769 753 843 potuit.
786 766 911 826 Materia
935 768 1017 825 enim
1047 773 1151 842 suapte
1179 756 1233 828 nc}

125 872 218 925 ‘tura
239 871 284 924 eet
303 866 401 939 iners,
424 880 477 923 noc
496 866 555 924 niel
583 866 712 940 impulso
737 866 889 924 exterioris
915 866 1028 942 agentis
1056 864 1094 923 ad
1122 870 1235 925 motum

152 966 305 1025 incitator.
329 962 462 1039 Denlqoe
485 979 533 1039 ea,
553 978 630 1040 qnae
648 962 687 1021 de
709 964 840 1023 comasio
863 964 917 1038 alt,
947 964 1134 1022 criminosam
1153 963 1234 1023 calu·

152 1063 265 1121 mnium
289 1061 501 1121 continentis
526 1063 605 1121 enim
629 1063 684 1121 etsi
707 1061 809 1120 mundi
833 1061 1034 1137 phaenomena
1054 1077 1091 1121 ex
1114 1064 1236 1121 materie

24 1164 30 1174 '
142 1164 183 1225 ‚et
204 1164 285 1219 motu
305 1159 444 1234 explicari
466 1174 551 1235 posse
570 1158 710 1233 duxerit,
734 1174 871 1239 expresse
892 1165 989 1217 tomen
1016 1164 1045 1217 et
1073 1157 1235 1221 luculenter

153 1256 247 1317 Deum
272 1273 335 1317 esse
361 1238 509 1317 auctorem
536 1258 687 1331 utriusque
706 1258 870 1316 constituit.
893 1245 936 1316 At
952 1256 1154 1316 huiuscemodi
1175 1255 1235 1317 bla-

152 1362 269 1414 terooes
290 1361 323 1415 ut
342 1354 485 1429 absurda,
508 1336 551 1413 slc
574 1356 663 1413 etlam
683 1354 848 1413 calumnias
868 1357 897 1413 in
918 1354 1022 1430 lepidis
1041 1354 1161 1415 habent.

214 1450 309 1511 0blle.
332 1452 371 1511 ll.
394 1450 508 1528 Opponl
533 1458 630 1527 potest
648 1452 798 1527 calculus,
819 1458 852 1510 nt
873 1454 972 1527 aiunt,
995 1452 1233 1528 probabilitatum

154 1566 190 1609 en
212 1549 365 1609 athcorum
387 1550 594 1615 nonnullorum
611 1552 772 1624 sententie,
789 1556 823 1609 ut
843 1550 1070 1625 pulcherrimum
1091 1549 1170 1609 bone
1192 1564 1234 1609 rc·

154 1662 221 1707 rum
246 1646 378 1707 ordinem
396 1649 553 1706 temeritati
577 1646 719 1707 tribuant.
738 1646 915 1723 Sumuntur,
932 1650 1079 1724 inquiunt,
1096 1646 1155 1706 duo
1167 1646 1235 1707 eba·

154 1751 292 1820 meteres,
314 1761 362 1804 en.
386 1761 432 1821 gr.
456 1744 479 1805 A
503 1751 533 1804 ct
552 1744 594 1818 lt,
610 1746 661 1821 qui
683 1747 830 1821 agitentur
851 1748 880 1804 ln
898 1731 1022 1819 urnula,
1036 1732 1082 1804 cul
1102 1744 1234 1804 foramen

155 1844 295 1920 exignum
318 1850 433 1919 pateat,
456 1860 492 1901 ex
518 1858 577 1919 quo
607 1850 752 1918 nequeant
772 1844 882 1918 emitti,
911 1845 966 1904 nisi
990 1843 1062 1903 alter
1080 1848 1148 1921 poet
1166 1842 1236 1903 alte·

156 1958 222 2001 rom
248 1942 286 2001 ed
311 1941 457 2019 syllabam
486 1940 671 2001 conflandam
694 1943 834 2017 aliquam.
866 1941 998 2001 Profecto
1025 1956 1091 2001 com
1118 1940 1235 2001 nonnisi

155 2038 261 2099 harum
281 2040 421 2099 alterutra
441 2038 562 2099 conflari
590 2042 704 2115 possit,
721 2041 859 2098 nimirum
883 2039 928 2097 vel
951 2038 1002 2097 All
1020 2040 1065 2097 vel
1081 2038 1144 2113 ite,
1169 2044 1235 2099 otro

155 2152 256 2197 earnm
277 2140 372 2214 potius
404 2144 548 2197 euentura
572 2140 611 2196 slt
632 2153 692 2196 ono
712 2140 802 2214 lactu,
825 2152 916 2214 oeque
929 2134 1079 2211 probabile
1099 2137 1235 2211 utrinqne

155 2242 211 2296 est.
233 2237 274 2303 At
293 2239 317 2294 sl
333 2238 426 2295 iactus
445 2235 540 2294 deeles
553 2233 701 2296 et'mlllles
722 2239 887 2310 iteraretur,
903 2233 1022 2294 totidem
1043 2233 1152 2310 gradus
1166 2249 1233 2309 pro·
1258 2295 1262 2308 ,

155 2331 319 2392 habilitatis
337 2340 526 2410 exsurgerent
550 2349 604 2409 pro
624 2333 739 2420 syllaba
763 2334 830 2408 All,
854 2335 956 2393 saltem
977 2331 1063 2392 semel
1086 2329 1233 2390 habenda.

158 2429 320 2488 Sumaotur
339 2431 474 2507 deinceps
497 2438 623 2508 quatuor
656 2421 791 2507 litterae,
812 2433 919 2510 quibus
947 2435 1073 2508 primum
1099 2429 1234 2488 Aeneidis

39 2563 47 2570 -
157 2527 282 2588 uerbum
297 2527 434 2602 elllcltnr,
447 2533 585 2589 nimirum
599 2531 761 2592 Altitl.
779 2531 841 2590 llae
856 2533 960 2607 viginti
974 2536 1099 2606 quatuor
1112 2527 1235 2603 disposi-

157 2633 240 2686 turas
260 2625 390 2685 diversas
411 2631 557 2703 suscipere
577 2637 711 2703 possunt.
729 2629 813 2688 Unde
833 2630 914 2705 quod
933 2645 991 2689 uno
1012 2630 1089 2690 iectu
1112 2625 1162 2684 illu
1183 2641 1233 2702 po·

156 2726 216 2783 tius
236 2731 367 2801 emergat
385 2741 444 2800 qua
464 2725 607 2785 condetur
626 2744 681 2786 vox
698 2728 799 2802 Arma,
823 2727 856 2786 id
875 2729 926 2786 six
945 2743 1005 2785 nno
1024 2723 1236 2802 probabilitatis

157 2820 249 2897 gradu
271 2821 379 2881 lrnltor
398 2830 502 2882 contra
525 2827 630 2901 viginti
649 2833 710 2884 tres
730 2825 839 2902 gradm
862 2829 1022 2900 oppositos.
1048 2825 1087 2882 Al
1112 2829 1176 2898 post
1191 2825 1233 2880 vi·

158 2921 232 2996 ginti
251 2927 312 2980 tres
331 2923 437 2996 lactus,
452 2921 643 2997 probabilitas
665 2931 808 3000 aequatur
824 2925 970 2999 utrinque,
986 2929 1014 2982 et
1033 2937 1140 2998 megoa
1154 2919 1236 2980 fleret

158 3033 213 3092 pro
232 3019 398 3078 istiusmodi
419 3019 596 3096 dispositore
613 3022 700 3081 semel
721 3020 868 3096 hsbeodn,
884 3023 908 3079 si
931 3023 1034 3098 viginti
1060 3027 1118 3078 tres
1143 3021 1238 3077 iactos

156 3115 252 3176 decies
277 3124 307 3176 et
332 3118 438 3177 millies
463 3127 674 3195 repeterentur.
703 3120 856 3180 Gradatim
878 3120 976 3178 eadem
999 3121 1169 3177 instituatur
1190 3132 1236 3175 ra·

157 3215 310 3275 tioclnatio
330 3232 383 3291 pro
403 3220 507 3276 ceteris
527 3217 665 3277 Aeneidis
685 3218 836 3278 vocabulis
860 3223 889 3276 ct
908 3217 1059 3292 versibus,
1084 3223 1171 3290 atque
1195 3217 1234 3273 lta

156 3312 275 3372 tradem
295 3313 350 3373 boc
372 3315 469 3374 licebit
488 3317 672 3376 concludere:
691 3316 721 3375 Sl
735 3318 829 3376 lactus
848 3315 990 3375 eiusmodi
1012 3321 1129 3374 aeterno
1149 3316 1237 3372 inter·

157 3409 238 3468 uallo
256 3411 381 3472 lniinltis
402 3413 516 3472 vicibus
541 3416 728 3488 iterarentur,
750 3413 865 3472 infinita
888 3412 1082 3472 effloresceret
1105 3410 1238 3486 probabl-

156 3507 237 3586 lltas,
261 3527 326 3588 seu,
349 3511 431 3587 qnod
451 3512 528 3570 idem
551 3519 612 3588 est,
633 3512 777 3571 certitudo
805 3527 857 3587 pro
872 3527 906 3570 ec
929 3512 1091 3570 litterarum
1113 3509 1236 3584 disposi-

156 3608 236 3666 tione
255 3613 423 3689 exoritura,
445 3625 520 3687 qoae
545 3611 702 3671 Aeneidem
717 3609 862 3687 praebeat.
883 3609 966 3683 Quod
988 3616 1086 3668 autem
1112 3609 1237 3683 positum

510 3710 522 3742 t

157 3793 170 3817 ι
183 3775 289 3839 polsque
307 3777 331 3826 le
352 3783 512 3830 montement
528 3778 631 3830 deeoule
645 3779 677 3829 de
695 3793 735 3830 ses
749 3778 894 3843 proprleles,
909 3779 979 3828 telles
998 3789 1046 3840 que
1062 3789 1107 3826 son
1123 3775 1238 3838 etendne,

157 3875 170 3900 a
182 3869 212 3906 se
228 3863 377 3922 pesanteur,
398 3874 443 3910 son
463 3861 688 3924 impenetrabilite,
708 3874 736 3910 sa
755 3859 839 3922 ligure.
856 3898 862 3908 .
879 3896 905 3906 ..
925 3863 988 3909 Ponr
1009 3859 1099 3908 tormer
1119 3857 1237 3906 l¹univers

158 3939 312 3988 «Descartcs
333 3952 365 3988 ue
383 3941 541 4004 demendoll,
562 3955 612 4004 que
631 3941 662 3990 de
681 3942 705 3990 la
726 3939 828 3990 resilere
849 3942 874 3988 el
893 3937 927 3988 du
950 3942 1116 3988 mouvenrenl.
1139 3957 1150 3979 a
1179 3939 1249 3985 i’ars·
1322 3991 1330 4014 ἱ

157 4015 247 4080 prime,
268 4031 323 4081 cap.
344 4026 368 4070 2.
