2892 4425
538 350 775 402 trinacriam

533 526 717 587 Aenncunus
736 527 778 587 11.

187 684 233 749 De
251 686 460 768 Philosophiae
476 690 591 768 oriqiaa
606 693 636 750 et
649 704 815 769 propterea
828 686 948 769 aliquid
961 689 1124 754 delibatur.

179 860 209 911 5.
234 851 424 929 Philosophia
449 868 508 911 non
530 852 684 912 samnitum
709 853 857 928 quoddam
882 855 1035 915 inventum
1058 861 1123 933 est,
1144 856 1197 917 sed

56 984 61 989 ·
121 954 241 1011 rationis
263 968 381 1028 germen
410 948 448 1010 ab
469 950 566 1009 radice
588 950 739 1026 pullulans
766 966 842 1026 qnae
862 939 918 1028 ipsi
944 952 1075 1012 humano
1097 956 1196 1031 generi

121 1047 260 1108 altissima
283 1047 424 1107 inhaeret.
451 1046 527 1107 Nam
545 1050 571 1107 si
594 1062 641 1106 ros
661 1050 784 1123 quaevis
810 1045 848 1106 ad
873 1064 904 1108 se
922 1046 1128 1124 perficiendam
1150 1068 1199 1111 nc·

117 1147 242 1203 cessario
259 1146 373 1221 altilem,
398 1150 484 1220 atque
506 1144 543 1203 ad
563 1148 690 1204 actiones
710 1143 768 1203 sihi
787 1151 997 1206 consentaneas
1024 1151 1056 1206 vi
1077 1154 1201 1209 naturae

24 1240 27 1249 ⁴
122 1243 252 1317 rapitur3
275 1242 465 1318 intelligentia
485 1243 617 1318 ratioque
635 1242 765 1301 hamana
785 1242 1066 1319 apertastlgatlone
1087 1260 1199 1322 rernm,

120 1354 158 1397 ax
176 1354 299 1415 quarum
320 1339 424 1399 notitia
445 1338 613 1415 perficium,
637 1338 778 1414 abstineri
802 1342 913 1416 nequit.
936 1340 971 1399 In
992 1339 1069 1400 hanc
1085 1342 1199 1418 igitar,

120 1442 263 1513 quantum
283 1440 424 1513 cuiusque
450 1436 578 1496 conditio
598 1452 633 1496 ac
655 1436 699 1495 vis
723 1439 832 1514 ingenii
854 1436 934 1512 tert,
961 1436 1051 1496 homo
1072 1426 1202 1513 erumpit

122 1535 296 1593 necessario.
317 1530 355 1593 Et
372 1536 510 1609 quonlam
525 1536 556 1593 ln
572 1540 634 1594 toto
648 1532 800 1594 hominnm
817 1550 921 1611 genere
937 1534 1038 1595 deesse
1050 1540 1201 1612 nequeunt

122 1634 174 1707 qul
192 1634 303 1691 acriore
321 1632 448 1707 polleant
467 1632 670 1709 intelligentia,
690 1646 745 1691 uec
764 1634 806 1692 ita
827 1632 893 1691 aliis
913 1635 1024 1692 muniis
1040 1631 1202 1693 dhtlnean-

122 1732 195 1804 tur,
220 1734 254 1787 ut
273 1735 410 1787 naturam
430 1730 622 1805 contemplari
644 1744 704 1787 non
724 1735 831 1804 vacet3
854 1729 918 1788 lieri
948 1732 1049 1805 nequit
1067 1733 1139 1806 quin
1162 1743 1202 1789 cx

124 1822 255 1883 hnmana
279 1825 467 1885 multitudine
488 1825 629 1901 paulatim
648 1822 876 1902 philosophia,
896 1832 929 1885 ut
946 1842 1126 1903 consequens
1142 1835 1201 1906 eat,
1316 1896 1323 1908 ,

122 1920 308 1996 philosophia
326 1929 493 1982 enascatur.
516 1922 595 1982 ilinc
619 1930 740 2001 apparet
757 1923 974 1999 philosophiam
994 1940 1055 1983 non
1073 1928 1203 2001 potuisse

122 2018 153 2075 ln
173 2021 310 2079 sociatae
331 2018 462 2079 hnmana
480 2019 645 2079 diutissime
668 2020 846 2097 desiderari3
876 2021 1123 2097 quemadmodum
1147 2038 1203 2098 pu·

124 2120 189 2175 tant
204 2118 236 2191 il,
253 2117 304 2191 qui
320 2120 375 2175 rati
392 2116 593 2193 philosophiae
610 2120 786 2194 principium
799 2122 829 2177 ln
843 2118 1002 2197 reflexione
1016 2122 1130 2196 reponi,
1143 2126 1203 2183 tar·
1271 2172 1279 2185 .

123 2212 206 2272 diora
221 2216 308 2273 nimis
323 2212 365 2274 llll
382 2215 546 2291 largiuntur
559 2204 691 2294 exordia3
705 2217 823 2293 perinde
836 2220 921 2292 qnasi
937 2215 1099 2279 humanum
1111 2235 1204 2298 genus

124 2310 282 2371 reflexione
299 2318 386 2371 antea
407 2316 544 2372 caruerit.

185 2407 280 2465 lmmo
294 2423 363 2466 vero
382 2411 409 2467 sl
427 2411 494 2484 quis
514 2409 707 2468 adactionem
723 2409 924 2486 philosophiae
937 2425 996 2469 noa
1010 2411 1121 2472 lentum
1136 2429 1205 2488 pro·

125 2519 257 2580 gressum
281 2519 317 2562 ex
338 2507 512 2579 propriaque
533 2511 627 2562 ortam
650 2505 793 2565 industria
813 2509 1033 2582 teshgatlonem
1055 2509 1205 2586 requirat,

124 2599 177 2660 sed
195 2597 357 2659 evidentem
377 2615 474 2659 reram
497 2601 650 2660 seientiam
671 2618 722 2677 per
740 2603 890 2663 naturales
905 2617 1009 2663 causas
1027 2605 1208 2680 explicatam

125 2697 260 2758 sulficere
280 2699 445 2776 intelligat3
472 2691 520 2758 ea·
536 2701 632 2774 ipsum
659 2701 827 2760 mortalium
851 2693 976 2776 primam
1002 2718 1062 2761 non
1087 2708 1207 2780 proprio

124 2795 223 2856 studio
245 2797 387 2872 aequisita
407 2795 458 2855 scd
482 2793 584 2855 divino
604 2804 725 2874 accepta
745 2797 885 2857 beneflcio
904 2789 1094 2860 intormatuia
1116 2801 1208 2862 faisse

14 2907 18 2912 ·
124 2893 276 2953 fatebitur.
297 2893 377 2954 Deus
399 2897 476 2952 enim
500 2901 544 2954 est
563 2895 727 2972 providos3
750 2911 805 2955 nec
825 2895 876 2972 el,
898 2911 985 2972 mem
1006 2897 1106 2959 adalta
1126 2905 1209 2960 certa
1273 2964 1277 2970 ,

125 2997 221 3051 aetate
236 2998 265 3050 et
281 2997 431 3068 tamquam
446 2994 601 3051 universae
616 2996 810 3068 generationis
825 2997 975 3070 parantem
988 3000 1018 3054 et
1031 2997 1208 3072 magistrum

125 3088 288 3165 condebat,
309 3095 426 3148 tantum
447 3091 585 3148 scientiae
604 3096 666 3148 tum
691 3092 888 3164 speculativae
906 3098 971 3150 tum
994 3095 1139 3167 practicae
1156 3109 1208 3152 nc·

125 3203 195 3263 gare
212 3189 318 3264 potuit,
337 3193 481 3263 quantum
503 3203 563 3246 non
583 3187 671 3246 modo
693 3187 733 3246 ad
750 3189 877 3248 hominis
895 3176 1101 3265 perlectionem
1119 3207 1156 3252 ac
1175 3207 1209 3251 se

125 3284 269 3343 tuendum
288 3285 543 3362 dirigendumque,
566 3285 618 3344 sed
632 3287 719 3344 etiam
740 3285 778 3344 ad
795 3289 962 3363 progeniem
978 3287 1134 3364 disciplina
1151 3291 1209 3348 lm·

124 3379 272 3440 huendam
291 3399 407 3443 necesse
433 3389 506 3442 erat.
532 3383 613 3456 Quae
639 3386 786 3443 sententia
805 3382 873 3442 inde
893 3387 983 3444 ctiam
1000 3390 1102 3461 patet,
1128 3384 1209 3462 quod

122 3478 154 3534 si
177 3476 214 3535 ad
231 3480 449 3555 antiquissimas
465 3485 576 3539 aetatea
594 3479 793 3556 regrediamur
808 3479 906 3558 (quae,
920 3488 1019 3558 utpote
1033 3500 1130 3542 rerum
1149 3485 1210 3558 pri·

123 3573 250 3632 mordils
264 3579 496 3654 propinquiores,
515 3577 684 3636 earumdem
702 3579 837 3653 aperiunt
855 3580 1211 3658 originemiphllosnphia

57 3746 68 3762 .
126 3672 264 3749 primitas
283 3672 445 3749 theologiae
464 3675 671 3750 implexarum
688 3678 752 3752 ipso
765 3675 896 3734 hnmano
910 3692 1013 3752 genere
1029 3679 1211 3736 succrevisse

127 3770 318 3843 conspicitur.
339 3768 495 3828 Orientalis
509 3773 584 3830 enlm
602 3774 747 3849 sapientia
759 3775 840 3833 omni
852 3772 976 3834 historia
990 3776 1137 3850 antiquior
1151 3779 1206 3833 cst

128 3865 252 3925 Graecia
268 3882 336 3925 vero
351 3865 389 3926 ah
402 3865 521 3925 Oriente
534 3867 631 3932 hausit
644 3873 808 3950 scientiam5
830 3888 868 3934 ex
885 3889 946 3950 qua
957 3871 1063 3936 deinde
1075 3871 1210 3935 Romana

129 3971 159 4024 et
172 3965 371 4028 Alexandrina
382 3965 562 4061 dimanavit.
