2892 4425
256 364 274 413 6
335 402 342 409 .
582 368 821 411 universim
842 362 1003 411 metius

322 479 379 537 Vin
390 478 470 536 enin
486 474 686 551 eapticatiosc
696 472 882 551 factitatum
895 478 1064 537 nostrarum
1078 472 1276 537 intelioeiisme
1292 477 1341 533 ui-

257 580 304 634 tas
314 590 405 633 auras
418 571 558 646 initimum
571 571 731 631 sollicitari
749 587 801 631 mos
815 574 937 648 penitus
948 573 1194 647 persentiscimus,
1207 576 1242 629 ut
1252 572 1343 629 auius

254 675 380 730 naturae
396 672 502 744 simus,
524 671 607 727 cuius
624 670 767 744 aripinis,
789 684 873 745 quern
885 668 980 743 finem
994 671 1208 745 praestitutum
1228 665 1342 727 tabea-

254 784 319 826 mus
326 810 336 841 ,
361 765 436 844 quid
455 782 574 843 spmare
593 770 663 841 post
683 768 780 825 oitum
799 764 877 825 mm
895 770 1027 843 oporteat
1038 808 1048 839 ,
1073 766 1238 841 capnitioue
1258 780 1341 823 asse·

254 881 391 942 quamur.
410 864 487 923 Hinc
500 862 542 922 dd
556 866 720 936 scientiane,
734 880 810 940 quae
824 862 970 925 hominem
983 860 1208 940 mntmptarur,
1221 863 1342 938 inperiti

254 977 355 1021 amore
365 960 576 1039 propellimur.

319 1059 425 1119 Verum
451 1074 517 1118 cum
542 1061 633 1117 sumet
653 1056 740 1117 tsorno
762 1054 934 1117 conscimdc
956 1055 1111 1130 advertit,
1137 1058 1182 1115 ita
1208 1057 1341 1131 seipsum

254 1161 317 1215 iam
329 1159 489 1234 copitantis
508 1158 590 1215 ottae
606 1157 695 1215 initio
710 1156 874 1233 perspicit;
889 1158 925 1214 ut
939 1152 1069 1232 undique
1086 1154 1252 1231 compositis
1270 1155 1340 1230 pui-

242 1252 379 1313 -busdam
394 1253 495 1328 rebeus,
515 1268 590 1330 quus
608 1268 732 1329 corpora
751 1254 951 1327 nominamus,
970 1252 1173 1329 circumsepiri
1187 1266 1218 1309 se
1234 1248 1340 1309 uideat

254 1354 344 1428 atque
358 1352 393 1409 in
411 1349 539 1409 matidies
558 1350 621 1408 suis
641 1351 806 1413 tucinam.
827 1348 923 1427 Atque
943 1365 1044 1409 eorum
1061 1364 1153 1409 unum
1170 1362 1268 1407 seston
1289 1350 1339 1407 in·

256 1448 327 1505 time
350 1444 521 1523 copulatum
542 1448 650 1518 sentit,
677 1449 867 1513 ceterarum
889 1444 1085 1523 sicquidem
1107 1461 1167 1506 non
1179 1446 1339 1522 permixta

254 1541 307 1601 sed
328 1540 446 1601 assidue
463 1540 630 1619 amesdbm
651 1542 803 1601 obuersari
824 1546 914 1621 atque
931 1557 995 1603 eam
1016 1541 1144 1621 corsflare
1166 1540 1339 1601 machinam
1420 1578 1427 1589 ·

254 1637 409 1715 intettipit,
425 1656 501 1716 quae
513 1637 587 1697 dato
599 1641 656 1715 ipsi
673 1644 719 1699 est
733 1643 819 1716 quasi
831 1638 933 1699 domus
946 1655 1036 1717 quam
1054 1638 1170 1699 mmm
1183 1643 1213 1697 et
1226 1641 1259 1699 in
1276 1654 1339 1715 qua

255 1735 432 1795 dominetur.
453 1735 533 1795 Hinc
556 1735 599 1795 ad
617 1738 680 1795 cius
702 1735 908 1813 capescendam
928 1738 1081 1797 scientiam
1102 1738 1168 1795 acri
1191 1734 1339 1798 desiderio

255 1832 467 1893 exstimulatur
485 1838 516 1892 et
534 1833 575 1892 ab
594 1835 734 1893 interiore
753 1832 839 1893 aditu
855 1832 898 1893 ad
912 1832 1122 1912 erumpendum
1138 1833 1233 1894 ueluti
1247 1829 1338 1908 sorus

255 1928 441 1988 cetenenrer
460 1929 606 1988 allicitur.
632 1929 755 2006 Dispice
776 1933 872 2008 ipiiur
893 1928 1040 1991 numanae
1060 1932 1238 2007 capniticnis
1256 1928 1337 1989 obie-

255 2029 345 2101 ctum
365 2042 456 2085 unum
477 2042 517 2085 ca
533 2025 596 2087 atio
616 2044 728 2086 nexum
749 2030 782 2088 in
803 2044 892 2104 eoque
911 2026 1124 2104 quodamnodo
1145 2026 1337 2087 convolutum

254 2126 377 2199 emittit,
402 2140 527 2202 quarm
549 2123 677 2185 uturum
697 2127 731 2183 im
749 2125 880 2185 metecus
901 2128 966 2203 ipso
985 2127 1137 2202 copitante
1158 2127 1249 2185 situm
1270 2128 1335 2199 est,

255 2222 384 2283 atterum
400 2226 435 2283 in
451 2223 538 2283 reden
557 2228 647 2283 extra
665 2227 797 2284 animum
817 2226 996 2302 capituntem
1014 2227 1131 2302 positis.

318 2322 374 2380 His
391 2323 512 2381 tertium
528 2319 653 2396 accedit,
671 2323 735 2381 sine
751 2337 809 2399 quo
826 2321 963 2397 duorum,
980 2339 1055 2400 puae
1072 2321 1215 2395 dicineus,
1241 2323 1335 2380 eden·

257 2421 301 2476 tia
317 2433 425 2477 manca
445 2417 604 2478 admodum
616 2415 771 2496 foretmec
793 2422 888 2480 animi
907 2422 1002 2480 nostri
1021 2419 1217 2496 cupiditatem
1235 2417 1335 2496 eapte·

255 2519 312 2573 ret.
335 2515 414 2574 Nam
432 2513 563 2576 damase
580 2519 720 2576 contum
739 2519 829 2594 utque
846 2517 910 2577 aliu
927 2533 1002 2593 quae
1013 2515 1093 2593 soris
1110 2516 1335 2594 circnasfluunt,

255 2627 291 2671 cu
302 2615 455 2690 perpetuis
470 2612 601 2672 otrsomia
616 2630 677 2674 esse
693 2613 909 2674 mutationibus
926 2619 958 2673 et
972 2613 1118 2675 limitibus
1132 2613 1263 2692 undique
1276 2617 1336 2672 cir·

255 2708 413 2767 cumscsiii
421 2713 575 2786 perspicit.
592 2709 635 2769 Et
646 2715 787 2787 quonium
797 2710 944 2789 quidquid
955 2717 1001 2772 cst
1012 2711 1171 2786 eiusnodi,
1195 2727 1216 2769 a
1232 2727 1263 2770 se
1283 2726 1335 2770 ea·

255 2808 336 2862 sture
358 2820 417 2863 nan
438 2821 522 2880 pesse
540 2805 719 2882 diiudicat,-
740 2806 783 2867 ad
802 2823 967 2885 asprum
988 2807 1149 2886 quamdam
1171 2813 1332 2882 murum,

128 2912 136 2935 ⁶
254 2901 413 2976 corfinium
432 2907 462 2961 et
480 2907 655 2964 mutationis
672 2910 838 2982 expertem,
855 2906 1045 2984 mpimndam
1059 2905 1202 2980 euehitur,
1222 2923 1263 2964 ec
1275 2921 1336 2983 qua

161 3017 165 3024 ·
256 3002 411 3075 utriusque
432 2998 516 3058 itiius
536 3005 652 3076 pencris
671 3019 770 3062 rerum
790 3006 889 3080 oripo,
914 3000 1065 3081 tamquam
1084 3021 1104 3062 a
1124 3017 1232 3077 eausa,
1254 3001 1334 3062 unde

256 3095 412 3170 demerim,
438 3101 600 3173 repetatur.

316 3191 416 3265 Quare
435 3193 555 3270 anatpsi
573 3198 775 3270 munitionum
798 3203 965 3258 nostrarum
989 3201 1146 3272 instituto,
1176 3201 1235 3258 tria
1254 3197 1329 3272 itin,

257 3306 332 3366 quac
349 3288 504 3363 diximus,
528 3290 642 3349 obiectu
661 3300 837 3370 mnerpunt;
855 3311 930 3372 quus
950 3295 990 3356 ab
1008 3294 1141 3355 numana
1155 3297 1334 3371 capitatione

255 3390 390 3464 separari
405 3390 525 3448 minime
540 3397 675 3466 possunt,
695 3397 726 3451 et
744 3391 786 3451 ad
806 3409 930 3469 quorsom
949 3395 1173 3470 uestipatianem
1188 3395 1335 3470 posterior

256 3481 329 3542 daec
347 3484 569 3563 ttetapnusicce
586 3504 667 3563 pars,
688 3495 724 3548 ut
745 3493 816 3548 ante
835 3492 996 3565 innuimus,
1016 3506 1047 3549 se
1066 3493 1221 3549 conuertit.
1236 3489 1334 3563 Quare

255 3582 346 3638 eiiam
362 3597 422 3657 pra
446 3581 553 3642 admeti
575 3587 720 3644 uarietate
747 3591 804 3645 tres
828 3589 890 3646 eius
915 3585 1138 3647 constituendae
1157 3591 1245 3646 erunt
1260 3603 1332 3664 par·

257 3679 470 3752 resecamus
492 3679 611 3739 unade
631 3680 761 3755 mundo,
783 3681 933 3742 atterade
955 3687 1079 3758 amima,
1104 3685 1193 3742 tmtia
1214 3681 1253 3742 dc
1273 3683 1335 3743 Deo

189 3807 194 3818 ·
257 3772 395 3835 disseret.
1266 3819 1271 3828 ·

316 3871 383 3940 Iam
403 3889 478 3950 ape,
497 3877 531 3933 in
546 3873 656 3960 darum
673 3879 811 3953 partium
832 3880 1024 3952 tractatione,
1047 3875 1263 3956 auspicandum
1279 3875 1331 3940 du·

256 3969 349 4028 cimus
375 3987 394 4029 a
417 3970 547 4046 mundo,
574 3974 765 4049 copitationis
786 3977 905 4034 nostrae
928 3977 1047 4052 sequuti
1072 3974 1215 4036 ordinem.
1242 3974 1333 4036 Harsa
