2892 4425
253 403 274 466 t,
679 412 913 457 ratanonronas

252 521 330 581 circo
343 519 544 598 philosophia,
571 526 715 596 utsupra
736 525 915 596 monuimus,
935 537 994 579 non
1014 536 1035 580 a
1053 519 1197 597 sapleutla
1215 518 1268 579 sed
1290 517 1328 577 ab

252 632 352 679 amore
371 620 531 694 sapientiae
551 617 606 677 sibl
629 634 735 677 nornen
754 618 889 677 adscivit.

311 716 359 777 Ad
377 716 465 775 linem
484 732 554 775 vero
571 715 770 791 philosophiae
787 716 866 791 quod
883 721 1006 791 spectat,
1021 714 1069 773 hic
1086 716 1116 772 in
1135 712 1266 771 veritads
1279 725 1328 769 uo·

251 816 317 875 titia
336 830 508 899 morumque
527 813 677 872 honestate
695 815 855 888 reponitur,
872 819 913 887 et,
933 812 1013 887 quod
1029 826 1209 887 consequens
1224 815 1279 883 est,
1298 810 1328 865 in

251 912 381 970 hominis
402 911 549 986 beatitate,
566 926 641 987 quae
662 912 779 969 nonnisi
798 912 827 967 in
846 912 907 969 veri
926 917 955 969 ct
974 909 1044 968 boni
1062 910 1241 985 possessione
1260 921 1327 963 con·

250 1009 339 1068 sistit.
357 1007 442 1067 Unde
459 1010 604 1084 sapienter
618 1007 702 1067 Plato
719 1010 750 1065 iu
767 1008 877 1084 Gorgia
898 1010 1023 1066 msenrit
1039 1006 1151 1067 nullam
1169 1005 1259 1064 aliam
1278 1002 1327 1059 ho

250 1106 324 1164 mini
337 1122 400 1165 csse
415 1120 534 1165 causam
548 1104 792 1182 philosophandi,
806 1108 862 1163 nisi
875 1111 911 1163 ut
923 1104 1025 1163 beatam
1038 1120 1074 1163 ae
1087 1103 1158 1163 ielis
1170 1102 1288 1161 evadat.

311 1211 341 1261 4.
364 1203 441 1262 lllne
465 1210 544 1279 patet
568 1204 640 1279 quid
665 1202 702 1261 de
721 1202 845 1261 utilitate
866 1202 955 1261 huius
978 1200 1148 1277 disciplinae
1171 1203 1325 1262 dicendum

249 1302 299 1359 sit.
321 1300 396 1359 Num
416 1302 441 1359 sl
460 1300 645 1376 philosophia
660 1314 847 1374 supremam,
859 1301 938 1357 lntra
954 1304 1077 1357 naturae
1092 1298 1211 1372 limites,
1235 1302 1327 1358 scien

249 1399 323 1456 dam
341 1400 498 1472 importat,
517 1400 542 1456 si
557 1399 677 1455 scientia
695 1394 804 1454 bunum
823 1395 986 1454 intellectus
1004 1401 1065 1469 est;
1087 1396 1112 1452 si
1131 1396 1202 1454 utiic
1220 1395 1327 1456 dicitur

249 1493 391 1571 quidquid
413 1491 521 1551 bonnm
542 1492 649 1552 alleri:
677 1509 764 1551 nemo
787 1508 847 1551 non
871 1492 950 1551 uidet
968 1491 1182 1567 philosophiam
1206 1495 1325 1554 utilissi-

249 1606 328 1649 mam
349 1604 412 1647 esse
436 1588 633 1649 iudicandam.
1149 1586 1153 1589 ’

312 1689 462 1748 Praeterea
482 1686 571 1746 humo
594 1688 631 1746 ad
656 1687 866 1747 beatitudinem
887 1688 1002 1763 tendit,
1026 1688 1205 1765 honesteque
1225 1693 1326 1750 alren·

246 1788 340 1862 dum3
362 1802 398 1844 ex
427 1800 486 1861 qno
509 1791 605 1844 tamen
630 1788 794 1862 perversis,
816 1802 893 1861 quae
914 1786 1048 1845 sensibus
1070 1789 1218 1864 oriuntur,
1243 1791 1325 1864 cupl-

249 1883 392 1943 ditatibus
414 1881 585 1942 deterretur.
606 1885 702 1957 Quare
723 1890 757 1942 ut
773 1899 864 1960 equos
882 1883 1076 1942 domitoribus
1091 1885 1180 1959 tradi,
1197 1887 1241 1943 sic
1258 1902 1325 1945 eum

249 1980 444 2041 effraenatam
465 1982 556 2039 animi
574 1981 853 2057 perturbationibus,
871 1984 903 2039 in
922 1997 1029 2059 gyrum
1051 1982 1141 2039 veluti
1160 1984 1282 2042 rationis
1297 1991 1327 2043 et

248 2078 398 2137 doctrinae
422 2078 489 2136 duci
515 2084 648 2154 oportet,
673 2084 705 2137 ut
729 2085 880 2154 perspecto
900 2078 958 2137 liae
985 2094 1003 2136 a
1026 2082 1131 2137 natura
1155 2083 1324 2157 proposito,

248 2174 377 2251 quidque
397 2174 452 2232 sibi
470 2174 606 2235 decorum
623 2177 662 2236 slt
678 2175 788 2252 quidve
808 2183 915 2252 turpe,
941 2175 980 2236 ad
1001 2177 1118 2235 virtutis
1140 2192 1274 2238 normam
1294 2194 1327 2238 se

248 2287 376 2348 suasque
393 2273 522 2332 actiones
542 2279 691 2349 temperet.
714 2273 749 2332 ld
767 2281 864 2332 anum
882 2275 914 2332 in
933 2280 1056 2332 naturae
1075 2273 1177 2332 ordine
1194 2274 1258 2334 llcrl
1274 2277 1327 2334 all·

247 2375 293 2429 ter
315 2371 436 2446 nequit,
460 2372 517 2431 nisi
542 2371 674 2431 homines
694 2377 811 2430 exstent
830 2371 1058 2446 praecellentes,
1079 2373 1130 2448 qui
1152 2373 1326 2447 sapientiam

248 2467 346 2543 adepti
360 2509 369 2542 ,
393 2481 478 2527 suam
494 2475 712 2544 oeterorumque
732 2471 824 2528 vitam
839 2479 991 2546 moresque
1009 2469 1192 2528 documentis
1209 2485 1324 2530 accom-

246 2563 341 2626 modis
361 2563 520 2623 informare
540 2567 684 2624 nitantur.

308 2661 384 2732 Quid
407 2677 477 2720 vero
496 2660 605 2737 dicam,
618 2663 641 2720 sl
663 2661 808 2738 homiues,
827 2677 885 2720 non
906 2679 957 2736 per
976 2677 1008 2721 se
1025 2666 1152 2735 tantum,
1165 2660 1216 2720 sed
1238 2668 1328 2738 prout

123 2768 128 2778 ·
247 2758 396 2816 ciuitatem
417 2759 610 2832 constituunt,
629 2760 811 2833 cogitemus?
829 2757 980 2816 Societatls
1000 2757 1150 2832 perlectlo,
1172 2758 1327 2834 civilisque

248 2853 346 2912 cultus
362 2869 398 2910 cn
417 2854 604 2912 scientiarum
619 2856 783 2930 artiumque
799 2854 992 2929 explicatione
1010 2853 1148 2927 resultat,
1164 2852 1267 2929 hisque
1281 2872 1327 2914 re·

247 2951 354 3024 motis,
378 2965 436 3008 non
464 2956 525 3008 tam
548 2950 699 3034 harpinum
721 2953 919 3027 congregatio,
941 2965 1030 3025 quam
1051 2952 1148 3025 potius
1167 2949 1262 3010 lustum
1281 2951 1326 3010 ie-

247 3063 348 3106 rarum
365 3045 550 3108 haberentur.
572 3047 672 3124 Atqui,
686 3053 757 3107 teste
772 3047 879 3122 Tullio,
897 3047 1079 3122 philosophia
1091 3054 1137 3106 est
1155 3045 1326 3107 laudandu-

187 3160 190 3165 ·
247 3161 315 3204 mm
329 3145 441 3202 artium
459 3148 589 3204 omnium
603 3147 795 3222 procreatrix
801 3187 811 3219 ,
832 3147 863 3203 ct
881 3147 967 3220 quusi
980 3160 1091 3220 parcns
1110 3147 1137 3219 ¹,
1153 3144 1328 3220 disciplinae

247 3249 346 3302 antem
365 3247 497 3317 ceterae,
525 3244 741 3318 scientiaeque,
764 3241 809 3301 vel
832 3244 894 3300 eius
916 3247 987 3301 sunt
1003 3246 1100 3317 partes
1126 3241 1173 3299 rel
1195 3241 1233 3300 ah
1258 3243 1327 3317 ipsa

246 3345 398 3414 tamquam
411 3338 498 3398 duali
512 3355 549 3398 cx
565 3338 644 3398 lunia
659 3341 834 3398 scaturiunt.
852 3337 1000 3397 Maximus
1017 3339 1108 3415 igitur
1120 3353 1192 3398 usus
1204 3338 1327 3415 estphi-
1421 3386 1424 3405 .

246 3436 397 3512 losophiac
416 3435 454 3494 ad
470 3436 559 3496 linem
579 3435 842 3513 perfectionemque
858 3437 997 3514 civitatis,
1013 3451 1091 3513 quae
1108 3434 1230 3496 difficile
1243 3435 1328 3498 dimo

247 3541 293 3593 cst
307 3540 485 3609 quantopere
505 3549 541 3593 ex
559 3534 612 3594 iila
628 3533 790 3594 decoretur.
808 3534 995 3595 Potissimum
1015 3533 1047 3594 id
1058 3533 1214 3594 uoenuam
1226 3539 1273 3594 cst
1287 3534 1328 3594 de

246 3637 309 3691 arte
328 3630 379 3690 iila
394 3632 523 3690 maxime
543 3631 662 3706 munli,
683 3633 825 3691 nimirum
846 3633 1032 3709 eloquentia,
1051 3647 1127 3708 quae
1145 3633 1262 3691 nonnisi
1284 3627 1343 3690 ex'

245 3735 362 3806 pectore
381 3728 582 3806 philosophiae
605 3729 702 3808 plenu,
722 3736 874 3808 tamquam
900 3728 1010 3790 tlnmen
1031 3745 1164 3804 aureum,
1185 3714 1346 3802 erumpit(

246 3825 384 3887 Proiecto
411 3829 545 3906 prinmps
571 3829 621 3888 ills
644 3833 794 3890 oraturum
818 3828 932 3889 Tullius
959 3825 1106 3890 lambatur
1127 3841 1160 3888 se
1182 3821 1329 3902 quidquid

308 4044 318 4090 1
332 4039 370 4089 De
382 4041 491 4090 Oratore
501 4039 544 4091 lib.
560 4043 580 4092 i.
