2892 4425
221 360 278 412 126
546 364 785 409 luctamen
806 364 967 410 suscitata

289 475 447 537 litantem
472 472 604 535 innoxos
629 474 679 535 bic
703 476 759 535 rite
782 481 971 551 exerceatur,
991 480 1185 535 consentanca
1210 475 1298 537 debet

218 592 282 637 ease
305 575 337 633 in
365 574 479 633 obiecto
504 575 654 650 proportio
682 580 746 633 torn
768 573 943 650 distantiae,
971 578 1035 633 tum
1064 574 1296 652 magnitudinis,

217 680 280 734 tum
308 678 414 733 motos.
437 670 468 731 Si
494 673 573 731 cuim
593 671 738 731 obiectum
763 672 883 748 propios
907 674 1106 750 remotiusve,
1132 688 1220 747 quarn
1242 687 1297 748 par

217 772 268 847 sit,
288 775 491 846 proponatur,
517 774 569 828 aut
590 770 629 827 sit
647 771 837 845 perexiguum
863 769 907 827 vei
936 772 1116 827 extensionis
1136 771 1294 845 immanis,

217 873 270 928 out
281 866 405 943 denique
419 866 466 924 rei
481 868 578 940 ipsum
597 866 641 924 vei
656 871 804 941 spectator
816 872 897 925 motu
917 868 1062 925 concitato
1081 865 1207 943 feratur,
1221 874 1296 927 tunc

216 966 434 1041 impressiones,
453 979 527 1040 quas
547 965 579 1021 in
598 978 709 1040 organo
730 966 843 1040 gignit,
865 964 912 1021 vei
933 964 1090 1023 viridiores
1110 964 1156 1023 rei
1177 963 1297 1025 debitio

216 1078 275 1141 res,
295 1078 385 1138 quam
398 1076 472 1137 opus
484 1062 534 1137 sit,
555 1060 602 1119 rei
622 1062 709 1119 etiarn
731 1052 828 1120 noiloe
847 1066 951 1137 eront3
968 1062 1014 1121 rai
1034 1061 1159 1137 denique
1179 1078 1238 1120 non
1259 1078 1296 1121 eo

216 1161 318 1221 ordine
337 1166 367 1220 et
390 1162 486 1236 quiete
506 1164 698 1236 peragantur,
721 1173 798 1234 quae
821 1160 881 1219 sint
903 1158 942 1218 od
966 1157 1112 1218 obiectum
1132 1161 1186 1217 rite
1206 1160 1296 1218 ottin-

139 1257 154 1323 .'
216 1259 344 1337 gendum
364 1263 539 1333 opportuna.

275 1355 373 1432 Atque
391 1372 429 1414 ex
448 1354 525 1430 hoc,
550 1353 629 1431 qood
648 1360 797 1430 postremo
815 1352 986 1430 retulimus,
1013 1352 1132 1412 altarim
1151 1351 1296 1411 conditio-

216 1455 263 1513 nis
282 1468 353 1512 osus
373 1453 510 1527 emergit,
530 1453 670 1511 nimirum
690 1458 725 1511 ut
744 1454 874 1511 sensorio
894 1452 1039 1511 obiectum
1061 1451 1227 1511 immediate
1248 1450 1296 1510 rei

216 1552 341 1609 mediate
359 1552 507 1626 iungatur.
524 1550 603 1609 liaeo
624 1566 693 1609 rero
716 1553 885 1610 coniunctio
914 1567 968 1626 pro
992 1553 1133 1610 varietate
1154 1550 1297 1609 sensatio-

216 1665 287 1707 uom
307 1647 424 1706 ditem
443 1654 498 1707 est.
514 1647 590 1707 Nam
611 1650 641 1706 in
662 1654 743 1708 tactu
758 1654 788 1708 et
807 1655 908 1725 gusto,
923 1650 981 1707 nisi
995 1648 1109 1707 obiecta
1128 1648 1297 1724 pertingant

216 1761 345 1822 emano,
364 1745 491 1804 sensatio
516 1760 577 1804 non
596 1748 705 1821 oritur3
727 1751 759 1805 at
787 1748 819 1805 in
845 1747 940 1807 tribus
967 1746 1086 1822 reliquis
1112 1747 1296 1805 contrarium

215 1842 331 1902 accidit.
349 1843 446 1915 Quare
464 1842 511 1902 bis
529 1844 657 1903 medium
676 1843 795 1921 aliquod
814 1846 997 1904 interiectum
1019 1846 1215 1903 necessarium
1236 1849 1294 1919 est,

215 1956 270 2015 ope
288 1942 372 1999 cuius
390 1943 519 1999 sensoria
539 1956 607 2000 cum
627 1940 741 2000 obiecto
761 1940 799 2000 ad
823 1948 1047 2001 consentaneam
1070 1943 1296 2018 impressionem

215 2037 429 2114 suscipiendam
444 2041 670 2098 communicent.
685 2038 750 2098 lam
765 2054 819 2116 nge
840 2040 966 2099 medium
980 2038 1036 2099 hoc
1055 2055 1107 2115 pro
1123 2041 1187 2099 riso
1204 2038 1295 2098 radiis

215 2136 289 2196 iocis
309 2137 485 2214 continetur,
506 2140 557 2214 qui
582 2137 621 2197 ab
644 2136 758 2196 obiecto
778 2135 876 2197 lucido
888 2144 940 2197 eut
958 2136 1124 2197 iiiuminato
1148 2136 1295 2195 racianmr

214 2237 262 2294 vei
283 2235 477 2295 reflectantur.
493 2235 597 2308 Quoad
614 2236 747 2296 anditum
762 2237 887 2311 positum
903 2242 947 2296 est
965 2237 995 2293 in
1008 2233 1223 2294 vibrationibus
1245 2237 1292 2294 od·

215 2335 267 2408 nn,
282 2348 357 2409 quae
370 2349 388 2391 a
401 2336 548 2409 percussis
569 2333 740 2408 corporibus
754 2333 854 2408 aliquo
874 2333 1046 2392 einsticitate
1059 2331 1198 2408 praeditis
1212 2333 1292 2392 exci-

213 2436 322 2490 tentur.
337 2430 470 2507 Denique
481 2431 520 2490 ad
530 2431 670 2491 oiiactom
683 2431 762 2508 quod
777 2433 914 2508 pertinet,
929 2433 960 2490 in
974 2428 1209 2490 exhalationibus
1229 2445 1292 2488 oer-

213 2529 294 2588 nitur
313 2528 386 2587 adeo
410 2529 535 2588 exilibus
555 2537 589 2588 nt
609 2529 669 2588 iere
690 2530 816 2605 amplios
839 2528 1018 2606 ponderosae
1038 2544 1097 2588 non
1117 2530 1188 2588 sint.

273 2635 323 2685 57.
346 2626 473 2703 Verum,
494 2627 573 2702 qood
594 2630 721 2686 manime
744 2626 1025 2688 animadversionem
1045 2628 1153 2686 excitat
1175 2631 1204 2685 et
1223 2623 1291 2684 diii·

212 2727 353 2802 gentiam
373 2725 410 2784 ad
433 2725 525 2800 iegern
545 2725 628 2784 iilam
645 2726 819 2785 sensatioois
842 2727 976 2800 pertinet,
997 2739 1072 2800 quae
1092 2723 1291 2781 communica·

212 2823 322 2881 tionem
348 2824 478 2898 postolat
504 2825 635 2883 sensoria
660 2825 739 2882 inter
763 2829 794 2882 et
817 2822 979 2882 cerebrum.
1002 2823 1187 2898 Compertom
1213 2821 1292 2880 enirn

213 2921 391 2994 experientia
410 2927 455 2978 est
481 2923 676 2981 sensationem
697 2922 812 2995 penitus
839 2919 971 2995 aboleri3
997 2921 1022 2979 ai
1042 2917 1181 2994 nervuli,
1201 2918 1254 2993 qui
1274 2932 1293 2975 o

213 3015 332 3076 cerebro
352 3015 391 3074 ad
409 3018 540 3076 sensoria
557 3018 783 3096 protenduntur,
805 3017 1015 3076 intercidantur
1035 3017 1193 3077 autetiam
1214 3029 1292 3074 corn·

212 3115 376 3189 primantur
398 3115 421 3172 ¹.

273 3289 386 3339 iVisous
401 3287 482 3349 iliud,
503 3287 571 3351 quod
591 3290 742 3352 superiorem
761 3290 850 3356 cepitis
868 3291 989 3340 internam
1005 3287 1111 3350 occupat
1129 3284 1253 3348 regionem
1268 3283 1294 3332 et

211 3379 282 3417 osaea
303 3367 376 3417 hoino
396 3369 503 3418 mritate
522 3369 671 3432 continetur,
690 3371 828 3421 cerebrum
839 3371 938 3420 dicitnr.
952 3368 1068 3419 Eiusdem
1091 3378 1172 3416 masse
1190 3361 1294 3412 materia

210 3445 319 3510 quadam
340 3449 443 3512 poipoaa
458 3452 555 3500 constat
569 3450 678 3501 omentis
697 3453 722 3502 et
738 3451 806 3501 iibria
822 3451 924 3500 mirifice
938 3453 1020 3511 terta,
1035 3448 1128 3508 tribus,
1148 3443 1220 3507 quani
1238 3442 1293 3492 toti·

210 3528 268 3578 dem
286 3528 431 3592 involueris,
448 3531 609 3583 circumtecta
624 3531 785 3594 membranis,
801 3533 850 3595 pta
864 3533 960 3589 moire,
979 3527 1130 3588 oeconoma,
1151 3523 1223 3573 dora
1242 3533 1294 3570 oto

212 3608 261 3655 tre.
286 3609 313 3654 in
333 3607 432 3658 bomine
449 3609 543 3673 maius,
564 3623 639 3674 quarn
657 3612 682 3660 ir
703 3611 792 3661 ceteris
815 3609 997 3671 animanlibus,
1011 3607 1127 3656 volumen
1142 3600 1229 3661 babet,
1244 3611 1294 3648 ma·

211 3685 327 3748 atnepos
345 3691 456 3739 omniurn
471 3690 502 3740 ad
517 3692 695 3742 rotunditatem
713 3691 816 3742 accedit.
835 3694 894 3742 Eius
907 3694 989 3741 antem
1007 3691 1057 3739 iras
1073 3682 1192 3746 distingui
1212 3679 1294 3730 solent

212 3769 306 3827 partes:
330 3771 465 3831 anterior,
485 3784 549 3834 quae
568 3773 648 3822 maior
665 3774 721 3835 est,
740 3773 767 3821 in
785 3771 834 3822 dno
851 3772 919 3821 reiut
941 3765 1121 3831 hemisphaeria
1140 3777 1166 3812 se
1185 3761 1294 3811 scissura

210 3843 318 3905 qrradam
337 3849 455 3913 partiens,
472 3853 502 3901 et·
515 3853 613 3915 proprie
630 3851 759 3901 oorebmm
780 3852 929 3900 nominatur.
952 3850 1094 3906 i’orten'or,
1117 3853 1182 3904 quae
1203 3835 1293 3887 minori

211 3925 379 3988 magnitudine
389 3930 488 3991 gaudet,
505 3935 529 3981 et
544 3931 694 3981 oerebciiom
706 3930 756 3980 dici
770 3930 840 3980 solet.
854 3931 963 3992 Utraque
973 3941 1032 3978 vero
1047 3924 1154 3975 nectitur
1169 3919 1222 3970 basi
1234 3929 1293 3979 quo·

209 4009 279 4072 dam,
297 4012 374 4062 instar
390 4011 533 4062 modoiiaria
550 4011 665 4073 laminae,
677 4010 840 4061 crassitudine
853 4012 961 4073 quatuor
976 4009 1072 4058 circiter
1092 4006 1222 4059 tinearum,
1236 3994 1291 4045 lati·
