2892 4425
193 362 199 371 '
246 350 302 403 128
571 350 812 395 latinitatem
832 350 991 395 8910111.Ιῦ

243 466 335 527 animi
354 463 539 539 appingunt,
558 459 681 521 deterre.
709 460 751 520 at
770 458 875 519 herum
900 462 1000 537 opinio
1025 458 1180 521 rellcleuda
1201 464 1323 523 omnino

242 571 298 625 cst.
319 561 410 623 Nervi
428 561 506 619 enlm
526 561 556 617 ln
577 560 680 635 primia
693 558 776 617 nullo
789 564 876 634 pacto
888 557 1061 634 tenduntur,
1074 558 1322 635 quemadmodum

241 659 281 720 ad
302 658 478 719 adrandm
499 671 616 716 neumae
634 656 727 732 leret,
748 655 800 715 sed
821 654 893 715 adeo
913 655 973 715 laxi
993 662 1075 732 aunt,
1097 663 1131 715 ut
1149 672 1217 717 cum
1237 672 1320 733 pree·

240 757 381 817 etdunmr
410 771 443 815 ee
466 770 526 814 non
552 753 640 813 modo
666 769 725 813 non
753 751 906 813 retrahant
929 752 981 812 sed
1011 752 1185 829 protrahant
1210 756 1320 830 potius

241 854 353 915 Deinde
372 868 466 930 neque
485 854 516 912 in
536 854 674 911 cauernis
694 852 756 911 uuis
775 850 908 927 partibus
927 849 1025 927 amnt,
1052 866 1147 927 neque
1165 854 1196 911 ln
1218 852 1323 913 mediis

242 959 313 1014 aunt
331 952 431 1028 llberi3
456 951 508 1011 sed
528 966 595 1011 eum
622 951 726 1011 ceteris
747 952 877 1025 corporis
897 949 1029 1027 partibus
1049 950 1178 1025 undique
1197 953 1321 1009 commi·

241 1056 361 1111 acentm
372 1050 467 1125 lisque
479 1048 596 1125 penitus
607 1046 837 1107 convolvuntur.
853 1044 987 1122 Denique
1000 1046 1169 1107 eorumdem
1189 1053 1322 1109 extrema

242 1144 389 1206 soliditate
407 1161 468 1205 nen
488 1144 633 1223 gaudent3
646 1143 790 1221 siqnidem
805 1160 842 1203 ex
862 1160 923 1205 una
942 1150 1025 1221 parte
1044 1159 1111 1203 cnm
1132 1145 1222 1221 pulpa
1241 1162 1321 1207 cere·

106 1231 112 1242 “
242 1242 302 1320 lrrl,
322 1260 360 1304 ex
379 1243 439 1303 alla
458 1258 525 1302 eum
545 1242 610 1318 lpua
630 1257 807 1319 orgaporum
829 1242 950 1301 materia
970 1247 1022 1302 aut
1041 1247 1157 1301 textura
1176 1242 1321 1320 cellulari,

241 1359 320 1421 qnae
338 1341 429 1401 librae
449 1340 629 1401 musculuree
648 1340 788 1416 involvit,
808 1339 1039 1401 contunduntur.

302 1439 362 1499 Alit
381 1440 472 1515 igitm
492 1440 701 1515 congruentius
720 1440 892 1499 existimant
914 1437 1064 1497 acerebro
1081 1437 1205 1498 liuidum
1226 1438 1320 1516 quod·

243 1536 324 1612 dam,
339 1536 418 1613 quod
431 1552 571 1596 nerreum
585 1538 751 1613 nominant,
765 1534 909 1595 elaborari
921 1535 959 1595 ad
979 1542 1090 1595 motum
1111 1537 1322 1597 sensationem·

232 1635 299 1713 'que
318 1632 510 1693 exercendam
530 1636 561 1693 ln
581 1635 700 1711 organls
719 1635 931 1711 necessarlum,
948 1634 1027 1711 quod
1049 1632 1171 1709 proinde
1191 1632 1250 1693 huc
1269 1651 1322 1711 per

241 1748 360 1809 navos,
372 1734 495 1792 internis
505 1732 682 1809 quidusdam
690 1735 849 1793 instructos
863 1732 984 1806 tubulis,
995 1732 1212 1793 transvehatur.
1224 1732 1322 1809 Atque

241 1829 313 1889 hinc
325 1829 474 1905 explicant
490 1846 544 1890 eur
563 1831 651 1890 sectis
664 1837 717 1890 ant
728 1831 900 1906 compressis
913 1830 1009 1888 nervis
1022 1835 1074 1889 eut
1086 1829 1146 1889 alia
1158 1831 1263 1905 quavis
1277 1846 1323 1890 ra-

241 1928 321 1987 tiono
340 1926 499 2003 distructis,
521 1928 649 1986 mnaatlu
668 1926 880 2003 praepediatur.
906 1926 965 1985 Alli
986 1925 1058 1984 alias
1080 1924 1257 2003 hypotheses
1283 1924 1322 1985 ab

241 2023 299 2084 lrac
312 2040 415 2101 parum
430 2024 600 2085 abludenteo
613 2024 767 2102 inducunt,
781 2032 815 2085 ut
828 2024 952 2084 aetheris
967 2023 1118 2083 cuiusdam
1132 2022 1255 2099 eiustiei,
1266 2016 1322 2083 ele·

242 2124 299 2185 etri
310 2124 411 2184 bioticl
424 2128 454 2183 et
468 2123 615 2200 aalmalls,
631 2123 761 2199 aliosque
775 2124 889 2199 generis
902 2120 1042 2181 eiusdem.
1054 2119 1111 2181 Sed
1121 2136 1323 2198 quoecumque

242 2228 420 2299 assumatur,
432 2222 507 2282 illud
520 2228 599 2282 certo
610 2227 736 2282 constat:
753 2220 904 2282 cerebrum
917 2219 1061 2281 influaum
1073 2221 1198 2297 aliquem
1212 2222 1243 2279 in
1257 2237 1323 2280 aen-

244 2321 372 2379 aatlonea
384 2335 531 2395 exercere,
541 2322 661 2396 eiusque
672 2319 796 2379 liberum
806 2335 914 2380 nexum
925 2335 991 2379 curn
1004 2321 1141 2379 sensorlis
1150 2318 1187 2378 ad
1196 2320 1322 2378 sentien-

171 2471 174 2476 .
242 2415 314 2477 dum
335 2419 468 2494 exquiri,
490 2418 577 2494 idque
597 2417 636 2477 ad
661 2417 788 2478 debitum
813 2420 916 2496 organi
931 2417 1148 2494 depositionem
1163 2418 1318 2494 pertinere.

766 2611 801 2664 ll.

413 2808 563 2880 Quodam
582 2811 623 2865 stt
639 2807 780 2865 obtectum
799 2823 931 2864 senarium
950 2811 1147 2864 enter-norom.

302 3003 454 3062 obiectum
476 3006 557 3064 uisus
577 3012 621 3066 est
645 3006 714 3085 lux,
736 3013 897 3068 ceterorum
926 3009 1011 3082 plane
1035 3004 1320 3081 praestantlseimum

242 3109 272 3162 et
291 3103 420 3162 maxime
438 3104 570 3162 omnium
590 3112 704 3178 patena.
720 3105 812 3165 Porro
829 3106 917 3165 huius
936 3104 1010 3164 radii
1031 3121 1098 3163 cum
1117 3118 1134 3161 e
1154 3101 1251 3160 medlo
1272 3116 1320 3159 ra·

242 3201 319 3258 riure
338 3201 368 3258 ln
383 3201 505 3276 spissius
524 3199 700 3278 denolnsque
720 3203 771 3262 sed
785 3202 961 3278 pellucidum
983 3203 1192 3278 commigrant,
1211 3197 1248 3256 de
1272 3200 1321 3257 via

240 3294 401 3356 deflectunt
421 3298 636 3373 aliquantulum
657 3315 708 3358 sen
729 3297 936 3376 refractionem
958 3301 1122 3375 patiuntur,
1141 3303 1229 3373 utque
1255 3295 1321 3354 ideo

240 3395 271 3453 ln
295 3395 404 3454 multus
419 3395 572 3455 ¹radiorum
596 3396 750 3456 fasciculos
772 3397 944 3457 dividuntur
966 3397 1099 3456 diversos
1112 3394 1224 3454 colores
1245 3391 1319 3452 obii·

241 3493 362 3566 cientes,
383 3508 509 3568 quorum
529 3509 644 3553 summa
664 3502 810 3570 spectrum
825 3495 920 3554 solare
937 3495 1099 3553 coustituit.
1113 3492 1154 3552 Ar
1169 3506 1237 3549 vero
1251 3505 1320 3548 cum

241 3590 272 3646 in
292 3603 399 3663 corpus
415 3605 539 3664 opacum
560 3593 738 3668 impingunt,
754 3592 867 3668 aequali
889 3607 948 3667 quo
966 3589 1134 3650 ceciderunt
1147 3586 1256 3664 angulo
1274 3603 1320 3646 re·

239 3683 409 3761 dectuutur,
424 3694 514 3764 atque
527 3690 580 3764 lta,
596 3695 629 3748 ut
645 3691 670 3749 si
688 3689 816 3764 perlecta
832 3691 976 3764 opacitate
993 3687 1066 3748 illud
1084 3688 1124 3746 sit
1140 3683 1317 3762 praeditum,

239 3782 367 3842 eiusdem
386 3786 494 3844 eoloris
516 3786 614 3848 radius
628 3787 679 3862 qui
693 3786 839 3846 obiectum
852 3792 1033 3862 percusserat
1047 3784 1085 3844 ud
1099 3783 1216 3842 oculum
1232 3782 1319 3839 iacta·

241 3883 357 3955 tur;ein
379 3889 476 3942 autem
497 3900 592 3958 aecus,
614 3899 682 3959 pars
701 3884 820 3960 quidem
843 3885 927 3960 lucis,
948 3899 1037 3959 quam
1060 3880 1158 3942 radius
1178 3875 1317 3950 habebat,

241 3995 361 4056 corpore
376 3997 433 4040 uon
448 3982 576 4057 undique
590 3998 681 4058 opaco
696 3982 903 4058 absorbeatur,
918 3997 987 4057 pers
1003 3997 1072 4040 veru
1086 3979 1206 4038 resiliat.
1223 3974 1319 4050 Atque
