2892 4425
417 392 496 437 utus
516 390 636 437 tum
657 404 670 419 ·
693 385 910 435 Hiclowstid
1144 384 1198 436 188

186 500 319 561 obiici.
334 501 413 561 Dens
426 502 593 577 impertitut
605 501 747 566 materiae
757 483 961 576 proprietatem
970 512 1045 575 quaa
1059 496 1111 559 iiia
1123 504 1201 561 eante

128 613 184 658 nou
203 597 387 674 continebat3
401 606 435 657 ut
452 614 521 658 cam
539 596 696 658 uouuuiias
713 600 777 663 aius
792 602 889 671 partas
905 602 987 656 motu
1003 594 1113 673 afficit,
1128 596 1201 658 alins

128 694 259 755 iatioaev
272 696 445 772 plantasque
455 695 641 771 eoniormat,
655 696 756 771 daque
769 694 996 771 vegetationem,
1013 695 1122 771 vitam,
1137 695 1200 770 poi·

129 788 324 854 ciavitodinem
342 793 462 870 tribuit3
480 792 554 853 aiios
570 793 689 853 demum
708 808 797 852 sensu
817 794 958 868 motuque
978 798 1066 869 auget
1084 799 1202 869 sponn-

129 904 187 948 nao
205 888 552 968 commessatione,
572 904 650 966 quae
669 888 833 966 elephantis
851 904 899 949 ex.
916 905 959 965 gr.
982 895 1053 949 sunt
1073 892 1200 965 pmpaia.

128 982 162 1044 Si
175 987 264 1061 igitur
277 988 386 1063 gradus
404 1004 482 1048 anus
494 988 617 1049 ulterius
636 986 705 1064 dat,
719 989 827 1063 poterit
846 985 976 1062 protono
995 989 1134 1047 materiam
1154 1002 1201 1047 oo-

129 1083 235 1159 gitatio
254 1087 384 1162 vadoque
399 1092 430 1147 at
446 1085 541 1147 iibens
559 1086 698 1145 voluntas
718 1083 884 1160 superaddi.

191 1180 280 1256 iioep.
301 1182 410 1243 iditum
433 1198 505 1243 saue
528 1188 575 1243 ast
593 1188 707 1261 quanta
729 1180 898 1242 coniusione
920 1188 950 1241 et
972 1181 1099 1241 iaisitate
1124 1182 1202 1241 diiii·

130 1278 227 1339 euna
242 1278 316 1340 haee
328 1288 447 1342 vmtaat.
463 1282 633 1358 inprimis,
647 1283 714 1357 quis
729 1281 876 1341 concessit
891 1282 923 1339 in
940 1280 1204 1356 elephanteipsam

129 1377 284 1435 materiam
305 1392 357 1452 peu
376 1394 410 1438 sa
431 1380 604 1439 mutuatam
627 1384 658 1437 et
677 1384 776 1437 motus
796 1384 972 1454 amatunam
996 1377 1203 1453 producentem

129 1469 271 1533 aiiaoeam
289 1489 310 1533 a
326 1472 388 1535 lieo
406 1476 492 1535 aaa?
510 1475 549 1535 itt
563 1480 663 1535 umen
681 1473 808 1535 incisim
826 1473 949 1535 iidentm
969 1473 1099 1534 affirmat
1112 1472 1145 1535 id
1164 1472 1203 1534 ab

130 1568 269 1630 omuibus
286 1587 341 1647 pao
358 1576 439 1633 cato
456 1571 570 1633 bahem
590 1572 657 1659 Qua
673 1576 704 1631 in
726 1588 757 1632 ve
773 1570 850 1649 duo,
862 1586 938 1649 quaa
955 1564 1083 1640 manime
1100 1570 1205 1632 diatim

131 1668 248 1745 gueuda
266 1675 353 1745 vam,
367 1672 471 1731 miscet
484 1674 601 1747 iuapta3
618 1671 757 1730 munia
774 1668 884 1729 iactum
902 1670 1020 1747 aiiquod
1036 1676 1068 1729 et
1085 1684 1203 1730 causum

129 1781 207 1843 quae
220 1766 294 1827 iliud
309 1757 427 1829 adiciat.
449 1768 525 1829 iiam
541 1784 644 1829 verum
659 1768 776 1845 quidam
788 1775 951 1828 antemnas
968 1767 1052 1828 interi
1069 1768 1205 1844 eiephan-

130 1869 191 1924 teau
207 1869 238 1924 at
254 1871 368 1926 mnas
385 1866 498 1927 iaeiiaas
516 1882 605 1927 oeuvu
625 1872 765 1943 motuque
783 1872 944 1943 spontaneo
962 1865 1089 1944 pavimi3
1105 1866 1205 1926 Gnate

131 1962 225 2021 danis
236 1964 383 2041 exoepus,
395 1966 448 2040 qui
466 1978 518 2025 aas
536 1970 571 2025 ut
586 1963 739 2024 machinas
756 1966 836 2023 omni
855 1978 942 2023 sensa
961 1963 1116 2023 destitutos
1135 1978 1205 2023 coa·

131 2059 255 2135 cipiunt.
284 2060 374 2119 Atat
399 2060 534 2136 Epicurei
558 2060 773 2137 detrahuntur,
797 2075 883 2118 nemo
906 2074 1037 2134 uuquam
1062 2058 1204 2118 eiusmodi

131 2158 310 2217 ammtiouiv
326 2160 536 2236 spontauoiqua
553 2163 651 2219 motus
665 2172 786 2218 musam
803 2172 841 2218 ex
859 2156 923 2217 soie
939 2158 1063 2218 materia
1081 2156 1203 2232 repetiit.

131 2253 243 2314 Omnes
257 2257 337 2314 caim
352 2257 539 2334 mannent,
553 2263 584 2318 et
600 2256 691 2317 aiiata
704 2257 839 2332 superius
855 2257 1041 2315 ratiocinatio
1058 2253 1206 2314 evidenter

131 2351 329 2430 dcvnonstvat,
344 2355 441 2414 inesse
452 2355 484 2413 in
498 2353 593 2415 brutis
606 2355 781 2431 principium
796 2352 914 2430 aiiquod
934 2351 1125 2412 substantiale
1143 2367 1206 2411 om·

132 2451 205 2508 nino
219 2450 361 2526 simplex,
373 2451 454 2527 quod
467 2453 620 2512 materiam
634 2451 776 2511 informat
788 2449 839 2510 sod
857 2465 874 2509 a
890 2450 1012 2508 materia
1025 2447 1207 2507 discrimina·

132 2552 194 2606 aar.
209 2545 274 2605 Hoc
286 2547 571 2625 principium,quod
583 2551 713 2609 animam
729 2547 887 2607 baiiuiunm
903 2545 1061 2623 appeliant,
1073 2545 1205 2622 unitatis,

131 2657 208 2718 quaa
220 2646 399 2720 compidtur
410 2647 442 2704 iu
454 2643 549 2706 banda
562 2653 607 2706 est
619 2646 698 2722 iona,
708 2661 747 2705 ax
758 2659 851 2722 eoque
861 2645 1040 2704 aenmdones
1054 2647 1207 2718 motusque

131 2744 285 2816 spontanei
299 2740 541 2820 proficiscuntur,
554 2743 731 2820 adquorum
752 2741 923 2802 axevoitiom
942 2756 1054 2818 organa
1074 2741 1208 2800 materie·

131 2835 193 2913 iia,
212 2843 354 2915 tanquam
373 2843 570 2901 initiamenta
589 2847 781 2901 concurrunt.
804 2839 850 2900 iix
871 2853 906 2898 oo
927 2840 1018 2916 igitur
1042 2835 1121 2916 qnod
1144 2839 1207 2899 aui·

132 2931 246 2994 mantia
261 2951 351 2997 sensu
367 2943 508 3015 motuque
526 2945 689 3016 spontaneo
706 2941 767 2999 sint
784 2935 931 3016 praedita,
945 2937 1021 2997 nihii
1041 2937 1142 2998 inient
1160 2951 1209 3014 po

132 3037 191 3092 aaut
208 3034 289 3108 quod
311 3039 464 3097 materiam
488 3035 632 3098 divinitus
651 3037 756 3097 odiam
778 3037 907 3113 cogitem
930 3049 1016 3112 possa
1038 3035 1206 3094 convincat.

191 3129 249 3190 Sed
262 3146 301 3192 ue
315 3133 428 3209 raiiqua
441 3134 559 3210 quidem
572 3133 705 3210 exempla
718 3149 794 3210 quae
808 3131 936 3209 protero,
949 3132 980 3190 id
994 3131 1057 3190 uiia
1070 3145 1107 3190 ex
1121 3134 1206 3206 parte

129 3223 345 3288 denominant.
367 3228 444 3290 Nam
461 3229 499 3290 ad
515 3229 764 3308 paichritudiuem
779 3229 886 3290 floram
901 3236 931 3289 et
945 3229 1113 3305 piautavum
1130 3226 1208 3303 quod

131 3323 253 3399 attinet,
267 3340 302 3383 ea
317 3341 376 3385 nou
392 3329 527 3388 mesistit
542 3330 573 3387 io
589 3331 698 3389 virtute
713 3329 814 3405 aiiqua
832 3333 884 3388 aut
900 3326 968 3386 dote
985 3328 1117 3401 idioma,
1133 3339 1208 3399 quae

131 3420 271 3479 maasiae
290 3420 334 3479 iiii
353 3421 393 3481 sit
412 3422 531 3500 addita,
552 3423 604 3483 aad
624 3426 656 3484 iu
676 3424 781 3484 ordine
801 3425 929 3501 quodum
950 3429 981 3482 et
999 3419 1208 3481 distributione

131 3518 260 3590 partiam
279 3524 477 3580 contentam
493 3526 524 3580 et
536 3519 644 3581 coiovis
662 3522 831 3582 vivacitate.
848 3521 917 3580 Vita
932 3535 1002 3580 veno
1014 3523 1044 3578 et
1062 3519 1208 3596 vegetatio

130 3614 301 3674 mmmdam
318 3633 357 3676 ax
376 3618 548 3678 titouitiom
559 3618 680 3679 assidua
699 3617 849 3695 perficitur
869 3619 949 3678 suooi
966 3615 1138 3694 cuiusdam,
1152 3629 1211 3692 qao

131 3712 310 3774 intrinsecus
327 3714 466 3792 aiuutur,
480 3718 588 3793 quique
606 3732 661 3793 opo
676 3719 814 3793 principii
831 3717 947 3792 vitalia,
961 3731 1020 3792 qno
1037 3715 1153 3791 piantaa
1167 3718 1210 3773 vi·
1281 3751 1291 3763 -

130 3815 220 3886 gent,
235 3812 266 3870 in
284 3827 386 3873 aarum
401 3812 597 3874 substantiam
616 3817 752 3874 vertitur.
775 3815 872 3888 Quare
893 3813 943 3873 hic
960 3815 1048 3874 ctiam
1069 3810 1211 3888 quidquid

131 3909 332 3985 simplicitatis
349 3919 380 3972 et
399 3913 524 3972 unitatis
543 3911 722 3973 cousidemvi
742 3918 852 3989 potest,
867 3929 903 3972 es
923 3911 1110 3987 simplicitate
1130 3910 1209 3984 prin·

131 4008 204 4082 cipii
223 4013 382 4088 repetitur,
403 4026 422 4071 a
444 4025 504 4086 quo
526 4007 644 4070 tandem
664 4011 744 4070 actio
767 4007 862 4069 omnis
886 4007 1052 4084 pinatorum
1076 4005 1207 4081 emergit.
1296 4032 1299 4037 -
