2892 4425
552 403 628 448 eros
649 402 768 448 aanor
1143 389 1198 446 tit

131 515 191 590 tia,
212 527 290 590 qnae
314 512 371 573 liei
394 512 543 572 omnnem
568 511 724 590 cxhlhmt,
751 513 830 574 circo
858 527 946 574 suum
968 509 1113 574 obiectum
1140 525 1202 570 nun

128 611 222 687 decipi
242 612 514 687 umerupucuaturi
527 611 606 685 Quid
618 611 705 688 plura
716 614 730 671 i
743 613 812 688 lpse
825 615 967 673 veracitas
987 611 1200 686 conscientiae,

129 713 194 770 eloe
203 709 416 786 intelligentiae
427 711 587 770 veracitate
602 710 762 788 irnpiicitn,
777 717 911 770 oonrtme
923 713 1034 786 nequit.
1045 709 1110 770 Nisi
1123 711 1202 768 cuim

128 818 282 884 tamquam
301 806 455 867 indubium
474 814 603 884 meatur
629 814 714 884 aute,
738 823 798 868 nuu
821 823 906 884 pocae
932 807 1009 868 ldcur
1029 807 1118 868 simul
1138 823 1203 866 esec

130 917 159 968 ct
172 925 234 968 nou
256 923 322 967 erae
337 905 434 982 (quod
453 907 628 982 principium
646 907 855 983 intelligentiae
874 905 1020 966 oblectatur
1032 907 1089 982 est)
1109 907 1201 965 lactu·

129 1013 192 1065 turo
206 1005 280 1064 illud
291 1007 510 1064 inconcussum:
525 1007 634 1081 ccqr'tc,
650 1019 720 1081 erqo
739 1019 815 1078 rum,
830 1004 962 1079 proiecto
979 1003 1105 1064 nutabit.
1121 1003 1202 1080 Ergo

129 1105 180 1179 qul
200 1102 290 1162 aconei
311 1103 532 1190 lonouircrsalis
554 1101 746 1164 dubitationis
769 1101 920 1162 baratrum
944 1119 976 1162 se
994 1105 1134 1178 coniecit,
1148 1107 1202 1162 ont

129 1199 171 1258 iiri
184 1205 326 1276 perpetuo
343 1206 510 1259 moraturus
530 1205 598 1276 ert,
614 1205 666 1260 aut
678 1202 705 1258 el
721 1199 804 1260 illinc
816 1201 927 1260 exitum
941 1204 1041 1276 parat,
1061 1214 1113 1275 oa,
1127 1213 1203 1274 quaa

129 1299 273 1373 negavit,
286 1299 393 1356 iterum
407 1296 544 1357 iatmtur„
557 1303 683 1372 oportet
697 1296 783 1370 Quod
802 1297 919 1374 qnidam
932 1297 1030 1373 palam
1050 1295 1119 1356 iecit
1140 1297 1202 1370 ipse

130 1395 296 1469 umus,
316 1395 368 1470 qui
393 1409 462 1454 cum
489 1393 616 1454 edulrto
639 1395 798 1480 uniremli
819 1397 851 1454 iu
879 1411 977 1455 rerum
998 1387 1202 1456 certitudinem

12 1505 14 1523 τ
130 1492 297 1580 mergendi
317 1494 395 1552 viam
414 1494 630 1570 aggrederetur,
650 1499 697 1553 tot
714 1493 816 1554 voleus
834 1500 864 1554 ct
884 1492 1010 1570 mudena
1030 1497 1111 1552 certa
1130 1503 1200 1552 ceu·

130 1593 245 1666 stituit,
258 1606 334 1667 quae
346 1607 433 1652 suum
449 1592 640 1653 dubitationis
659 1599 789 1669 systema
813 1609 933 1669 prorsus
949 1597 1096 1653 evmtunt.
1109 1591 1201 1668 ligre·

131 1689 179 1764 gie
197 1688 229 1748 ld
248 1689 387 1750 obturat
407 1689 675 1769 lioyerdwiard3
693 1692 745 1767 qui
763 1691 878 1770 auaiyei
895 1691 1056 1752 cortesiani
1069 1705 1201 1767 prognes·

130 1801 181 1844 sus
211 1787 346 1846 irretituta
365 1803 467 1850 omncs
493 1791 649 1866 ueritates,
678 1804 752 1865 quas
783 1789 852 1867 ille,
879 1789 971 1849 ueluti
999 1791 1046 1850 aui
1071 1789 1200 1866 oblitus,

130 1890 282 1961 tarnquarn
295 1884 430 1946 indubios
444 1886 637 1946 ratiocinandi
654 1889 751 1963 gratia
764 1887 810 1947 rel
828 1885 957 1948 oiilrmot
974 1887 1021 1947 rel
1043 1887 1198 1962 subaudit,

12 1972 13 1987 ¹
130 1981 170 2041 uir
189 1983 292 2041 oculor
309 1985 402 2058 pouit.
429 1985 529 2058 Quae,
554 2001 591 2044 uc
608 1987 640 2044 iu
660 1985 781 2063 longum
804 1984 928 2062 abeam,
946 1984 1055 2046 reicrre
1070 1989 1200 2063 omitto;
1323 2075 1330 2088 Ι

130 2084 183 2159 qni
202 2080 298 2157 roto,
316 2082 494 2165 (nllordium
514 2081 637 2144 odeat1.
681 2146 691 2166 ,

190 2179 259 2239 lure
277 2182 368 2258 igitur
393 2181 566 2242 concludere
589 2197 763 2259 pneuma:
789 2197 807 2243 a
832 2181 962 2245 Cartesiu
989 2197 1043 2260 pro
1063 2181 1202 2245 methodo

130 2278 358 2355 nhdoaophandl
376 2279 499 2340 dubium
520 2281 719 2341 introductum
737 2296 801 2341 esse
821 2284 885 2343 siue
898 2280 1055 2357 methodo,
1069 2284 1133 2341 siue
1158 2298 1202 2343 re·

130 2378 227 2454 gula,
254 2383 286 2437 ct
314 2380 378 2437 rinc
400 2378 529 2441 remmio
555 2384 670 2455 praeter
702 2379 813 2440 nudam
838 2377 1109 2439 mourmeoorcm.
1133 2378 1202 2438 lion

130 2476 221 2535 modo
238 2477 330 2553 igitur
346 2477 547 2555 philosophia,
562 2476 615 2538 sed
637 2477 725 2553 piane
748 2484 828 2537 earet
849 2492 936 2537 seusu
959 2478 1117 2559 commum.
1142 2474 1204 2537 liu-

126 2575 209 2635 bium
229 2579 308 2635 euim
327 2576 462 2653 generale
483 2576 665 2653 introducit,
686 2583 717 2637 ct
741 2575 780 2636 od
805 2578 904 2652 ipsum
922 2575 1117 2652 repellendtno
1141 2590 1203 2637 uuu

130 2674 214 2734 oiiud
241 2674 369 2735 medium
397 2674 482 2734 nebia
502 2674 681 2753 suppeditat,
704 2676 763 2735 ulei
786 2677 928 2735 moenem
952 2676 1045 2751 lusam
1065 2690 1140 2751 quae
1163 2674 1203 2734 de

130 2771 269 2831 omuibus
284 2770 417 2849 dubitat,
447 2780 539 2832 semet
560 2775 649 2832 mam
675 2789 734 2833 ucu
759 2773 890 2833 exclusa.
911 2772 949 2832 Et
976 2772 1045 2833 tells
1067 2772 1202 2847 sophista

130 2876 311 2930 restauromr
330 2872 518 2930 scientiarum
537 2870 721 2946 paedimtua
740 2872 806 2931 eati
825 2870 904 2932 Proh
923 2870 1018 2947 pudor
1039 2877 1068 2931 et
1087 2872 1203 2931 munla

130 2971 276 3029 mentium
302 2968 515 3029 humanarumi
894 2987 898 2993 ·

191 3073 243 3125 eo.
265 3068 348 3139 Quae
365 3072 472 3127 centra
490 3067 652 3127 cortesium
670 3065 819 3143 luponio
837 3074 917 3144 suut,
938 3068 1095 3128 ostendunt
1114 3068 1203 3130 etiam

130 3162 340 3240 onemundus
357 3179 421 3225 ease
439 3167 567 3241 numqui
586 3168 792 3225 conscientiam
811 3170 926 3225 mutum
940 3168 1057 3242 proprie
1073 3168 1128 3227 niti
1145 3168 1205 3226 eul-

131 3261 244 3339 dentia,
259 3269 356 3323 cetera
377 3276 449 3323 vcro
464 3263 658 3339 cognoscendi
675 3262 771 3323 medio
790 3280 843 3341 per
859 3267 1064 3325 conscientiam
1082 3264 1204 3325 demon-

131 3362 221 3420 strari
246 3364 416 3436 opinentur.
443 3361 523 3421 llaec
550 3363 695 3422 sentemm
717 3361 846 3422 iolsltete
866 3362 990 3423 loborat.
1016 3364 1205 3424 Conscientia

130 3461 210 3519 enim
228 3466 394 3519 ceterarum
406 3458 580 3519 facultatum
597 3462 783 3521 menatem
804 3461 1017 3537 actionemque,
1035 3462 1205 3537 neutiquam
1290 3516 1295 3528 .

129 3562 229 3617 nucu
256 3558 448 3617 veracitatem
471 3563 606 3619 tactatur.
639 3557 792 3618 Eiusmodi
824 3561 967 3619 veracitas
991 3559 1036 3621 tel
1062 3566 1205 3636 tauquam

130 3670 182 3730 uer
194 3670 228 3715 re
240 3662 312 3715 uuio
324 3654 425 3714 haben
439 3640 536 3732 debet,
544 3656 591 3715 vel
604 3657 631 3715 ai
643 3654 920 3717 demonstrationem
934 3658 1073 3733 erigeret,
1086 3658 1206 3717 aliunde

131 3752 283 3829 probanda
307 3760 395 3813 meet.
419 3753 489 3832 Sic,
513 3754 639 3829 exempli
665 3769 778 3831 caum,
798 3756 974 3825 musciantto
1000 3754 1206 3831 pouloctrmc
1283 3831 1285 3840 Ι

130 3866 209 3911 nunc
230 3850 378 3911 obiectum
398 3851 517 3929 aliquod
532 3850 625 3912 oculis
644 3866 806 3929 usurpare,
824 3868 862 3913 ex
882 3868 942 3929 quo
958 3852 1123 3913 momento
1140 3866 1204 3909 cer-

190 4071 202 4114 t
223 4064 343 4129 cneque
358 4062 392 4116 dc
402 4068 548 4135 Doeccrtcr.
568 4068 735 4129 fracmenta.
752 4070 860 4131 Ouemro
876 4065 945 4117 ueto.
963 4066 1023 4119 tom.
1040 4066 1064 4111 t.
