2892 4425
208 328 246 381 74
535 329 776 376 Ummium!
795 330 957 377 sumitate

205 444 273 504 dem
292 441 330 501 de
351 445 473 501 caterua
490 439 714 517 intelligendum
736 447 792 501 est.
815 440 893 501 llam
912 442 978 519 illa,
1000 456 1076 518 qnae
1095 445 1211 504 iamrua
1231 460 1285 505 vo-

206 548 302 615 catur,
322 545 353 598 et
374 540 405 596 in
422 536 579 598 dilectione
596 544 627 597 et
647 539 755 597 notitia
773 540 928 616 consistit,
951 555 1042 617 qnam
1064 538 1144 601 Deus
1163 544 1226 618 lpse
1248 543 1286 603 de

205 656 238 700 ae
257 637 364 714 hahet3
378 641 497 695 aemrm
516 641 561 695 est
580 651 616 696 ac
630 638 811 714 necassem
826 636 988 697 etarebas
1008 638 1143 699 creandis
1162 642 1285 702 minime

206 735 322 814 pendet.
344 734 409 794 llac
433 734 525 811 igitar
544 733 677 809 melosa,
697 749 758 794 non
788 734 868 795 aliud
888 741 978 795 restat
997 736 1055 795 nlsl
1084 740 1212 797 exterior
1230 738 1284 799 Dei

89 863 93 882 ι
206 833 392 912 glorificatio,
412 848 450 891 ex
463 831 699 892 manifestatione
712 831 922 909 perfectionum
937 835 1000 894 eius
1013 835 1173 913 resultans,
1192 852 1284 911 qnam

205 930 328 1008 pmlade
340 930 418 989 lleua
437 930 469 989 iu
478 931 633 989 creatione
652 935 798 1005 spectasse
818 929 960 991 dicendus
979 938 1034 991 est.
1051 930 1149 1008 Atque
1169 932 1225 992 hoc
1245 933 1285 993 alr

206 1031 271 1105 ipso
283 1027 410 1089 naturali
424 1042 523 1087 mum
538 1026 642 1087 ordine
653 1026 857 1104 persuadetur;
872 1032 925 1104 qul
937 1031 1011 1089 mire
1023 1030 1164 1106 patefecit
1183 1034 1285 1092 omnia

206 1126 245 1187 ad
256 1124 311 1185 Dei
327 1126 450 1202 glorlm
463 1124 598 1200 tendere,
613 1138 681 1183 cum
696 1125 829 1202 ninguine
842 1142 888 1185 res
901 1132 1028 1203 oceane,
1042 1133 1187 1205 quotquot
1199 1135 1282 1204 suut,

205 1226 237 1285 vl
249 1231 375 1285 naturae
392 1224 525 1283 divinam
543 1222 703 1283 bonitatem
719 1229 752 1283 et
767 1226 939 1299 sapientiam
954 1224 1134 1303 praedicent,
1146 1224 1185 1285 nd
1201 1227 1283 1285 elus-

204 1338 263 1398 que
281 1320 477 1381 laudationem
501 1324 672 1379 contuentes
690 1318 863 1397 impellant,
882 1326 914 1381 et
932 1320 1052 1381 divinae
1070 1326 1217 1399 potentiae
1236 1330 1283 1385 ut-

204 1424 272 1495 pote
290 1431 443 1494 supremae
460 1431 567 1476 musae
586 1432 619 1475 se
637 1415 805 1477 sciaenae.

264 1514 357 1574 Porro
376 1512 470 1590 gloria
488 1510 629 1573 definitur
650 1512 732 1574 clara
752 1516 855 1575 notitia
875 1530 943 1575 enm
965 1515 1062 1576 laude.
1078 1515 1207 1578 Uilleus
1227 1520 1283 1595 igi·

203 1618 254 1672 tar
273 1612 477 1687 innotesceret,
496 1615 527 1669 et
547 1626 606 1670 non
625 1610 714 1671 modo
735 1612 967 1689 retorquerem
984 1616 1073 1673 etlam
1098 1612 1238 1691 obsequio
1252 1622 1284 1675 et

203 1707 341 1785 operibus
365 1724 385 1768 a
402 1704 544 1769 creaturis
558 1707 707 1786 omnibns,
729 1716 816 1785 prout
836 1725 969 1787 quaeque
988 1726 1084 1787 capua
1099 1718 1161 1787 est,
1182 1710 1283 1772 lauda·

203 1812 306 1882 retur,
325 1804 400 1867 illud
417 1810 464 1866 est
481 1804 562 1882 qnod
580 1821 687 1883 scopas
706 1806 777 1868 huie
797 1823 895 1869 rernm
915 1810 1100 1937 universitati
1121 1808 1283 1887 praefigen-

75 1997 78 2006 .
203 1903 260 1965 dna
279 1908 311 1963 et
329 1918 434 1963 revera
448 1902 635 1979 praefixus
616 1906 760 1965 montisi.

262 2001 348 2075 Quod
366 2017 436 2061 vero
454 2000 493 2061 ad
510 2002 666 2063 utilitatem
683 2006 800 2079 attinet,
815 2020 891 2081 quae
910 2020 1019 2082 magna
1038 2020 1110 2065 sane
1128 2022 1166 2067 ex
1182 2022 1281 2067 rerum

202 2100 395 2160 universitate
413 2099 581 2178 redundat,
601 2116 666 2161 eam
685 2116 801 2161 omnem
817 2101 896 2161 Deus
910 2104 940 2161 in
960 2108 1109 2163 creaturas
1123 2104 1282 2165 rationales

202 2197 438 2260 emanandum
463 2197 567 2259 voluit.
589 2197 705 2260 Etenim
724 2204 817 2261 totam
839 2198 917 2261 hanc
937 2200 1161 2278 adspectabilem
1181 2219 1282 2263 rernm

201 2297 369 2357 machinam
389 2299 422 2356 in
434 2297 662 2357 emolumentum
673 2297 761 2358 illius
779 2305 903 2359 naturae
922 2315 1095 2378 concurrere
1114 2299 1280 2377 oportebat,

200 2411 278 2472 quae
297 2397 374 2454 inter
393 2401 504 2455 eetems
521 2397 633 2471 optima
653 2395 741 2473 foret,
764 2401 853 2471 atque
871 2396 1026 2457 relationes
1047 2413 1145 2456 recum
1167 2396 1205 2458 ad
1230 2411 1280 2456 ea·

202 2493 337 2554 rnmdem
354 2508 442 2554 neum
462 2492 558 2554 debite
576 2494 744 2555 faciendum
767 2497 987 2570 internoscere,
1009 2501 1039 2554 et
1058 2510 1126 2554 eum
1144 2509 1281 2570 supremo

199 2589 282 2670 flue,
305 2592 445 2651 nimirum
468 2590 571 2652 diviua
600 2592 715 2669 gloria,
739 2598 936 2669 congruenter
965 2591 1102 2666 copulare
1124 2593 1276 2668 potuisset.

200 2687 321 2749 Retlonl
344 2688 456 2748 factum
475 2689 574 2764 ipsum
586 2696 746 2764 eonsonat;
767 2688 912 2765 siquidem
936 2689 1019 2749 nulla
1037 2695 1082 2749 est
1102 2705 1169 2766 res,
1191 2704 1278 2766 quae,

201 2788 228 2846 sl
248 2792 326 2846 reete
343 2784 539 2864 adhibeatur,
557 2785 668 2848 bonum
686 2787 805 2864 aliquod
827 2786 940 2847 homiui
958 2802 1017 2846 nou
1042 2789 1190 2863 importet.
1211 2786 1281 2847 Alia

201 2884 280 2944 enlm
298 2882 338 2942 ad
362 2883 456 2943 utam
478 2884 542 2944 elus
562 2883 698 2944 alendam
719 2884 927 2963 tuendamque,
949 2885 1009 2945 alla
1026 2885 1065 2944 ad
1087 2883 1280 2946 muuudnm

202 2982 347 3058 animum,
360 2979 421 3039 alla
433 2977 474 3039 ad
485 2983 640 3040 maiteoem
653 2982 828 3042 semaudam
843 2982 891 3042 rel
905 2981 1149 3058 recuperandam,
1166 2981 1226 3042 ulie
1241 2979 1281 3041 ad

201 3081 310 3139 insum
330 3075 529 3138 detonsionem
544 3080 754 3158 mersandam,
769 3080 828 3141 alla
848 3080 887 3140 ad
904 3086 996 3141 mmet
1013 3085 1181 3155 ceterosque
1196 3077 1281 3154 perfl-

201 3176 334 3255 cieados,
353 3177 456 3236 omnia
479 3175 519 3236 ad
538 3175 592 3236 liei
616 3178 751 3238 notidam
772 3183 803 3239 et
822 3194 952 3238 amorem
972 3177 1223 3254 comparandum,
1249 3177 1281 3236 ln

202 3291 261 3352 quo
280 3290 398 3337 amoma
416 3272 545 3334 hominis
566 3273 688 3335 beadtm
708 3284 774 3353 est,
795 3279 994 3353 maximopere
1013 3276 1177 3337 conluunt.

262 3381 313 3434 25.
334 3372 413 3433 Hinc
427 3374 502 3434 ratio
521 3372 637 3433 desumi
656 3379 752 3448 potest
770 3373 809 3434 ad
822 3374 1028 3450 explicandam
1041 3389 1151 3450 rerum,
1172 3371 1290 3453 quibus,

201 3471 342 3534 maehina
359 3469 434 3532 liaeo
453 3471 615 3548 coalescit,
635 3474 807 3534 redemtam
827 3478 856 3533 et
876 3472 1019 3532 ordinem.
1042 3473 1119 3532 Nem
1139 3475 1165 3531 si
1186 3471 1279 3547 duis,

200 3585 289 3648 qoem
308 3569 386 3632 Deus
406 3572 438 3632 in
457 3569 592 3632 creandis
607 3570 693 3632 rebus
713 3571 850 3648 intendit,
870 3571 972 3632 dlvlnu
985 3571 1080 3649 gloria
1099 3573 1278 3646 conductor,

200 3684 277 3747 quae
294 3683 333 3730 ex
351 3667 520 3732 divinarum
539 3670 749 3747 putationum
769 3668 1003 3732 manifestatione
1022 3669 1173 3745 exsurgit3
1199 3681 1279 3727 com·

200 3766 317 3845 partum
335 3767 441 3845 cuique
453 3767 499 3846 flt,
521 3768 601 3830 lunae
614 3767 756 3828 mundum
776 3768 948 3845 qnamdam,
968 3773 1003 3828 ut
1022 3769 1064 3828 ita
1077 3766 1186 3841 dicam,
1207 3767 1279 3824 ima·

202 3869 300 3942 gluem
319 3872 350 3928 et
368 3867 561 3930 lnltatlonem
573 3867 626 3928 llei
647 3867 826 3942 praeseferre
847 3866 982 3927 debuisse
995 3873 1029 3925 ut
1042 3881 1079 3926 ex
1100 3867 1192 3940 ipsius
1211 3877 1280 3921 eon·
