2892 4425
395 372 401 377 ’
452 380 529 425 atas
552 382 904 428 rainu-cusuotooti
978 378 990 399 '
1180 373 1213 425 21

198 488 298 565 Atque
317 502 350 547 eu
381 489 412 547 lu
443 504 474 547 re
504 496 537 548 ut
560 492 654 565 magis
674 492 873 565 perspicuitati
902 490 1067 566 consulam,
1091 492 1217 566 primum

139 587 237 645 uarias
258 586 390 661 formas,
420 602 494 662 quas
525 586 749 662 pirantbelsmus
776 572 935 663 suscepit,
949 590 1088 669 innuant,
1115 587 1220 649 deinde

139 700 200 743 una
214 700 317 743 omnes
337 687 486 744 communi
511 685 687 745 refutatione
706 686 877 762 aggrediar3
900 668 961 746 tu⁸m
981 666 1153 763 singillatim
1172 686 1220 745 ab

139 782 229 841 sarda
249 784 416 858 praecipua,
439 786 567 859 quaein
589 800 706 860 quaque
730 787 842 859 vigent,
863 784 1012 861 indicabo,
1037 792 1067 843 et
1092 782 1219 845 difficul-

139 878 262 953 tatibus,
283 894 358 954 quae
379 878 479 939 afferri
499 888 629 957 possent,
653 880 844 940 satisfaciam.

454 1084 566 1138 Variae
579 1081 762 1154 puutlrea'smi
773 1078 903 1153 farmus.

202 1278 232 1328 s.
255 1267 452 1329 Orientalibus
468 1272 555 1329 sectis
572 1272 700 1346 omissis,
720 1286 845 1346 quarum
865 1270 971 1347 placita
993 1274 1018 1332 sl
1037 1271 1075 1331 ad
1094 1271 1220 1331 litteram

138 1366 281 1441 explicari
296 1367 402 1442 velint,
421 1368 637 1443 pantbelsmnm
657 1370 765 1443 passim
783 1366 933 1444 redolent;
952 1374 1082 1445 systema
1098 1368 1154 1427 boc
1171 1384 1221 1427 an·
1278 1408 1282 1415 -

139 1466 263 1540 tiqultus
285 1466 426 1524 traditam
449 1471 493 1525 est
515 1481 533 1525 a
556 1466 735 1541 Xenophane
756 1469 778 1542 ¹,
802 1468 852 1542 qul
882 1464 1055 1541 principium
1081 1465 1153 1525 lllud
1183 1482 1222 1524 ex

140 1558 239 1620 nihilo
259 1560 340 1620 aliti
356 1562 400 1637 Jit
417 1568 525 1622 tamma
548 1566 774 1639 interpretatus,
798 1580 914 1623 omnem
937 1549 1116 1623 substantiae
1141 1580 1221 1623 crea-

140 1662 251 1718 tionem
271 1676 288 1719 e
308 1660 403 1723 medio
425 1662 564 1738 sustulit3
584 1678 637 1721 nec
658 1664 714 1720 nisi
735 1678 836 1739 unam,
854 1662 1041 1738 eamdemque
1064 1662 1220 1737 infinitam,

139 1761 314 1832 aeternam,
342 1764 372 1816 et
403 1758 615 1818 immutabilem
640 1765 757 1817 exstare
785 1766 944 1836 naturam,
973 1775 1098 1835 quacum
1127 1766 1223 1819 cetera

140 1856 243 1912 omnia
263 1866 354 1914 onum
374 1844 508 1932 idemque
529 1856 643 1930 forent,
666 1858 811 1933 opinionis
831 1873 929 1916 errore
948 1862 1072 1932 putavit.

149 1985 154 1993 -
205 1950 312 2012 Deinde
335 1952 425 2013 Stoici
445 1956 575 2013 insaniae
592 1954 685 2013 eidem
704 1961 899 2015 accesserunt.
915 1954 1007 2014 Deum
1022 1959 1099 2015 enlm
1122 1954 1240 2024 mundi¹

178 2039 272 2115 Um
292 2068 353 2111 esso
372 2054 427 2111 rati
445 2060 530 2128 sunt,
547 2068 612 2129 seu,
627 2052 768 2111 mnndum
788 2055 882 2127 ipsum
898 2052 988 2111 Deum
1004 2068 1065 2110 esse
1080 2052 1221 2128 dicentes,

157 2194 173 2220 ,
206 2141 277 2209 «ξω
293 2150 322 2207 in
335 2148 480 2226 duplicem
494 2149 688 2209 substantiam
701 2150 922 2212 distribuerunt:
941 2149 1120 2226 spiritualem
1132 2165 1221 2208 unam

184 2276 193 2297 ι
263 2263 359 2326 mam,
378 2265 452 2324 quac
474 2249 579 2308 molem
601 2249 678 2308 banc
694 2249 867 2324 pervaderet
888 2255 1025 2324 motuque
1042 2249 1147 2323 cieret,
1163 2263 1224 2306 cor-

293 2329 402 2406 literam
416 2353 445 2407 et
461 2355 629 2424 extensam,
647 2365 723 2424 quae
740 2348 818 2407 velut
834 2363 902 2423 pars
920 2348 1046 2405 exterior
1068 2344 1160 2404 Deum
1177 2361 1224 2404 ve·

263 2446 426 2520 orinsecm,
448 2462 483 2506 ae
504 2447 638 2505 sensibus
657 2453 687 2504 et
708 2446 917 2504 mutationibus
938 2443 1073 2504 subderet
1086 2446 1110 2500 ².

226 2543 362 2600 mentius
375 2541 489 2603 Barucb
507 2543 643 2619 Spinoza,
662 2547 707 2602 vir
724 2548 792 2618 post
810 2545 946 2602 reiectum
964 2541 1142 2600 Iudaismum
1161 2539 1224 2598 nul-

181 2635 207 2693 ‘a
229 2637 376 2712 professus
398 2640 566 2717 religionem
585 2643 611 2716 ³,
634 2641 851 2716 pantheismum
875 2637 1046 2714 iampridem
1071 2637 1223 2711 explosum

146 2736 297 2793 restituere
315 2751 349 2794 ae
371 2753 423 2812 pro
442 2739 555 2797 viribus
575 2738 732 2797 obfirmare
757 2744 878 2797 conatus
900 2744 955 2796 est.
979 2727 1060 2811 Opus
1080 2737 1158 2794 enlm
1179 2735 1224 2792 la·

35 2852 49 2865 ·
146 2829 296 2890 cubrarlt:
322 2833 460 2893 Elbieum
484 2839 661 2913 peometrieo
683 2836 787 2896 ordine
813 2833 1064 2918 dardanensium,
1088 2833 1224 2892 artificio·

146 2945 210 2986 sum
229 2930 345 3004 quidem
365 2931 402 2989 ad
423 2932 626 3008 illudendum,
653 2934 704 2992 sed
728 2951 758 2992 re
779 2937 991 3009 ineptissimum
1015 2949 1049 2992 ac
1069 2933 1224 3008 pugnanti·

146 3025 201 3084 bus
219 3028 295 3087 inter
314 3045 347 3087 sa
369 3029 438 3088 ideis
455 3031 543 3105 plane
561 3032 710 3090 refertum.
730 3032 764 3089 ln
779 3049 813 3090 eo
834 3034 974 3091 unitatem
997 3031 1175 3090 substantiae
1190 3047 1224 3088 ex

145 3124 273 3182 eiusdem
301 3126 438 3202 ambigua
467 3129 635 3188 delinitione
658 3129 792 3187 derivare
821 3129 952 3203 studuit3
978 3131 1091 3204 ipsique
1119 3127 1226 3202 duplex

146 3223 280 3295 appinxit
303 3222 497 3300 attributum,
522 3225 665 3284 infinitam
693 3227 830 3285 nimirum
853 3228 1057 3304 cogitationem
1081 3231 1110 3284 et
1129 3225 1226 3283 indnl-

147 3323 206 3375 tum
230 3320 338 3392 pariter
361 3323 578 3399 extensionem3
602 3329 690 3400 atque
712 3341 748 3382 ex
772 3323 876 3382 harum
897 3322 1175 3398 modificationibus,
1197 3323 1226 3380 ln

205 3538 287 3588 rvid.
306 3543 376 3592 vuer.
397 3543 497 3592 conara.
516 3545 603 3594 Noae.
617 3542 721 3607 sroqm.
744 3546 894 3609 xenophane
912 3547 937 3596 et
951 3546 1033 3596 zenon
1053 3544 1148 3595 d'ltlee.

202 3619 287 3669 alid.
307 3623 442 3673 conwoar.
464 3627 531 3687 Syri.
551 3625 638 3676 intell.
656 3641 679 3678 e.
697 3634 721 3689 9,
741 3627 764 3690 §.
781 3633 819 3677 ts.

202 3703 241 3746 a«
255 3699 324 3750 Exiit
338 3715 397 3764 ergo
410 3715 440 3752 ex
459 3697 635 3754 communione
652 3709 738 3756 coetus
756 3706 857 3769 taddei,
878 3719 959 3771 neque
977 3709 1060 3756 tamen
1073 3706 1124 3756 'ulli
1142 3718 1168 3756 aa
1188 3719 1228 3755 nn·

144 3795 157 3818 a
169 3789 246 3839 qnam
261 3781 453 3832 christianorum
468 3787 549 3834 sectae
563 3784 670 3848 addixit,
687 3800 733 3836 neo
747 3788 811 3837 sacri
826 3788 957 3837 lavaminis
974 3785 1041 3836 noda
1056 3799 1169 3849 aspersus
1182 3787 1227 3844 est,

145 3875 158 3900 α
169 3858 208 3907 rel
225 3859 375 3909 christianae
391 3861 518 3912 doetrinae
533 3863 711 3926 professionem
727 3867 803 3915 ullam
819 3867 906 3930 edidit,
928 3867 986 3916 licei
1004 3867 1068 3916 luter
1081 3866 1228 3915 cbmslianos

145 3955 159 3979 ε
169 3937 202 3986 ad
220 3939 287 3990 ritae
304 3940 378 3990 finem
395 3941 498 4005 viveret,
516 3946 541 3992 et
558 3944 732 3996 eruditissimis
751 3947 811 3996 siris
827 3947 936 3996 amicitia
956 3947 1124 3996 innotesceret.
1140 3965 1152 3986 υ
1167 3947 1225 3993 Bau·

142 4027 206 4066 ersa
220 4019 289 4069 filet.
306 4023 366 4070 crit.
378 4021 475 4084 philos.
488 4024 535 4073 etc.
548 4025 566 4072 f.
581 4027 605 4084 i,
617 4027 679 4087 part.
694 4033 717 4086 t,
730 4039 781 4088 per.
795 4035 817 4086 t,
832 4041 856 4089 p.
872 4035 896 4088 2,
912 4026 928 4074 l.
943 4035 966 4087 t,
980 4039 1002 4074 c.
1017 4033 1040 4082 t,
1052 4025 1074 4086 §.
1089 4033 1111 4072 a.
