2892 4425
454 386 533 442 em
554 386 657 440 Pllffl
677 408 690 424 ·
710 390 910 441 ceuleimen
1187 388 1224 443 69

146 498 275 569 mundum
293 505 414 580 extitit3
435 503 480 563 eie
499 504 623 581 peritam
644 505 670 564 ai
689 500 768 563 liene
788 504 874 565 aliter
894 504 1067 579 maluisset,
1097 504 1225 567 mundns

146 620 299 683 nunqnam
319 602 474 665 moneret.

205 704 244 763 lit
269 717 341 762 eune
367 700 494 776 idipsum
522 697 755 759 animadvertere
786 696 922 759 videntur
950 699 1130 777 adversarii,
1158 714 1226 761 eum
1306 718 1308 728 ’

146 802 247 860 ninnt:
269 799 364 858 Deum
376 798 402 857 el
415 811 504 857 onnon
524 801 581 871 eat,
602 810 702 855 oreore
720 808 823 870 posae3
844 796 890 854 ain
910 809 1000 856 eausa
1013 796 1148 857 obsolute
1167 802 1224 873 eet,
1284 848 1290 859 .

145 913 179 957 ae
197 911 216 956 a
235 874 362 956 or‘enndo
377 892 522 954 aaronem
539 908 599 953 noo
617 906 713 968 poaae.
729 890 842 965 Quibus
861 891 1005 953 verbisne
1025 896 1227 955 nenessitatem

142 994 303 1052 ereetlonlu
322 1006 381 1049 non
402 1006 439 1049 ex
456 990 570 1049 ratione
589 1003 706 1063 musae,
728 988 780 1048 sed
799 1006 836 1048 ex
852 992 964 1050 ratione
983 1006 1088 1051 eauaee
1109 991 1225 1051 abaolu·

146 1097 196 1150 tae
213 1080 347 1148 derivare
366 1087 544 1164 algniileent.
566 1086 677 1146 Verum
696 1085 768 1148 dom
789 1086 862 1147 laaee
883 1088 1002 1164 dieunt,
1030 1088 1147 1148 sibimet
1165 1104 1226 1148 non

147 1192 218 1245 aunt
233 1190 401 1245 mnatontee
420 1183 471 1243 eed
486 1183 631 1260 quadrua
650 1182 784 1243 rotundis
798 1186 999 1245 oommlaeent.
1021 1186 1096 1245 llam
1111 1192 1226 1245 tanmm

148 1282 231 1343 abeat
249 1288 284 1343 ut
307 1294 398 1342 eante
416 1281 553 1341 maoluia
572 1282 738 1340 neeessario
757 1280 896 1341 ellectum
915 1281 1044 1359 condat,
1070 1288 1104 1343 nt
1122 1283 1228 1343 exinde

148 1362 327 1439 eontramum
342 1380 439 1455 potina
452 1385 659 1454 eoneeqnatur.
672 1377 757 1451 Quod
771 1380 849 1439 enim
860 1382 980 1439 omnino
991 1380 1157 1444 amoturum
1171 1387 1227 1456 eet,

147 1477 179 1537 ld
197 1482 233 1537 at
250 1476 363 1536 nnllam
382 1476 617 1553 dependentium,
632 1476 682 1537 ale
701 1478 790 1537 etiam
810 1478 924 1538 nnllam
937 1480 1132 1538 neeessariam
1153 1478 1227 1538 rela-

146 1578 257 1635 tionem
277 1574 315 1633 ad
327 1590 390 1635 rem
403 1572 460 1633 albi
472 1578 624 1634 externam
644 1574 752 1637 habero
771 1576 874 1653 debet3
894 1591 978 1638 mooe
997 1576 1163 1638 ahsolutum
1183 1592 1227 1636 re·

149 1688 220 1732 vere
238 1688 298 1735 non
317 1678 410 1747 emet,
429 1677 584 1748 propterea
595 1672 674 1749 qnod
687 1672 883 1734 eonditlonam
905 1689 924 1734 a
943 1690 976 1735 ee
995 1673 1163 1735 demetam
1184 1674 1228 1733 in·

147 1769 290 1830 eluderet.
311 1769 343 1829 Si
363 1769 453 1846 igitur
466 1768 545 1829 liena
564 1770 635 1847 qula
647 1785 739 1830 ennea
754 1776 810 1847 eat,
831 1778 860 1831 et
880 1771 996 1847 quidem
1011 1773 1225 1847 potentioaima,

147 1882 247 1927 oreore
265 1873 380 1944 potaet3
401 1864 531 1943 proleeto
549 1869 621 1943 poia
639 1882 730 1927 oanan
750 1868 885 1929 nbaolutn
903 1876 969 1946 eat,
989 1868 1136 1928 obstinere
1157 1884 1189 1929 ee
1209 1882 1228 1927 a

148 1963 275 2024 ornando
297 1969 402 2040 puteat.
424 1963 474 2023 sio
491 1965 570 2022 enim
594 1961 683 2023 habet
701 1964 820 2023 emendi
840 1966 1002 2040 uirtutem,
1024 1971 1058 2024 ut
1081 1964 1164 2025 nulla
1189 1963 1228 2023 ad
1349 2022 1354 2029 .

148 2060 368 2139 prodnoendum
386 2060 525 2121 ellectum
545 2058 679 2120 ohaoluta
694 2062 868 2121 neoaealtate
888 2059 1034 2137 adigatur.

209 2158 340 2238 Urgent:
366 2158 447 2220 lieno
465 2164 569 2234 tuapte
588 2163 695 2219 natura
714 2164 852 2220 actuosus
872 2163 934 2236 θοις
958 2172 1028 2235 ergo
1054 2174 1072 2218 o
1099 2157 1227 2219 amando

146 2266 311 2335 temperare
329 2261 441 2334 nequit.

209 2357 302 2432 lierp.
319 2355 409 2416 coac.
423 2359 490 2415 ont.
505 2369 581 2432 nepa
593 2367 708 2432 eoaaeq.
725 2353 801 2416 Nam
814 2353 892 2436 Deus
905 2351 1022 2432 quidem
1035 2357 1171 2414 minorue
1184 2359 1230 2414 eat

87 2513 91 2523 ,
149 2455 182 2512 vi
202 2457 338 2527 naturne,
351 2467 421 2511 eum
436 2451 493 2510 luoo
510 2452 549 2510 ad
561 2453 722 2512 realitatem
740 2455 893 2528 pertineat.
910 2452 966 2513 Sed
985 2459 1123 2511 eomoauo
1134 2457 1178 2512 eat
1194 2465 1230 2512 aa

150 2551 266 2610 ratione
284 2563 377 2624 eoque
398 2549 504 2626 modo,
527 2551 579 2624 qui
595 2551 635 2609 nit
651 2548 803 2608 absolutae
824 2565 896 2608 aune
915 2548 1085 2626 perfectioni
1104 2561 1229 2608 eonsen-

149 2653 267 2706 mnene.
284 2645 380 2719 Quam
397 2645 505 2721 duplex
525 2647 603 2705 aetio
621 2647 652 2705 lu
670 2645 733 2706 lieo
751 2645 892 2722 distingui
913 2645 1011 2706 debet:
1028 2648 1143 2704 interna
1157 2659 1229 2719 une,
1282 2667 1284 2675 v

149 2743 245 2804 nitere
266 2750 397 2804 externa.
424 2743 480 2804 llio
504 2745 536 2802 ln
559 2745 726 2820 oognitlone
749 2745 898 2819 reponitur
922 2748 953 2803 et
975 2742 1148 2816 dilectione,
1171 2751 1232 2817 qna

151 2841 230 2902 Dono
249 2843 330 2902 eirea
343 2857 376 2902 ae
392 2845 490 2922 lpeum
510 2843 673 2901 ueooeaarlo
686 2847 838 2916 vernetum
858 2846 945 2917 etque
959 2839 1032 2898 haee
1047 2838 1175 2915 operatio
1193 2823 1232 2896 m

151 2954 188 2998 eo
206 2941 337 3014 aeparari
356 2954 416 2998 nou
439 2943 546 3014 potent.
568 2938 636 3003 Alia
657 2940 715 2998 alta
735 2943 780 2998 eet
804 2941 834 2998 lu
855 2937 1045 3015 productione
1067 2949 1163 2996 rernm
1187 2949 1232 2994 ee·

150 3043 299 3113 ternmm3
324 3051 419 3114 quae,
440 3038 511 3113 qula
527 3039 730 3114 oontlngenteo
751 3043 841 3112 suut,
868 3051 936 3095 oum
953 3035 1055 3094 divina
1078 3032 1232 3106 bonitate,

151 3138 186 3192 nt
206 3149 296 3209 euprn
316 3133 400 3211 dial,
420 3136 584 3194 neemenrlo
605 3149 665 3207 non
686 3140 909 3193 eonneotuntor.
932 3131 1020 3192 Unde
1034 3131 1175 3206 emergit,
1197 3133 1232 3188 nt

152 3229 191 3290 nd
206 3233 399 3306 posteriorem
412 3230 490 3291 hone
506 3231 706 3306 opemtionem
724 3229 803 3306 qnod
824 3235 955 3306 spectat,
975 3229 1052 3288 Daue
1070 3226 1233 3286 neomsorio

152 3325 368 3404 monuerit,
395 3343 456 3387 non
476 3327 533 3386 hoo
551 3327 669 3403 qomom
692 3341 795 3403 sensu,
821 3333 966 3402 quatenus
985 3330 1054 3386 autu
1076 3325 1107 3382 iu
1134 3337 1234 3382 rernm

151 3422 372 3499 productionem
394 3426 560 3485 necessario
580 3425 724 3500 prosiliat,
745 3420 797 3483 sod
815 3430 961 3499 quatenus
980 3423 1143 3482 neoeeeamo
1159 3420 1234 3480 'aotl-

152 3521 274 3580 vitatem
291 3521 381 3581 habet
402 3537 439 3580 ao
456 3523 520 3580 vim
540 3520 658 3580 easdem
676 3518 878 3596 produoendl,
894 3519 951 3579 sub
971 3518 1027 3578 hae
1046 3523 1145 3577 tamen
1162 3531 1233 3576 eou-

151 3616 320 3693 ditionem
341 3619 422 3678 velit.
448 3618 536 3678 Ratio
553 3623 651 3678 nomm
673 3632 727 3677 eor
744 3615 822 3676 Deus
847 3615 886 3676 ab
904 3617 1018 3674 eotlone
1037 3614 1155 3691 quidem
1180 3629 1231 3673 ex·

151 3719 237 3774 wne
251 3721 414 3791 temperare
432 3721 532 3792 quent,
553 3729 616 3774 non
632 3716 704 3774 item
721 3713 760 3776 alr
775 3717 889 3774 actione
903 3713 1030 3788 iuterna,
1053 3713 1082 3769 ln
1096 3715 1233 3786 promptu

152 3817 208 3872 eet.
234 3811 312 3871 liam
336 3815 415 3872 aetio
440 3816 556 3872 iuterna
580 3811 785 3888 perlectionem
809 3813 839 3870 ln
865 3812 928 3886 ipso
948 3812 1031 3886 pouit
1055 3814 1181 3884 agente3
1203 3814 1234 3865 at

154 3910 231 3968 notio
255 3901 379 3971 externa
402 3926 462 3970 non
486 3913 603 3986 proprie
627 3915 761 3986 agentem
788 3907 920 4006 perlicit,
950 3907 999 3967 aed
1025 3903 1162 3964 ellectum
1182 3905 1234 3979 qul

155 4005 335 4078 producitur.
350 4007 436 4108 Quod
453 4010 487 4067 ln
503 4009 576 4083 lpaia
595 4009 684 4068 mum
700 4008 807 4068 orantia
827 4006 924 4064 canois
945 4002 1045 4078 aliquo
1066 4001 1153 4059 modo
1166 4015 1233 4058 oon·
