2892 4425
434 356 513 400 rsus
536 355 654 400 tarsun
676 369 689 384 ·
710 353 942 423 renououours,
1102 404 1105 410 ,
1165 349 1225 406 tet

142 465 340 526 mmmittum.
365 461 531 526 litterum
552 464 658 540 tamar,
678 464 823 526 eiusmodi
847 464 982 527 homiues
1008 465 1223 544 philosophiam

141 563 293 624 nouenos
315 563 530 640 neglexissent,
549 579 589 623 ne
612 564 705 623 tantis
729 561 866 640 perieulis
891 569 1085 641 exponerent3
1110 564 1162 626 sed
1187 563 1225 626 ad

143 661 274 722 (liuberti
293 663 354 720 lem
373 661 548 723 redeamus.

202 759 243 817 11.
265 758 432 818 seeundum
449 765 669 835 argumentum,
687 771 748 834 quo
766 757 882 833 nititur,
904 769 959 816 nos
977 758 1097 818 minime
1114 761 1225 820 morari

144 856 239 917 dehet.
261 856 305 916 ltu
322 855 411 916 dimin
432 857 511 915 euim
532 859 668 932 superine
689 861 826 931 eonem,
850 869 897 914 ree
918 856 1035 930 propria
1057 855 1226 932 intelligihi-

144 955 226 1014 litate
245 955 344 1014 orbari
365 971 425 1015 nou
444 971 550 1032 posse,
572 958 644 1030 quio
663 955 752 1013 simul
776 957 893 1029 propria
918 953 1056 1012 orbentur
1079 954 1221 1014 malitate.

143 1054 327 1128 Quapropter
343 1069 411 1113 enm
425 1069 525 1128 reapse
542 1055 572 1111 ln
589 1067 622 1112 ee
638 1054 709 1127 siut,
722 1053 753 1110 ln
768 1065 800 1111 ae
818 1067 919 1128 reapse
939 1049 1063 1127 intelligi
1084 1055 1224 1126 possunt3

144 1165 323 1226 quamquam
339 1153 410 1226 quin
433 1157 537 1210 sunto
556 1151 628 1226 ileo,
651 1151 770 1210 neaniai
792 1148 848 1210 hee
869 1149 1010 1208 relatione
1033 1147 1157 1208 alieetae
1173 1161 1224 1208 on·

145 1251 248 1324 gnosei
265 1248 402 1324 deuoeps
421 1246 547 1324 dehent,
564 1265 633 1308 oum
651 1247 691 1307 ad
713 1254 879 1324 respectos,
900 1261 975 1322 quos
994 1245 1167 1322 includunt,
1193 1251 1227 1304 et

146 1346 185 1405 ed
205 1361 306 1406 earum
322 1348 472 1423 originem
491 1347 733 1406 ennaidemudam
754 1345 790 1404 ht
809 1345 930 1422 gedue.
1024 1329 1032 1338 ⁶

205 1443 263 1503 lii.
281 1444 412 1504 Tertium
429 1450 635 1520 argumentum
653 1444 763 1503 nulllus
777 1442 867 1502 ierme
886 1445 1026 1503 momenti
1045 1448 1101 1502 eet.
1120 1441 1152 1502 ln
1167 1443 1228 1518 pri·

147 1541 204 1599 mie
222 1543 312 1614 euim,
332 1543 358 1600 sl
376 1541 460 1622 ideae
480 1542 620 1602 darentur
642 1544 781 1618 lunatae,
805 1557 880 1617 opus
899 1554 958 1600 nou
980 1547 1059 1602 esset
1079 1539 1230 1600 obieetum-

147 1641 275 1713 primum
289 1641 466 1717 engnltiouis
481 1655 513 1698 re
531 1638 631 1715 aliqua
648 1639 792 1716 singulari
805 1644 835 1697 et
854 1643 990 1698 oounreta
1007 1637 1160 1697 enndneri.
1176 1635 1227 1696 Nl·

147 1736 189 1794 hil
202 1739 281 1795 euim
298 1743 379 1796 vetat
395 1739 427 1795 iu
446 1751 481 1796 ea
502 1737 658 1814 hypothesi
675 1736 834 1814 quominus
850 1739 947 1812 prima
963 1738 1068 1796 meutie
1088 1735 1153 1796 idea
1172 1734 1227 1794 eli·

147 1834 219 1909 quid
235 1835 399 1894 umoersele
415 1842 445 1895 et
463 1834 643 1896 maminotum
662 1839 870 1910 repraesentet,
884 1851 933 1894 ex.
947 1849 993 1912 gr.
1009 1834 1172 1909 realltntam
1194 1835 1225 1891 in
1259 1871 1262 1880 ·

147 1932 369 2006 gereret-Quod
393 1935 418 1994 sl
438 1932 667 2009 inueteratae,
687 1938 722 1993 ut
739 1947 793 2008 par
814 1939 871 2009 eet,
887 1934 1074 2007 reiieluutur3
1093 1938 1164 1991 tuno
1181 1929 1227 1988 ia·

147 2030 268 2090 undum
286 2030 405 2106 quidem
420 2038 465 2090 eet
480 2033 605 2107 primam
623 2031 819 2107 eognldooem
838 2033 871 2090 ln
887 2036 1023 2090 nonoretn
1042 2031 1142 2105 aliquo
1161 2045 1227 2089 ver·

149 2131 207 2188 aeti
220 2129 355 2189 sensibus
367 2128 560 2204 apprehenso,
575 2141 612 2188 ex
625 2145 684 2205 quo
697 2143 779 2188 meua
793 2129 902 2187 virtute
920 2142 974 2186 ene
988 2127 1026 2186 ad
1044 2126 1125 2186 ideae
1144 2141 1229 2203 gene·

149 2227 224 2287 roien
241 2227 441 2287 eilormaudon
458 2234 610 2305 resurgat3
625 2234 657 2287 at
671 2242 857 2303 nequaquam
873 2228 1031 2303 requiritur
1047 2233 1080 2286 ut
1098 2227 1227 2301 primum

150 2323 209 2383 lano
225 2330 395 2383 eonem
409 2324 555 2385 ohieetum
572 2327 612 2385 eit
627 2326 658 2385 ld
680 2325 719 2385 ed
733 2326 812 2401 qued
830 2328 1020 2402 eogitatloues
1038 2339 1139 2393 omnes
1155 2330 1229 2383 tom·

149 2438 239 2499 quam
253 2422 419 2483 odientem
435 2430 619 2483 revocentur.
638 2422 715 2499 illud
731 2425 808 2483 enlm
827 2422 864 2482 ad
878 2424 1071 2500 cognitionem
1085 2420 1228 2480 inchoan-

40 2586 49 2601 ,
150 2520 218 2581 dam
238 2538 297 2581 non
317 2521 416 2581 lullult
435 2528 475 2581 ut¹
489 2524 678 2597 priuolpium,
699 2538 736 2581 ex
758 2536 818 2597 qun
836 2521 1010 2581 deductione
1029 2519 1156 2597 quadam
1177 2518 1227 2578 de·

151 2619 284 2677 rlrmtnr
306 2626 420 2679 eeterae
437 2622 605 2694 uertentem
633 2620 686 2679 ned
713 2634 792 2679 mere
816 2620 965 2679 eonourril
991 2622 1024 2679 ul
1049 2617 1178 2677 conditio
1199 2623 1229 2675 et

151 2718 292 2794 matema,
315 2732 352 2777 ex
373 2734 433 2794 qua
455 2732 540 2777 mene
559 2717 659 2778 eduen
679 2720 786 2777 virtute
806 2732 859 2777 sua
879 2720 988 2793 primns
1015 2719 1168 2790 notiones,
1197 2718 1227 2774 vi

149 2828 276 2889 quarum
296 2813 433 2891 deiueeps
453 2814 492 2874 ed
512 2812 618 2875 aitiord
634 2816 747 2875 obieeta
767 2814 944 2891 speculanda
965 2814 1125 2891 gradiatur.

209 2911 346 2991 0otologl
370 2912 478 2973 exinde
502 2913 709 2990 decipiuntur,
728 2913 806 2990 quod
833 2928 934 2971 omnes
956 2913 1062 2971 montis
1082 2910 1163 2971 ideas
1191 2926 1227 2969 ex

150 3025 210 3071 oua
231 3014 395 3087 primitiva,
417 3018 568 3088 tamquam
586 3012 682 3088 pullos
704 3029 741 3071 ex
760 3028 829 3089 ovo,
849 3013 929 3090 gigni
950 3018 1116 3072 autumant.
1132 3011 1229 3085 Quare

149 3109 231 3169 illem
250 3124 269 3169 a
289 3110 407 3169 Baenue
424 3109 585 3169 indleetam
605 3108 753 3169 loliaelarn
774 3112 945 3187 intonant,
967 3124 1025 3186 qna
1047 3110 1113 3185 plns
1132 3110 1227 3168 onita-

150 3206 201 3279 tis,
217 3220 306 3279 quum
321 3194 424 3282 reapse
435 3209 486 3281 sit,
500 3208 652 3280 quaeritur
668 3209 698 3265 in
713 3212 830 3267 natura.
847 3207 881 3265 ln
896 3208 1064 3283 cognitione
1083 3203 1224 3277 humana,

150 3305 187 3357 nt
206 3300 279 3359 alies
297 3302 449 3380 ditemus,
464 3318 524 3363 nen
545 3306 644 3364 unitas
661 3303 712 3363 sod
729 3304 928 3379 multiplicitas
943 3306 1145 3378 invenitur‚‘ai
1169 3306 1229 3361 vir·

150 3402 243 3455 tutem
261 3396 442 3476 intelligendi
460 3407 575 3462 tautum
595 3402 734 3477 excipies.
753 3399 843 3459 Plerm
858 3404 936 3459 enim
956 3403 1052 3461 unitas
1067 3406 1102 3459 nt
1114 3402 1145 3458 lu
1166 3402 1228 3459 exl-

151 3494 255 3555 stando
274 3496 317 3555 ele
340 3498 427 3555 etlam
452 3500 483 3556 lu
503 3499 744 3577 intelligendum
770 3498 829 3557 Deo
854 3505 969 3558 tuntum
991 3502 1152 3575 reperllut3
1178 3498 1229 3557 sed

149 3600 247 3653 uetera
263 3596 354 3667 entia,
373 3600 517 3669 quotquot
533 3604 614 3673 sunl,
629 3597 668 3657 als
685 3599 797 3656 unitate
816 3596 968 3658 deliniunt.
987 3596 1021 3656 ld
1045 3599 1172 3657 menime
1187 3598 1229 3656 lo·

111 3726 114 3730 >
149 3706 217 3750 eum
238 3691 326 3751 hebet
345 3708 399 3768 pro
416 3691 780 3770 intelligentia‘humena,
805 3711 881 3770 quae
905 3710 973 3754 eum
996 3694 1131 3755 intimum
1151 3698 1228 3754 inter

150 3790 270 3863 spiritns
291 3787 414 3865 gradum
435 3790 576 3870 attingat²
595 3794 726 3851 manime
745 3790 959 3869 multiplicitate
980 3794 1111 3853 idearum
1133 3792 1226 3853 oidol-

149 3892 209 3962 tur,
231 3892 260 3945 et
280 3887 421 3946 unitatem
443 3887 474 3944 in
494 3889 624 3962 potentio
644 3891 815 3967 participat,
832 3898 976 3967 quolenus
996 3890 1135 3951 inquitate
1156 3904 1226 3967 gau·

25 4063 34 4071 ἡ
73 3992 80 4005 ‘
150 3981 200 4041 det
220 3984 318 4060 ideae,
341 3984 448 4059 quibus
468 3983 595 4063 indiget,
618 3986 806 4062 procudendi.
