2892 4425
236 298 275 357 tt
708 300 843 347 mercae

234 415 381 473 venatur.
403 409 448 472 Ex
462 426 521 489 qao
536 408 571 471 tlt
589 414 623 471 ut
635 408 767 471 delinitio
779 406 937 469 nominalia
957 420 1045 484 caepe
1059 420 1097 466 ex
1110 404 1258 483 loquertis
1267 421 1319 466 ar·

234 510 323 571 bitrio
335 508 469 586 pendeat,
489 508 620 569 delinitio
638 523 709 567 vero
723 506 809 565 reela
827 522 887 565 nan
904 506 987 564 stem·
1008 502 1086 564 liam
1108 520 1178 563 cnm
1191 506 1316 565 nomina
1363 537 1368 543 ·

234 606 432 669 indilierentie
449 622 500 683 per
518 620 551 665 ee
572 606 632 664 eint
646 603 684 665 ad
702 620 765 663 rem
782 608 943 663 anement
962 602 1051 661 aliam
1070 599 1315 679 ugniflcaarian,

235 706 342 781 poterit
362 718 434 762 eene
449 704 534 779 quie,
553 701 640 761 modo
657 700 689 761 id
709 706 846 776 moneat,
866 714 902 759 ea
922 714 976 775 pro
995 698 1089 758 lubitu
1109 698 1148 758 aa
1166 698 1315 758 obiectum

235 801 440 879 quodcumque
457 798 677 877 exprimendum
697 796 855 869 inflectere.
873 796 912 855 lit
925 809 1126 873 quamquam,
1144 797 1171 854 ei
1191 811 1211 854 a
1231 811 1317 854 com·

193 924 195 927 ·
235 900 319 958 muni
341 899 422 957 vocis
435 912 520 957 eeneu
541 895 650 972 amque
665 894 763 954 valida
776 898 889 953 ratione
905 892 1034 967 recedat,
1055 893 1187 967 ineptum
1200 908 1233 951 ee
1246 908 1316 968 pra·

235 995 288 1055 alat
309 1010 344 1055 ac
362 995 572 1070 temerarium
596 1000 693 1051 tamen
714 990 879 1065 culpandus
895 988 1028 1048 abeunte
1049 1004 1108 1047 non
1130 996 1196 1064 est,
1215 1004 1316 1064 neque

236 1091 377 1153 adverene
396 1092 491 1165 lpenm
514 1089 611 1149 inutili
634 1088 728 1163 litigio
740 1085 902 1145 conflictari
920 1090 1045 1159 oportet.
1066 1083 1109 1144 at
1127 1090 1243 1160 annue,
1261 1100 1315 1144 nc·

235 1189 308 1247 mini
325 1185 506 1246 detinltlnuee
520 1184 613 1245 realee
633 1182 671 1242 ed
688 1181 841 1242 arbitrium
861 1170 1047 1257 compingere
1067 1180 1155 1256 lieet3
1175 1181 1258 1241 mene
1274 1184 1315 1240 ri·

234 1282 352 1360 quidem
372 1288 403 1341 et
420 1298 517 1341 rerum
538 1286 624 1340 notae
643 1294 680 1337 ex
697 1284 798 1337 nemra
816 1278 959 1337 arbitratu
979 1292 1038 1336 non
1057 1276 1317 1352 ponderatione

235 1381 260 1442 ei
282 1379 358 1438 forte
375 1378 471 1437 realis‘
480 1375 610 1437 delinitio
628 1376 761 1450 propriae
783 1374 890 1435 obiecti
909 1380 997 1433 noue
1015 1389 1076 1433 non
1093 1372 1242 1452 exhibeat,
1260 1382 1317 1435 ant

235 1474 294 1535 allo
313 1480 412 1550 peccet
431 1475 526 1550 vitio,
547 1473 693 1548 acceptari
716 1473 837 1531 minime
856 1470 967 1551 (lebet,
988 1470 1040 1530 neri
1056 1474 1121 1531 inre
1141 1473 1174 1530 ln
1197 1479 1316 1533 conua-

235 1572 363 1631 versiam
381 1573 516 1630 uocatur.

294 1666 350 1728 lile
369 1682 424 1743 pro
434 1667 477 1725 rel
494 1666 699 1741 perspicuitate
716 1666 839 1741 nomae,
859 1664 1020 1741 quotuplex
1033 1664 1213 1733 delinitionis
1225 1665 1317 1727 realis
1421 1664 1425 1669 '

235 1778 328 1841 penus
348 1765 387 1823 sit
405 1764 573 1823 innuamus.
596 1760 692 1837 Atque
710 1776 774 1820 eam
793 1762 937 1837 triplicem
958 1778 1021 1822 esse
1041 1778 1125 1838 pnese
1145 1779 1232 1822 nemo
1251 1779 1315 1823 non

235 1860 328 1921 uidet.
349 1858 447 1919 Prima
468 1852 524 1935 eet,
547 1873 622 1933 quae
640 1874 700 1917 rem
720 1858 848 1933 explicat
866 1874 918 1933 per
929 1860 1074 1935 principia
1091 1866 1227 1919 naturam
1240 1875 1312 1919 con·

235 1958 397 2031 tumentia,
415 1956 479 2015 sire
496 1953 569 2014 haec
587 1953 787 2031 metaphysica
799 1957 870 2029 tint,
883 1961 919 2015 ut
933 1971 1002 2015 cum
1015 1955 1127 2031 aliquid
1139 1954 1243 2015 delinis
1260 1971 1315 2031 per

106 2036 113 2051 '
227 2048 327 2131 ipanus
339 2060 369 2113 et
381 2049 585 2132 differentiam
600 2054 624 2129 ¹,
644 2066 693 2114 ex.
709 2067 755 2129 gr.
772 2054 798 2113 ei
813 2051 911 2113 alicae:
929 2051 1020 2112 tomo
1032 2056 1076 2113 eci
1088 2051 1205 2112 mmai
1221 2056 1315 2114 ratio·

235 2194 245 2222 ⁸
608 2186 612 2195 .

295 2251 306 2296 1
319 2245 442 2306 Quoniam
454 2247 565 2308 yemis,
580 2241 764 2307 dissei-culiae,
782 2246 886 2310 speciei
900 2243 1027 2295 oilrilrcii
1044 2245 1070 2295 et
1088 2243 1233 2294 neomeniis
1246 2245 1315 2296 iacta

234 2326 327 2378 mettio
345 2327 392 2386 ert,
410 2324 471 2388 quid
489 2337 602 2391 quaeque
618 2337 702 2375 earum
723 2325 852 2375 notionum
869 2324 912 2386 eit,
932 2325 1076 2374 summatim
1097 2325 1178 2388 placet
1197 2324 1311 2374 innuere

234 2407 321 2469 ltaque
335 2404 445 2468 quinque
460 2405 498 2454 iris
517 2403 620 2454 roelbue
638 2403 785 2470 quintuplex
805 2405 929 2466 respectas
946 2403 1067 2464 innuitur,
1084 2416 1135 2464 quo
1153 2403 1238 2465 aliqua
1255 2401 1315 2453 idea

233 2482 379 2533 uniuersalis
390 2481 589 2544 particularibus,
603 2495 666 2545 quae
677 2481 859 2544 complectitur,
873 2481 975 2531 attribui
989 2483 1078 2544 potent.
1094 2483 1156 2530 liam
1167 2479 1248 2532 ideam
1261 2482 1316 2530 unl-

234 2563 354 2612 rerealem
366 2574 421 2611 eam
435 2573 488 2611 esee
499 2561 626 2622 diximus,
647 2573 697 2623 qua
710 2561 852 2610 continetur
865 2561 934 2610 notio
956 2551 1069 2622 maanus
1082 2564 1231 2623 competent.
1251 2562 1317 2611 lanr—

234 2653 295 2691 rero
309 2640 377 2704 quaa
387 2640 457 2690 untia
473 2639 596 2702 quaedem
608 2639 641 2690 eit
652 2639 738 2688 multia
751 2640 900 2702 eommrrnie,
915 2639 942 2690 lu
957 2655 987 2690 cx
998 2639 1109 2703 quinque
1119 2641 1241 2703 mpissbue
1251 2641 1315 2691 oriri

232 2722 323 2784 potent.
338 2722 400 2770 liam
412 2718 533 2769 eiusmodi
546 2719 615 2767 notio
631 2719 668 2766 rei
683 2719 801 2784 exprimit
816 2718 913 2782 aliquid
927 2718 959 2768 ad
974 2720 1106 2770 meantium
1117 2720 1254 2782 pertinum,
1271 2720 1314 2770 uri

233 2796 349 2862 exprinrii
357 2797 452 2861 aliquid
464 2799 592 2847 &terrilae
601 2797 814 2859 superadditum.
828 2799 969 2863 etquidem
981 2799 1043 2848 illud
1056 2798 1093 2848 ari
1103 2802 1244 2850 mantiam
1252 2813 1314 2863 per·

235 2881 331 2937 tinent,
345 2889 387 2926 eeu
394 2877 560 2939 principium
573 2876 720 2940 οοεοιιιὶαὶο,
733 2891 790 2927 'enee
804 2881 885 2940 poieet
894 2879 934 2928 rel
949 2875 1137 2928 constitutivum
1148 2880 1225 2928 totiue
1235 2891 1316 2928 execu-

233 2956 292 3017 tiae,
303 2955 342 3004 vel
353 2954 543 3004 constitutivum
555 2954 631 3018 partie
641 2953 835 3007 determinabilis
844 2959 972 3019 eeeentiee,
986 2958 1027 3006 rel
1038 2957 1225 3008 conetitulirum
1236 2959 1317 3020 partie

233 3033 429 3085 determinantia.
449 3035 560 3096 itemque
577 3046 635 3083 cum
647 3039 780 3098 conceptue
790 3037 936 3086 aniremalia
950 3037 1066 3100 exprimit
1085 3037 1181 3100 eliquid
1192 3037 1317 3089 amariae

230 3112 428 3177 superauctum,
442 3113 468 3163 ld
480 3113 519 3163 vei
531 3125 588 3164 cum
603 3115 708 3165 eaeeniia
720 3115 754 3167 ita
764 3116 881 3179 nectitur,
893 3119 920 3166 ui
930 3116 962 3168 alt
973 3130 1002 3166 ee
1013 3117 1150 3166 ncceererio
1161 3116 1271 3176 multet,
1284 3128 1318 3168 ac

234 3193 338 3256 prolude
347 3191 427 3242 eidem
440 3191 485 3246 eoii
502 3193 527 3245 et
541 3205 637 3260 temper
650 3194 722 3257 inelt;
742 3195 782 3246 vel
795 3209 853 3245 cun
869 3209 899 3247 ea
914 3209 1004 3247 nexum
1018 3195 1085 3246 iruna
1100 3209 1150 3246 non
1160 3199 1255 3257 aurat,
1266 3195 1315 3246 neti

231 3285 333 3336 pmreue
341 3271 493 3324 accidentale
502 3273 547 3324 eei.
753 3300 758 3315 ·

291 3351 407 3414 Quinque
425 3351 499 3414 igitur
510 3351 591 3403 modia
604 3353 674 3404 nolin
686 3353 834 3405 uuluaealie
851 3367 897 3405 ana
910 3353 1070 3417 particularia
1085 3354 1207 3417 respicere
1220 3356 1312 3418 pamel.

230 3432 257 3482 sl
270 3431 460 3496 reepieitprimo
472 3433 556 3496 morio,
571 3433 710 3498 appellatur
723 3437 830 3498 speclea,
842 3433 1047 3497 quantaene:
1059 3436 1191 3485 nullom
1201 3447 1316 3486 eommu-

231 3523 301 3571 oem,
311 3510 394 3575 pluro
404 3513 586 3576 respicientem
598 3517 727 3578 tauquam
739 3515 872 3576 laieorum
883 3515 1088 3564 constitutivum
1099 3516 1234 3564 carentiae.
1242 3513 1317 3564 ielis

233 3591 272 3638 ert
287 3587 343 3639 idea
354 3590 480 3642 cammite
494 3593 638 3646 rationalis
653 3595 764 3656 respectu
776 3594 896 3657 hominia,
913 3607 977 3656 qaae
986 3596 1053 3644 acne
1064 3596 1142 3644 totam
1155 3593 1263 3644 lrnminie
1275 3607 1313 3644 ae·

231 3667 336 3718 rentiam
347 3673 519 3732 repraesentat.
538 3672 564 3722 Si
578 3673 677 3736 reepiell
688 3671 798 3722 munao
809 3673 900 3735 morio,
921 3673 1060 3736 appellatur
1068 3685 1168 3736 aereus,⁴
1180 3672 1249 3737 quod
1258 3673 1317 3723 dese

233 3747 298 3797 alea:
314 3749 445 3800 notionem
458 3763 622 3802 communem
634 3750 718 3814 pluro
732 3753 913 3814 respicientem
929 3755 1059 3818 tunquam
1076 3752 1106 3803 io
1120 3755 1148 3802 ix
1162 3767 1214 3818 quo
1228 3765 1313 3802 merr-

232 3827 287 3876 tine
303 3825 472 3882 diucraorum
489 3834 636 3894 apoclemm
655 3831 771 3880 interce
787 3834 956 3883 conueniunt.
976 3833 1044 3884 Tulle
1061 3833 1100 3883 eet
1116 3832 1171 3892 idea
1186 3831 1318 3883 minata

233 3907 344 3970 respectu
361 3909 486 3974 hominio,
496 3921 561 3973 qaae
570 3908 624 3962 elue
634 3907 737 3972 quidem
747 3911 879 3962 milam
891 3911 1017 3977 exprimit,
1028 3911 1055 3963 ai
1067 3911 1203 3963 coeuntium
1216 3912 1314 3975 partun
