2892 4425
240 340 298 393 100
568 344 808 389 numen}
827 346 988 389 millu-l!

238 458 302 519 lum
320 461 440 533 putrst,
460 454 538 515 otsi
560 470 609 513 ex.
624 469 671 531 gr.
697 453 804 513 sideris
823 454 1082 515 oilerius-rentem
1102 460 1319 534 interrumpet,

237 555 294 615 hoo
310 569 371 613 ooo
385 553 457 613 leelt
471 553 542 629 quio
556 554 731 613 sententium
744 553 835 613 mimi
848 554 879 611 ln
894 556 1070 613 eontrarium
1082 560 1195 630 portem
1206 562 1317 631 rotet,

237 652 289 712 sed
304 652 427 728 quiade
445 658 559 711 mount
574 649 649 710 illud
666 649 705 709 ed
718 656 830 709 motum
843 652 978 727 primitus
1000 654 1153 729 ineltsvlt,
1175 659 1209 712 nt
1227 652 1318 712 omui

237 751 268 807 ln
289 750 376 808 errtis
398 764 499 808 rerum
514 746 682 823 odioudls,
702 762 778 823 quoe
798 748 1030 825 praedisposuit,
1052 752 1200 825 quieseere
1218 750 1320 809 relue-

237 849 277 906 rlt
289 853 403 923 prueim
416 853 586 906 eonsuetum
605 844 750 904 ordinem.
768 843 910 905 Neovero
930 845 1075 905 foetorum
1089 846 1230 907 eiusmodi
1251 847 1318 906 nul·

239 944 297 1004 lem
315 945 449 1004 idoneum
471 943 563 1003 luisse
575 958 696 1003 esusom
711 950 885 1019 arroganter
898 950 928 1002 et
941 943 1027 1018 pleno
1046 960 1097 1003 ore
1113 943 1244 1019 sophlste
1267 944 1320 1003 lile

236 1040 363 1101 siintlot.
380 1041 549 1102 Istiusmodi
568 1042 647 1100 enlm
664 1056 770 1101 mosee
790 1040 978 1117 quamplures
999 1056 1063 1099 esse
1081 1048 1250 1117 potnerunt,
1268 1058 1320 1117 po-

236 1142 383 1199 tissimum
404 1147 500 1198 rotem
522 1145 557 1199 nt
577 1138 780 1198 ostenderetur
803 1138 944 1198 mondum
960 1154 1018 1197 noo
1034 1154 1052 1197 n
1066 1154 1098 1198 se
1118 1142 1193 1216 regi,
1206 1139 1260 1199 sed
1273 1140 1319 1199 di·

236 1239 307 1298 eins
320 1237 519 1297 odrninistrsrl
532 1235 733 1313 providentio,
742 1238 829 1297 eolus
842 1238 965 1313 imperio
980 1244 1116 1313 permeet
1130 1240 1243 1313 omniq
1252 1244 1319 1299 um
1441 1280 1442 1283 κ

235 1337 324 1395 mom
342 1342 534 1413 otqoeeoom
554 1350 625 1394 serr
643 1334 844 1410 Religlnessst
855 1334 956 1395 dirloo
967 1335 1111 1411 suidam
1130 1336 1315 1413 claresceret,

236 1448 348 1509 nosque
365 1432 404 1493 od
418 1432 606 1508 wgiuodom
623 1431 718 1491 Deum
737 1434 858 1509 eiusque
870 1433 1075 1493 odmiroodom
1093 1437 1253 1509 potentium
1266 1450 1318 1493 ex·

236 1531 405 1589 eumer.
417 1528 483 1603 Qus
502 1532 533 1587 in
551 1546 583 1588 re
598 1530 748 1605 moriere
762 1529 962 1608 Augustinus:
981 1532 1084 1611 «Quin,
1097 1535 1174 1591 enirn
1190 1532 1241 1591 ille
1255 1548 1318 1593 non

240 1650 253 1677 ι
270 1632 318 1686 eet
329 1626 397 1685 tells
407 1626 584 1703 snbstuutls,
602 1642 678 1703 quoe
692 1627 787 1687 rideri
807 1628 902 1687 oeulis
920 1630 1014 1705 posuit
1033 1636 1062 1687 et
1075 1630 1217 1689 mlreoulu
1239 1632 1316 1705 rios,

239 1750 252 1775 ·
272 1724 379 1802 qnllsrs
401 1730 496 1783 tetum
511 1724 651 1785 mundum
671 1727 747 1802 regit
763 1726 991 1803 universumque
1008 1734 1173 1787 creatorum
1193 1726 1318 1787 admini—

238 1848 251 1874 ·
268 1829 354 1900 sort,
369 1822 762 1898 admouendumque
774 1830 807 1883 ιι
819 1840 905 1883 nereio
916 1824 1054 1901 dignetur
1065 1826 1213 1885 rtundere
1226 1840 1317 1901 opere

235 1948 249 1974 ι
263 1921 318 1983 liei
332 1924 407 1982 mire
417 1928 447 1981 et
463 1922 646 1998 stupendein
656 1922 789 2000 quolibet
805 1925 927 1983 seminis
938 1938 1042 2000 grono3
1055 1923 1215 1983 seerrudorn
1230 1940 1317 1983 suern

238 2019 495 2081 «miserleordiom
515 2022 644 2079 movit
668 2020 723 2080 sibi
748 2019 893 2097 quaedem
919 2037 995 2097 quse
1017 2020 1125 2081 lnoeret
1145 2028 1311 2098 opportuno

238 2144 251 2171 ι
266 2124 408 2194 tempore,
423 2123 538 2194 prester
555 2119 697 2177 nomon
712 2132 832 2177 morsum
849 2118 1038 2194 ordinemque
1056 2124 1190 2195 nntnree,
1205 2125 1239 2178 ut
1252 2114 1314 2178 noo

238 2242 251 2268 ι
269 2219 379 2276 meiero
401 2215 453 2276 sed
471 2216 589 2276 insolite
610 2215 737 2276 videndo
754 2222 925 2293 stuperent,
949 2217 1056 2292 quibos
1076 2218 1246 2293 quotidiano
1272 2219 1316 2276 vi·

237 2339 250 2366 a
268 2315 391 2374 luerent.
411 2313 510 2374 uerus
529 2316 608 2373 onim
626 2313 800 2373 mirensium
818 2321 863 2374 est
885 2313 1058 2390 gubernatio
1077 2317 1167 2375 totius
1190 2315 1314 2391 muudi,

234 2410 250 2462 ἰ
266 2427 355 2489 quum
378 2413 521 2472 setoretlo
542 2411 671 2488 quinque
693 2411 818 2470 millium
840 2411 992 2470 hominurn
1012 2412 1049 2471 de
1073 2414 1202 2489 quinque
1227 2415 1311 2486 puol-

237 2508 342 2585 «bus,
365 2516 397 2568 et
418 2516 517 2568 tomen
540 2508 614 2568 hese
637 2524 723 2568 nomo
750 2511 895 2584 mirsurr,
918 2509 991 2570 iilud
1017 2513 1161 2571 mirentur
1186 2525 1312 2585 omnes,

237 2624 325 2669 ·uon
344 2611 415 2684 quis
433 2611 540 2683 melus,
558 2607 610 2667 sed
630 2611 701 2684 quie
718 2623 820 2668 rurum
839 2615 884 2668 est
898 2611 921 2667 ¹.
941 2633 952 2658 ι

291 2705 430 2782 Denlqoe'
441 2711 595 2782 pstrnotur
614 2707 756 2767 museum
775 2721 835 2766 non
854 2692 1015 2783 qoio'ordo
1032 2706 1169 2783 legesque
1189 2712 1313 2766 nttnree

231 2803 421 2879 lmporieotre
439 2809 511 2864 sont
530 2809 582 2864 ont
600 2819 705 2880 porum
725 2803 764 2864 od
778 2817 848 2864 suos
867 2804 1026 2879 peenilores
1046 2803 1169 2863 effertus
1188 2818 1313 2864 eonsen-

230 2907 355 2974 mosee,
376 2901 429 2959 sed
446 2908 482 2960 nt
500 2901 548 2960 rel
576 2901 653 2961 idern
673 2901 744 2961 duis
765 2900 963 2962 excellentiori
983 2903 1098 2961 retlone
1122 2901 1309 2977 obtinentur,

232 2998 279 3057 vei
299 3003 334 3056 ut
353 2998 457 3056 meiius
476 2997 599 3075 ollquld,
616 2999 656 3058 od
674 3000 753 3076 quod
774 3007 895 3060 neturue
915 3001 992 3059 vires
1012 3015 1071 3058 oon
1092 3015 1124 3058 so
1143 3001 1312 3074 porrigunt,

232 3099 438 3170 consequetur.
454 3094 489 3154 ld
502 3099 599 3154 entem
620 3095 789 3156 coronidem
802 3113 861 3156 non
875 3097 1103 3158 imbeelidtetern
1119 3102 1171 3157 eut
1189 3111 1313 3172 praepo

231 3196 342 3251 elerum
359 3190 505 3267 ordinem,
519 3192 571 3252 sed
584 3195 774 3254 minutum
792 3201 927 3256 odorem
949 3201 1102 3274 nemoque
1117 3197 1149 3255 ln
1161 3195 1314 3271 operando

230 3287 370 3363 potslsolt
389 3288 509 3348 linitos.
903 3311 907 3318 ·

289 3385 385 3445 obde.
403 3386 459 3446 ill.
478 3385 519 3447 iit
539 3387 614 3447 erdo
631 3391 750 3450 morulis
771 3391 901 3466 procedit
921 3406 939 3451 ιι
959 3391 1040 3467 Deo,
1064 3393 1107 3450 lte
1121 3391 1211 3449 etism
1233 3389 1310 3467 pley-

229 3487 319 3557 siens.
344 3485 436 3561 litqul
452 3485 502 3545 lile
519 3487 670 3547 mutabilis
694 3489 776 3548 nnllo
797 3491 883 3548 modo
901 3497 963 3566 est;
984 3505 1054 3566 ergo
1072 3489 1125 3548 irie
1144 3489 1232 3547 etium
1248 3503 1312 3546 roo-

228 3584 286 3642 tsri
306 3585 417 3659 nequit,
436 3583 612 3669 liirroulum
631 3587 721 3664 lqltur
741 3586 804 3645 ilerl
825 3586 939 3646 nullum
958 3588 1063 3663 potest.
1089 3586 1220 3645 Deinde:
1240 3584 1313 3644 ordo

228 3685 352 3740 osterse
368 3683 399 3740 in
417 3681 475 3742 hor
494 3686 635 3760 eeroltur,
656 3691 755 3743 utres
774 3689 888 3744 ereetoo
907 3687 1071 3745 reserentur
1090 3686 1121 3744 lu
1138 3683 1242 3743 ileum.
1259 3681 1312 3740 At-

228 3780 279 3854 qui
308 3779 388 3840 hone
413 3781 545 3840 ordinem
570 3781 648 3842 Deus
674 3797 824 3842 removere
849 3784 961 3859 oeqnlt.
987 3783 1067 3858 Ergo
1090 3781 1163 3840 ordo
1189 3785 1313 3840 nutum

290 4001 299 4041 i
316 3994 448 4044 floridior
463 3995 492 4043 rt
503 3991 529 4040 lo
543 3993 628 4041 losse.
641 4005 665 4040 o.
682 4001 701 4041 ι,
