2892 4425
363 380 439 423 naus
458 378 570 424 rasura
591 394 603 408 -
622 379 805 426 anscausus
825 379 1003 426 parnassus
1161 371 1217 426 tit
1285 399 1288 406 ·

559 593 743 650 macutus
763 589 803 649 ii.

511 793 555 851 ne
576 790 678 853 croac
699 768 854 853 mres.

207 997 278 1050 iio.
299 991 357 1063 Qui
381 989 539 1064 positivam
564 989 836 1064 conservationem,
863 994 896 1048 ut
919 987 1068 1065 proposita
1093 1001 1111 1046 a
1134 983 1220 1048 nobis

46 1103 51 1115 ·
144 1095 208 1165 est,
229 1089 383 1161 reiiciunt,
404 1085 437 1145 iai
455 1084 662 1146 immediatum
681 1087 770 1145 mam
788 1084 842 1144 Dei
858 1077 1032 1146 concursum
1052 1085 1084 1144 in
1101 1084 1221 1146 odiosi·

143 1186 200 1247 bus
216 1185 406 1246 efficientium
425 1190 591 1246 creatorum
610 1183 784 1244 detractant.
807 1183 888 1257 Quas
905 1183 981 1244 duaa
1000 1183 1161 1244 amientias
1176 1183 1220 1244 im

142 1288 219 1344 inter
239 1300 272 1344 se
288 1288 374 1358 aptae
393 1282 533 1342 videntur
548 1286 577 1341 et
594 1281 767 1359 colligatae,
782 1287 816 1342 ut
833 1296 894 1341 una
913 1285 1038 1358 nunaut
1055 1279 1219 1358 rapudtarl,

115 1385 214 1460 ,quin
234 1383 326 1442 attera
346 1397 462 1459 quoque
483 1382 643 1441 reiiciatur.
665 1379 828 1457 Praecipua
847 1380 926 1440 enim
946 1381 1106 1440 necmdtas
1125 1377 1220 1440 distat

141 1495 302 1541 concursus
315 1478 387 1538 inde
400 1478 600 1554 depromitur,
615 1477 695 1554 quod
708 1483 904 1556 congruenter
918 1483 1045 1554 nequeat
1058 1476 1143 1538 nnita
1158 1475 1220 1557 ulla

142 1577 261 1638 realium
278 1583 410 1654 exstare,
424 1579 484 1637 nisi
500 1573 581 1636 Deus
598 1575 745 1638 affirmata
764 1578 793 1634 in
814 1577 908 1652 ipsam
927 1573 1043 1636 influat.
1065 1574 1219 1651 vicissim,

141 1679 168 1737 si
189 1675 312 1735 enecas
332 1692 351 1735 a
369 1678 467 1735 causis
484 1673 621 1734 mundis
641 1674 874 1750 proficiscentes,
892 1673 963 1734 dum
984 1675 1161 1752 gignuntur,
1182 1687 1219 1733 en

141 1774 224 1834 nulio
241 1774 293 1834 Dei
311 1774 441 1851 pendent
456 1773 572 1834 influxu
595 1773 641 1849 (ct
659 1787 759 1849 mapsa
777 1788 837 1832 non
854 1771 1015 1848 penderent
1032 1773 1059 1832 si
1078 1769 1139 1832 Deo
1158 1785 1219 1834 non

141 1879 331 1933 concurrente
348 1872 486 1949 flerent),
499 1887 539 1932 ae
558 1879 662 1958 postea
682 1870 819 1948 quidun,
833 1871 905 1932 dum
920 1877 1107 1948 permanent,
1123 1887 1142 1931 a
1157 1869 1219 1932 lisa

141 1974 260 2050 exigent
279 1973 460 2032 conseruari.
483 1971 568 2044 Quae
580 1987 648 2030 cum
663 1975 704 2031 ita
723 1973 798 2046 sint,
812 1972 935 2047 quisque
952 1972 1062 2046 optima
1079 1970 1221 2046 pcrsptdt

142 2073 174 2128 in
193 2085 283 2147 ᾳιιιιιι
306 2071 482 2128 seutentiam
503 2069 560 2127 hac
579 2070 612 2127 iu
632 2083 664 2127 rs
686 2070 780 2128 mnus
802 2068 883 2128 ituri.
906 2066 937 2126 Si
959 2068 1037 2126 anim
1057 2065 1218 2143 paidom

140 2184 240 2229 rarum
253 2169 504 2229 conseruationem
522 2172 674 2244 tantopere
687 2167 920 2242 vindicavimus,
934 2163 1142 2225 comccuncuc
1154 2179 1220 2241 pru·

141 2266 220 2327 iacto
239 2264 368 2342 quedem
384 2264 574 2341 adducimur,
589 2270 624 2325 ut
640 2264 844 2323 immediatum
864 2265 952 2323 edam
969 2261 1024 2323 liat
1040 2276 1217 2323 concursum

140 2364 170 2452 iu
191 2363 316 2440 singuiis
336 2362 500 2423 acconibus
520 2377 676 2423 causarum
697 2361 893 2422 secundarum
913 2359 1115 2421 deicodamus.

576 2548 781 2620 Psorosrrro.
860 2594 863 2601 ·

232 2708 245 2731 ’
276 2759 352 2811 neo·
370 2754 539 2815 emmeram
556 2746 707 2813 occurris
724 2759 755 2813 or
773 2756 904 2813 omasum
922 2754 1083 2811 aromaca
1145 2796 1149 2803 .

508 2848 676 2903 creatorum
694 2846 853 2917 apartium.

202 3050 274 3102 itt.
295 3040 448 3119 Proposita
468 3046 596 3122 semma,
617 3052 651 3105 ut
670 3048 731 3122 ipse
749 3062 848 3107 rerum
870 3045 929 3106 iert
948 3060 1062 3122 nexus,
1083 3061 1121 3105 ex
1138 3048 1217 3123 posi·

139 3143 452 3203 duo-conservatione
473 3141 582 3219 oppido
605 3143 808 3219 persuadetur.
830 3143 906 3203 Nam
928 3145 955 3203 si
978 3148 1076 3203 creata
1100 3144 1217 3220 emnia,
1329 3174 1338 3194 ι

89 3236 94 3245 “
139 3239 213 3299 dum
232 3246 304 3299 sunt
320 3246 351 3299 et
368 3246 560 3319 permanent,
573 3246 686 3301 certum
702 3241 859 3317 quemdam
876 3240 929 3301 Dei
949 3240 1096 3302 indorum
1114 3242 1218 3318 exqui-

138 3342 225 3413 ruut3
239 3337 311 3398 dum
326 3338 403 3397 fiunt
417 3340 507 3399 etiam
527 3345 557 3399 et
572 3339 767 3412 inchoantur,
781 3338 917 3399 eumdem
933 3339 1083 3414 postulent
1099 3354 1217 3401 naccam

136 3440 193 3495 est.
216 3434 297 3495 itinn
317 3437 396 3495 enim
417 3439 512 3515 magis
530 3445 685 3515 postquam
704 3438 817 3499 nomm
836 3444 897 3514 ast,
911 3454 1000 3515 qurum
1019 3437 1090 3499 dnm
1109 3438 1214 3515 flebat,

137 3548 173 3593 en
199 3533 295 3593 uitem
318 3548 408 3594 eausa
427 3535 553 3610 pendere
577 3542 684 3612 potest.
706 3537 802 3596 Immo
823 3552 893 3595 vcro
914 3539 1095 3597 connarium
1118 3540 1216 3613 potins

135 3636 366 3691 munaum
392 3632 530 3710 videtur,
555 3640 590 3693 ut
613 3636 753 3695 nimirum
781 3635 874 3711 magis
901 3637 933 3693 in
959 3634 1145 3695 inchoatione
1170 3649 1216 3693 res

135 3727 298 3805 pandecta
318 3734 381 3793 suis
400 3735 515 3810 musis,
529 3748 619 3811 quam
637 3750 706 3794 cum
727 3734 871 3811 compieta
891 3733 1076 3811 perioctuqua
1095 3735 1216 3793 omnino

135 3832 195 3887 sat.
216 3827 314 3901 Quare
333 3832 375 3908 si,
391 3838 425 3891 ut
444 3848 533 3909 supra
554 3832 763 3910 vidimus,res
783 3848 886 3893 omnes
906 3832 977 3895 dum
997 3837 1145 3910 persiam,
1162 3831 1215 3891 Dei

134 3932 224 4003 egerat
242 3926 377 4004 influxu,
391 3930 522 3991 eiusdem
541 3932 628 4009 ionga
643 3934 785 3993 maiorem
803 3948 890 3995 usum
910 3932 1036 4008 habent,
1051 3944 1118 3990 eum
1136 3932 1215 4007 ipss-

136 4038 203 4083 rum
224 4024 381 4087 inchoatur
402 4026 530 4089 circatio.
552 4028 674 4105 Oportet
693 4032 802 4109 igitur,
824 4037 857 4093 ut
877 4033 993 4108 quotics
1015 4028 1138 4089 eftectus
1162 4032 1215 4091 aii·
