2892 4425
240 362 295 416 iii
567 364 808 409 unaaararcaa
829 362 990 409 arretium

239 482 400 537 ceterorum
414 487 554 533 manum
565 472 698 533 obiectis.
709 474 744 532 in
758 472 864 549 quibua
878 471 1020 547 protecto,
1032 472 1088 531 niai
1101 486 1202 533 eorum
1218 490 1323 551 perca·

237 575 440 651 priores-ante
458 570 577 631 habitae
587 577 807 647 revocarentur,
822 571 1026 630 convenientia
1039 575 1092 629 aut
1101 569 1320 649 discrepantia,

239 684 329 748 quarn
340 685 408 727 cum
420 668 618 745 praeacutibua
631 668 848 729 ”mationibus
862 667 984 743 habent,
997 681 1056 726 non
1070 671 1293 744 perspiceretur.

297 766 354 827 Sed
372 770 408 825 ut
425 766 498 825 haec
517 773 596 827 certa
610 770 732 842 rataque
747 768 826 840 sint,
851 764 938 841 ionga
956 769 1054 824 tamen
1075 781 1094 823 a
1114 764 1157 824 Da
1179 764 1319 827 Gerando

236 864 442 925 diaocdcndum
454 871 509 939 cat,
530 866 582 941 qui
602 880 753 940 perperam
772 864 909 939 opinatur
926 864 1136 938 imaginatione
1150 878 1211 923 non
1227 864 1317 925 modo

237 965 416 1023 ιιιιιιιίοιιιι
438 962 551 1036 eiapcaa
572 960 741 1037 reprodnci,
767 975 869 1019 verum
897 960 984 1019 etiam
1004 964 1116 1020 ceteras
1139 962 1231 1019 animi
1243 976 1314 1036 ope·

238 1064 376 1137 udones,
397 1076 473 1137 quae
497 1065 549 1119 aut
568 1059 606 1117 ad
626 1057 847 1135 intelligentiam
862 1064 915 1118 aut
935 1057 973 1117 ad
989 1060 1199 1118 muscientiam
1213 1060 1317 1119 autad

150 1225 155 1235 ι
238 1161 418 1220 voluntatem
437 1160 582 1233 pertinent
604 1160 626 1215 ¹.
651 1158 708 1230 Qui
729 1171 809 1214 error
836 1171 873 1213 ex
894 1154 1028 1215 doctrine
1046 1154 1119 1215 Reid
1139 1162 1169 1214 et
1189 1154 1317 1217 Stewart

237 1258 387 1319 derivatus
407 1261 463 1332 cat,
484 1258 535 1330 qui
555 1256 797 1330 imaginationem
814 1268 882 1311 cum
894 1253 1020 1327 aimpiici
1034 1255 1139 1313 mentia
1160 1256 1317 1315 intuitione

237 1353 423 1416 contundunt
434 1356 459 1411 ².
472 1352 582 1411 Verum
601 1351 674 1411 hoec
694 1350 802 1427 oppido
816 1350 979 1427 reparanda
998 1357 1069 1410 aunt
1094 1356 1205 1411 mutuo.
1222 1352 1314 1411 iiam·

188 1527 193 1534 .
238 1468 296 1527 que
314 1451 485 1525 imaginatio
498 1451 560 1508 vim
579 1449 721 1508 uendendi
735 1464 795 1507 uon
809 1456 940 1525 copem,
956 1454 990 1508 ut
1008 1445 1258 1525 evidenter'patot
1277 1466 1316 1510 ex

238 1565 292 1623 eo,
320 1546 400 1623 quod
424 1548 453 1603 in
476 1544 571 1605 brutia
592 1548 681 1606 etiam
706 1546 905 1607 animantibus
925 1547 1025 1622 vtgci3
1054 1560 1129 1621 quae
1150 1544 1189 1604 ab
1217 1547 1317 1606 excri-

238 1644 329 1705 tantia
346 1644 580 1718 pmeatantiaque
596 1642 724 1702 hominia
746 1642 834 1719 ionga
854 1648 935 1719 aunt,
957 1648 1046 1719 etque
1064 1642 1131 1701 ideo
1148 1642 1315 1719 intelligan-

238 1742 292 1817 tia,
313 1741 500 1815 conscientia,
522 1740 672 1799 voiuntota
694 1740 847 1801 orbantur.
870 1741 968 1813 Quare
985 1742 1155 1817 imaginatio
1175 1740 1317 1801 diiuncta

237 1852 357 1918 proreoe
376 1836 502 1896 iacuitea
523 1842 568 1895 eat
593 1843 623 1896 at
650 1837 736 1915 ionga
758 1838 878 1897 interior
897 1836 1086 1897 iacuitatibus
1105 1836 1314 1914 intciiectivia3

239 1935 278 1995 ad
296 1948 422 2010 qnamm
442 1933 564 2010 proinde
576 1932 689 1993 obiecta
702 1950 734 1995 ae
748 1938 895 2012 porrigere
914 1936 1083 2011 neutiquam
1104 1942 1210 2010 potet.
1225 1934 1316 1995 Nuiia

238 2034 317 2093 enim
338 2031 462 2091 iacuiiea
484 2038 568 2091 extra
590 2029 733 2091 ambitum
755 2031 946 2107 obiectorum,
967 2047 1043 2107 quae
1064 2033 1093 2089 ri
1116 2036 1238 2091 naturae
1256 2030 1314 2091 eibi

238 2135 426 2206 competunt,
447 2135 600 2205 evagatur.
624 2129 669 2189 Ac
689 2144 760 2190 eane
784 2131 850 2204 quia
872 2131 934 2204 pati
948 2135 1048 2204 poaact
1069 2131 1209 2189 rationem
1231 2129 1315 2189 iiiam

239 2229 394 2306 loquendi,
414 2241 504 2304 qnam
524 2226 627 2302 probat
652 2227 698 2286 iic
718 2228 870 2304 iterando,
891 2235 926 2289 ut
950 2227 1193 2304 quemadmodum
1213 2243 1313 2289 aenam

238 2330 334 2388 tionea
353 2328 522 2402 pmcteritoa
543 2329 697 2401 imaginari
717 2325 862 2402 dicimur,
886 2329 928 2387 ita
953 2328 1040 2386 ιῐΙιιιι
1062 2329 1215 2404 imaginari
1234 2327 1315 2387 dica-

239 2439 306 2486 mur
324 2422 487 2483 subiectum
501 2425 645 2499 cogitans,
667 2438 702 2482 ac
720 2438 818 2482 rerum
839 2431 922 2483 extra
941 2441 994 2484 noa
1008 2427 1167 2500 positarum
1186 2426 1314 2484 existen·

238 2523 333 2584 demi
352 2520 472 2581 Obiecta
490 2519 633 2580 eiusmodi
657 2523 788 2581 rovorari
813 2521 932 2597 quidem
953 2523 1094 2581 memoria
1118 2527 1256 2598 poaauut3
1281 2529 1316 2582 at

238 2619 443 2695 phantasmata
454 2618 571 2691 proprie
584 2619 793 2692 repracaentori
803 2633 862 2676 non
872 2625 1004 2694 poaautn.
1019 2618 1079 2678 Noc
1093 2634 1162 2680 vcro
1173 2618 1313 2679 contundi

239 2715 324 2776 debet
339 2713 523 2790 reproductio
540 2713 783 2774 inteiiectuaiium
798 2714 942 2791 idearum,
957 2732 1032 2792 quaa
1041 2720 1151 2800 mentis
1166 2723 1222 2792 eat,
1244 2731 1313 2776 cum

239 2812 458 2888 reproductione
477 2810 729 2888 phantaamatum,
750 2827 825 2888 quae
846 2812 884 2873 ad
905 2813 1124 2874 sensibilitatem
1146 2815 1283 2898 pertinet.

297 2910 364 2980 Qua
382 2911 416 2966 in
438 2924 470 2966 re
490 2908 705 2969 ohaervondum
731 2915 776 2968 eat
798 2911 1037 2986 imaginationem
1062 2911 1101 2971 ad
1118 2911 1249 2970 ordinem
1272 2913 1315 2970 vi-

239 3011 286 3064 toe
304 3003 419 3064 aenaiiia
442 3019 494 3079 per
513 3019 545 3064 ae
568 3005 681 3082 reterri,
705 3011 794 3084 etque
819 3006 884 3067 ideo
906 3006 1059 3068 brutorum
1078 3011 1185 3084 etiam,
1208 3009 1313 3069 saitem

299 3201 374 3249 iiico
388 3201 474 3261 cinnes
489 3201 517 3250 ci
531 3197 565 3248 dc
581 3199 644 3249 i'uri
659 3199 693 3250 dc
705 3213 801 3264 pensor
822 3203 839 3253 i.
854 3203 927 3266 i,cir.
941 3211 964 3255 i.

297 3279 418 3330 iiiorum
434 3278 495 3328 alter
512 3279 576 3329 inter
591 3281 673 3330 namra
688 3281 725 3331 cic
743 3283 836 3346 inquit:
856 3303 868 3326 ι
885 3284 1073 3348 L'imaginaiion
1091 3283 1228 3347 distinguia
1244 3283 1276 3335 dc
1290 3285 1316 3334 ia

240 3381 252 3403 κ
269 3360 413 3424 conception
433 3359 495 3410 n'eei
511 3361 603 3424 qu’unc
621 3361 772 3424 applicaticn
791 3363 950 3426 particuiiera
968 3363 999 3414 do
1017 3365 1081 3414 cette
1100 3363 1199 3414 iacuiie.
1220 3359 1317 3413 on'de·

238 3459 251 3484 ι
267 3440 336 3502 aigne
354 3453 413 3490 aona
435 3452 463 3489 oe
483 3439 542 3490 titre
553 3441 577 3490 ia
595 3443 742 3505 conception
760 3441 804 3492 dee
822 3443 901 3505 objeta
918 3443 950 3492 dc
965 3443 990 3493 ia
1005 3457 1060 3493 vua.
1074 3463 1087 3486 ι
1105 3445 1196 3493 Eutaia
1210 3455 1260 3493 rur
1278 3442 1316 3492 ica

234 3517 337 3580 sonuit.
352 3518 385 3569 dc
401 3517 497 3582 i’Bapr.
513 3520 857 3584 itum.torn.2,iioa.i,ci1.
873 3531 893 3572 i.
907 3523 975 3572 aiter
989 3535 1057 3585 vero,
1073 3525 1206 3586 postquam
1226 3535 1316 3572 munna

237 3598 382 3661 phantasiae
399 3598 520 3662 united,
535 3613 611 3663 quarn
627 3602 813 3665 conceptionem
827 3602 948 3666 nominat,
971 3603 1071 3664 tribuit,
1097 3603 1158 3653 haec
1173 3601 1313 3664 subiungit:

238 3698 250 3722 a
269 3681 306 3728 iio
323 3693 352 3730 ce
371 3692 447 3741 aena,
462 3680 487 3730 ic
504 3683 558 3730 mot
573 3685 726 3745 conception
745 3682 945 3746 correspondet
965 3695 994 3733 ce
1012 3695 1062 3746 quc
1081 3681 1117 3732 ica
1137 3681 1318 3744 metuique

237 3781 250 3802 ιι
266 3761 417 3827 appetioicni
435 3761 460 3810 ia
477 3762 571 3826 atmpie
589 3763 789 3827 apprehensione.
809 3766 845 3814 La
861 3764 930 3814 aeuic
945 3763 1079 3814 dittirencc
1101 3765 1139 3814 cat
1158 3763 1232 3826 qu’iia
1251 3775 1317 3811 com·

238 3861 250 3884 o
267 3842 396 3904 prenoicni
416 3854 474 3892 roua
493 3855 523 3891 cc
541 3841 640 3892 dernier
660 3845 714 3893 moi
738 3843 934 3906 i'appreirenaion
952 3843 996 3894 dea
1016 3843 1182 3907 propositioni
1191 3839 1317 3905 penimice

239 3943 252 3964 u
268 3935 300 3972 au
316 3921 366 3972 iicu
385 3935 435 3986 quc
449 3922 475 3984 ja
491 3923 569 3973 borna
585 3924 610 3973 ic
622 3935 679 3973 aena
693 3922 728 3972 du
747 3925 800 3973 moi
815 3925 967 3987 conception
982 3922 998 3972 t
1015 3935 1061 3973 nor
1076 3921 1213 3973 moion
1228 3921 1253 3970 et
1266 3931 1317 3969 aux

237 4022 252 4068 κ,
266 4002 345 4064 objeta
360 4004 391 4055 dc
404 4017 450 4054 noa
463 4003 626 4068 perceptione.
639 4023 651 4048 ν
662 4004 747 4056 Elem.
757 4003 789 4053 dc
805 4004 833 4054 iu
847 4003 914 4068 ptii.
930 4003 963 4054 de
978 4003 1064 4068 i'capr.
1079 4003 1153 4053 ium.
1164 4005 1182 4051 i.
1201 4007 1222 4064 i,
1235 4001 1275 4050 cir.
1291 4009 1314 4051 a.
