2892 4425
253 376 311 432 tto
578 365 819 428 amiseramus
838 377 1000 432 arterium

252 491 475 554 eldmemlmao
487 493 566 550 artas
578 487 805 566 portandalruui.
826 486 984 551 Enimvero
1002 499 1092 564 quam
1111 499 1205 563 aaqra
1217 487 1341 564 aaa*

253 593 367 664 eimua,
387 587 535 648 humanae
557 585 730 664 prudentiae
753 590 783 645 et
803 583 975 647 calliditatis
997 581 1150 646 molimina
1170 583 1233 644 lois
1255 583 1340 647 oeub

253 699 339 748 ruere
357 673 532 760 omnemque
547 682 660 744 aditum
674 682 891 744 fraudulentiae
908 680 1022 744 artibnu
1039 679 1213 743 mmundti
1236 681 1339 758 Quam

253 799 340 860 saepe
360 782 454 846 ardua
472 782 629 842 donamina
645 780 796 858 validique
809 781 891 840 uuna
904 780 986 840 omni
1005 783 1150 856 apparatu
1169 777 1339 839 amandum

254 881 435 942 mundanam
454 879 618 940 rumdam
636 878 775 938 instructi
796 879 947 936 inermum
966 875 1114 951 neddere3
1135 882 1240 936 eontra
1263 891 1338 936 seru

254 981 363 1058 exigua
382 991 482 1038 rerum
500 975 623 1036 exordia
646 974 736 1034 nubis
761 972 836 1034 luite
861 971 1049 1034 adminiculis
1073 988 1106 1032 ae
1129 974 1161 1034 in
1183 973 1337 1050 ingenitam

255 1076 363 1137 molem
381 1074 566 1136 eanimruuti
590 1072 687 1147 liaeo,
700 1085 778 1150 quae
797 1071 885 1148 leuge
897 1069 1085 1149 prolixiorem
1099 1070 1263 1133 ontionem
1282 1085 1337 1130 aa·

254 1178 424 1251 poaoerout,
439 1171 601 1232 humanam
620 1171 818 1246 pervieeaiam
839 1169 914 1228 mire
928 1167 1130 1249 eoumndmt,
1144 1173 1174 1228 et
1190 1167 1246 1228 liri
1265 1185 1337 1246 pan

255 1269 416 1330 ridentium
436 1268 586 1330 luculento
605 1267 788 1346 pateiaeiunt
805 1266 986 1326 testimonio.

316 1367 413 1430 obite.
434 1367 490 1428 ΙΙΙ.
511 1365 548 1426 lu
567 1365 679 1427 mundo
703 1380 798 1442 aequa
821 1380 882 1426 nnn
906 1369 953 1424 eat
976 1361 1120 1427 bonorum
1142 1362 1336 1444 disuibntin3

257 1479 327 1526 nam
341 1465 421 1544 irugi
437 1464 611 1540 honestique
630 1463 763 1523 homines
783 1463 882 1539 inopia
894 1468 926 1522 et
938 1459 1155 1522 miamitatlbus
1170 1463 1338 1526 innumera

256 1562 456 1638 affluerentur,
480 1567 582 1622 eontra
606 1561 747 1638 dagtdmi
772 1575 808 1622 aa
833 1574 960 1636 nequam
984 1557 1096 1622 divitiis
1120 1565 1150 1618 st
1173 1557 1339 1622 muamus

257 1658 396 1720 allinunt.
418 1657 498 1718 ilaec
518 1663 615 1718 autem
635 1673 704 1718 eum
717 1657 770 1718 llol
791 1655 994 1733 prouidentia,
1007 1670 1083 1734 quae
1101 1657 1182 1716 iustu
1200 1671 1266 1721 tuae
1284 1656 1337 1718 de-

257 1753 357 1832 beret,
376 1754 528 1814 eonciliari
547 1770 609 1815 non
628 1761 765 1830 possunt.

317 1850 490 1928 despondeo
512 1853 621 1912 mirum
642 1867 707 1912 ease
726 1853 757 1911 iu
777 1852 897 1928 quanda
921 1849 1081 1914 difficultas
1105 1850 1180 1912 baeu
1203 1851 1334 1913 debriat.

257 1948 292 2009 in
313 1951 417 2026 primia
435 1950 515 2008 euim
528 1949 645 2035 ,falsum
664 1955 711 2010 est
731 1951 892 2027 generatim
911 1947 1019 2025 probos
1039 1950 1069 2008 in
1090 1951 1259 2026 nummula,
1278 1951 1337 2013 iar-

258 2048 323 2126 pios
342 2047 475 2108 immines
495 2063 610 2126 semper
623 2048 656 2107 in
669 2048 861 2124 prosperitate
880 2047 1003 2108 rameri.
1024 2045 1088 2107 Etsi
1101 2047 1178 2106 euim
1199 2046 1230 2108 id
1249 2063 1338 2129 saepe

232 2169 237 2176 ·
257 2147 429 2225 emungat,
449 2151 549 2206 tamen
569 2160 657 2223 uaepe
676 2146 766 2208 etiam
787 2145 967 2207 eontrarium
991 2144 1054 2204 elue
1076 2143 1235 2206 interemit
1255 2145 1337 2221 Qua·

152 2248 156 2257 '
258 2252 377 2321 propter
396 2243 598 2321 quaerendum
621 2259 682 2304 uon
701 2249 747 2306 est
770 2258 823 2305 eur
848 2243 918 2311 lusti
938 2247 1104 2321 angantur,
1124 2245 1210 2319 praei
1231 2248 1337 2303 annun

259 2342 452 2418 soeplteutur3
466 2341 518 2403 sed
533 2343 631 2418 potina
644 2356 698 2401 eor
713 2342 849 2420 utrique,
862 2345 951 2419 prout
964 2355 1062 2401 rerum
1077 2340 1335 2421 elementatus,

259 2435 345 2499 bonis
357 2445 387 2499 et
400 2438 486 2499 melis
507 2438 596 2502 huius
610 2440 689 2500 vitae
702 2440 868 2516 promiscue
887 2436 1096 2516 sublieinutur;
1113 2438 1159 2501 vei
1173 2441 1264 2500 etiam
1283 2456 1338 2501 nur

258 2539 421 2614 praeeuntis
445 2539 513 2599 aevi
533 2536 751 2599 calamitatibus
776 2538 844 2597 iusti
865 2552 925 2597 uon
948 2538 1134 2617 eximantur,
1155 2553 1210 2603 nso
1231 2544 1338 2608 ooutra

258 2635 345 2710 pravi
364 2632 566 2695 inmlnmitate
586 2636 749 2710 priventur.

318 2728 377 2790 Sed
396 2732 422 2791 ai
441 2730 586 2792 eiusmodi
606 2730 659 2792 ilat
671 2732 885 2809 interrogatio,
901 2735 935 2791 ut
955 2731 1024 2791 iude
1042 2731 1161 2791 diuinae
1182 2732 1338 2807 prouidere

259 2827 318 2887 tiae
335 2828 511 2889 minuendae
525 2845 598 2889 ausa
614 2817 764 2905 sumatur;
779 2828 932 2905 multiplex
946 2844 1118 2905 rmpousum
1135 2836 1253 2907 pruneto
1268 2834 1336 2891 erit.

259 2923 410 3003 Primum,
424 2925 489 2985 ideo
509 2927 541 2986 id
560 2930 715 3004 usuvenit,
730 2928 800 3005 quia
820 2932 977 3003 utrumque
994 2927 1147 2988 homiuum
1168 2944 1262 3005 genus
1282 2928 1338 2993 hu·

260 3034 366 3081 manae
385 3028 509 3083 namrae
521 3022 688 3085 uenditioue
700 3030 831 3101 tenetur,
847 3028 936 3102 atque
948 3032 1101 3103 propterea
1115 3025 1203 3087 huius
1222 3026 1339 3089 uiribus

261 3117 510 3196 varietutibuaque
529 3118 694 3182 subiicitur.
715 3123 762 3183 Ex
775 3138 834 3201 quo
848 3122 922 3184 illud
942 3126 1064 3203 emergit
1078 3129 1110 3185 ut
1129 3138 1183 3200 pro
1202 3123 1338 3185 mutabili

157 3300 162 3309 .
259 3232 359 3277 rerum
380 3222 489 3277 eventu
512 3219 721 3296 actionumque
743 3220 901 3293 liberarum
925 3238 1015 3308 eursu
1040 3221 1113 3299 (qul
1135 3228 1212 3283 eene
1233 3222 1339 3283 diuina

260 3313 446 3391 providentia
461 3332 520 3376 uon
535 3315 674 3377 adimitur
694 3318 747 3379 sed
767 3319 893 3397 regitur)
916 3320 995 3381 mula
1008 3320 1108 3396 aliqua
1122 3320 1168 3381 vel
1181 3319 1259 3382 bona
1273 3328 1337 3381 tum

260 3414 292 3473 iu
311 3412 404 3475 bonos
423 3419 488 3475 tum
507 3416 539 3475 iu
561 3414 653 3477 maim
673 3416 807 3477 immines
827 3418 1014 3495 proveniant.
1036 3417 1121 3495 Quod
1143 3419 1168 3481 si
1190 3416 1271 3479 Dens
1291 3420 1337 3482 iu·

260 3518 339 3574 stum
359 3513 465 3590 quavis
482 3514 648 3575 emunitate
668 3514 821 3592 liberaret,
836 3518 958 3593 impium
979 3519 1078 3577 statim
1091 3523 1158 3595 poet
1170 3516 1268 3579 aeolos
1286 3516 1337 3579 ad·

261 3610 386 3670 missum
406 3626 499 3687 poena
519 3611 680 3690 plecteret,
700 3629 760 3672 non
780 3612 868 3673 modo
893 3613 1036 3677 libertatis
1056 3632 1142 3675 usum
1166 3616 1337 3693 plerumque

260 3706 443 3786 praepedire,
459 3708 512 3769 sed
530 3712 619 3770 etiam
634 3727 731 3772 rernm
746 3712 925 3774 naturalium
945 3728 1063 3773 cursum
1085 3711 1203 3773 assidue
1222 3712 1339 3773 deberet

261 3806 415 3867 invertere.
436 3806 522 3883 Quod
542 3808 660 3885 quidem
681 3812 736 3870 etsi
756 3812 866 3887 possit,
881 3816 979 3871 tamen
995 3826 1055 3870 nou
1073 3809 1157 3871 deeet
1177 3816 1210 3871 ut
1230 3810 1337 3887 iaciat,

260 3918 344 3965 seona
364 3904 529 3965 naturalem
550 3907 683 3968 ordinem
702 3924 858 3971 causarum
879 3924 996 3985 mesum
1016 3906 1101 3971 daret
1121 3923 1156 3968 ae
1177 3909 1275 3987 legum
1293 3924 1339 3987 ge·

261 4001 405 4063 nmalium
429 4006 624 4065 onustantiam
645 4012 676 4067 et
698 4008 758 4067 uim
782 4012 971 4084 perverteret.
997 4004 1045 4067 Ad
1070 4008 1244 4083 sapientiam
1271 4022 1339 4069 vero
