<?xml version="1.0" encoding="UTF-8"?>
<!DOCTYPE html PUBLIC "-//W3C//DTD XHTML 1.0 Transitional//EN"
    "http://www.w3.org/TR/xhtml1/DTD/xhtml1-transitional.dtd">
<html xmlns="http://www.w3.org/1999/xhtml" xml:lang="en" lang="en">
 <head>
  <title>
</title>
<meta http-equiv="Content-Type" content="text/html;charset=utf-8" />
  <meta name='ocr-system' content='tesseract 3.04.00' />
  <meta name='ocr-capabilities' content='ocr_page ocr_carea ocr_par ocr_line ocrx_word'/>
</head>
<body>
  <div class='ocr_page' id='page_1' title='image "./institutionesph01libegoog_0159.png"; bbox 0 0 2892 4425; ppageno 0'>
   <div class='ocr_carea' id='block_1_1' title="bbox 528 342 1191 399">
    <p class='ocr_par' dir='ltr' id='par_1_1' title="bbox 528 342 1191 399">
     <span class='ocr_line' id='line_1_1' title="bbox 528 342 1191 399; baseline 0 0"><span class='ocrx_word' id='word_1_1' title='bbox 528 355 587 399; x_wconf 78' lang='lat' dir='ltr'><strong>sau</strong></span> <span class='ocrx_word' id='word_1_2' title='bbox 607 355 787 399; x_wconf 78' lang='lat' dir='ltr'><strong>onroronrs</strong></span> <span class='ocrx_word' id='word_1_3' title='bbox 838 342 840 351; x_wconf 87' lang='grc'>’</span> <span class='ocrx_word' id='word_1_4' title='bbox 999 354 1001 359; x_wconf 92' lang='grc'><strong><em>·</em></strong></span> <span class='ocrx_word' id='word_1_5' title='bbox 1137 348 1191 399; x_wconf 74' lang='lat' dir='ltr'><strong>tii</strong></span> 
     </span>
    </p>
   </div>
   <div class='ocr_carea' id='block_1_2' title="bbox 117 462 1199 1332">
    <p class='ocr_par' dir='ltr' id='par_1_2' title="bbox 117 462 1199 1332">
     <span class='ocr_line' id='line_1_2' title="bbox 118 462 1193 543; baseline 0.002 -17"><span class='ocrx_word' id='word_1_6' title='bbox 118 480 176 543; x_wconf 86' lang='lat' dir='ltr'><strong>que</strong></span> <span class='ocrx_word' id='word_1_7' title='bbox 193 466 225 525; x_wconf 86' lang='lat' dir='ltr'><strong>iu</strong></span> <span class='ocrx_word' id='word_1_8' title='bbox 236 465 372 543; x_wconf 66' lang='lat' dir='ltr'><strong>⁴ungulis</strong></span> <span class='ocrx_word' id='word_1_9' title='bbox 393 462 521 525; x_wconf 76' lang='lat' dir='ltr'><strong>mulus.</strong></span> <span class='ocrx_word' id='word_1_10' title='bbox 542 464 591 525; x_wconf 83' lang='lat' dir='ltr'><strong>Sio</strong></span> <span class='ocrx_word' id='word_1_11' title='bbox 611 481 678 525; x_wconf 90' lang='lat' dir='ltr'><strong>eum</strong></span> <span class='ocrx_word' id='word_1_12' title='bbox 696 468 779 527; x_wconf 88' lang='lat' dir='ltr'><strong>noilo</strong></span> <span class='ocrx_word' id='word_1_13' title='bbox 795 468 870 526; x_wconf 78' lang='lat' dir='ltr'><strong>entis</strong></span> <span class='ocrx_word' id='word_1_14' title='bbox 890 482 907 525; x_wconf 86' lang='lat' dir='ltr'><strong>a</strong></span> <span class='ocrx_word' id='word_1_15' title='bbox 926 466 1009 527; x_wconf 90' lang='lat' dir='ltr'><strong>lluito</strong></span> <span class='ocrx_word' id='word_1_16' title='bbox 1029 474 1060 528; x_wconf 88' lang='lat' dir='ltr'><strong>et</strong></span> <span class='ocrx_word' id='word_1_17' title='bbox 1078 466 1193 529; x_wconf 88' lang='lat' dir='ltr'><strong>inllnlto</strong></span> 
     </span>
     <span class='ocr_line' id='line_1_3' title="bbox 117 562 1193 642; baseline 0.003 -19"><span class='ocrx_word' id='word_1_18' title='bbox 117 562 322 641; x_wconf 82' lang='lat' dir='ltr'><strong>praesnlnlere</strong></span> <span class='ocrx_word' id='word_1_19' title='bbox 342 567 574 640; x_wconf 82' lang='lat' dir='ltr'><strong>niquo&#39;uiroqne</strong></span> <span class='ocrx_word' id='word_1_20' title='bbox 595 563 756 641; x_wconf 69' lang='lat' dir='ltr'><strong>generalior</strong></span> <span class='ocrx_word' id='word_1_21' title='bbox 775 580 838 623; x_wconf 74' lang='lat' dir='ltr'><strong>mse</strong></span> <span class='ocrx_word' id='word_1_22' title='bbox 856 564 980 642; x_wconf 60' lang='lat' dir='ltr'><strong>(licitum</strong></span> <span class='ocrx_word' id='word_1_23' title='bbox 1005 564 1033 625; x_wconf 85' lang='lat' dir='ltr'><strong>id</strong></span> <span class='ocrx_word' id='word_1_24' title='bbox 1059 566 1193 630; x_wconf 75' lang='lat' dir='ltr'><strong>noulert</strong></span> 
     </span>
     <span class='ocr_line' id='line_1_4' title="bbox 117 660 1199 741; baseline 0.004 -20"><span class='ocrx_word' id='word_1_25' title='bbox 117 662 148 721; x_wconf 80' lang='lat' dir='ltr'><strong>in</strong></span> <span class='ocrx_word' id='word_1_26' title='bbox 172 661 233 721; x_wconf 88' lang='lat' dir='ltr'><strong>iilis</strong></span> <span class='ocrx_word' id='word_1_27' title='bbox 253 660 373 721; x_wconf 75' lang='lat' dir='ltr'><strong>obiectu</strong></span> <span class='ocrx_word' id='word_1_28' title='bbox 392 663 645 737; x_wconf 70' lang='lat' dir='ltr'><strong>participationem</strong></span> <span class='ocrx_word' id='word_1_29' title='bbox 667 662 759 722; x_wconf 81' lang='lat' dir='ltr'><strong>ullmn</strong></span> <span class='ocrx_word' id='word_1_30' title='bbox 782 662 909 723; x_wconf 77' lang='lat' dir='ltr'><strong>eiusdem</strong></span> <span class='ocrx_word' id='word_1_31' title='bbox 932 662 1117 741; x_wconf 70' lang='lat' dir='ltr'><strong>puleotlonis</strong></span> <span class='ocrx_word' id='word_1_32' title='bbox 1141 670 1199 725; x_wconf 84' lang='lat' dir='ltr'><strong>aut</strong></span> 
     </span>
     <span class='ocr_line' id='line_1_5' title="bbox 118 761 1193 840; baseline 0.002 -17"><span class='ocrx_word' id='word_1_33' title='bbox 118 762 226 823; x_wconf 87' lang='lat' dir='ltr'><strong>saliem</strong></span> <span class='ocrx_word' id='word_1_34' title='bbox 246 762 378 837; x_wconf 67' lang='lat' dir='ltr'><strong>minan,</strong></span> <span class='ocrx_word' id='word_1_35' title='bbox 396 775 473 837; x_wconf 83' lang='lat' dir='ltr'><strong>quae</strong></span> <span class='ocrx_word' id='word_1_36' title='bbox 488 767 583 837; x_wconf 81' lang='lat' dir='ltr'><strong>&#39;aequo</strong></span> <span class='ocrx_word' id='word_1_37' title='bbox 600 761 687 820; x_wconf 82' lang='lat' dir='ltr'><strong>morlo</strong></span> <span class='ocrx_word' id='word_1_38' title='bbox 707 778 741 820; x_wconf 85' lang='lat' dir='ltr'><strong>se</strong></span> <span class='ocrx_word' id='word_1_39' title='bbox 758 761 884 838; x_wconf 81' lang='lat' dir='ltr'><strong>habent3</strong></span> <span class='ocrx_word' id='word_1_40' title='bbox 903 763 954 822; x_wconf 76' lang='lat' dir='ltr'><strong>sul</strong></span> <span class='ocrx_word' id='word_1_41' title='bbox 971 766 1109 840; x_wconf 81' lang='lat' dir='ltr'><strong>importat</strong></span> <span class='ocrx_word' id='word_1_42' title='bbox 1127 770 1193 824; x_wconf 86' lang='lat' dir='ltr'><strong>ian·</strong></span> 
     </span>
     <span class='ocr_line' id='line_1_6' title="bbox 117 859 1194 938; baseline -0.002 -15"><span class='ocrx_word' id='word_1_43' title='bbox 117 867 182 923; x_wconf 88' lang='lat' dir='ltr'><strong>tum</strong></span> <span class='ocrx_word' id='word_1_44' title='bbox 205 861 389 920; x_wconf 84' lang='lat' dir='ltr'><strong>existentiam</strong></span> <span class='ocrx_word' id='word_1_45' title='bbox 414 859 540 935; x_wconf 70' lang='lat' dir='ltr'><strong>siculus</strong></span> <span class='ocrx_word' id='word_1_46' title='bbox 564 859 716 935; x_wconf 76' lang='lat' dir='ltr'><strong>analogiae</strong></span> <span class='ocrx_word' id='word_1_47' title='bbox 733 862 764 919; x_wconf 89' lang='lat' dir='ltr'><strong>ln</strong></span> <span class='ocrx_word' id='word_1_48' title='bbox 786 860 916 921; x_wconf 75' lang='lat' dir='ltr'><strong>realitate</strong></span> <span class='ocrx_word' id='word_1_49' title='bbox 930 862 1094 938; x_wconf 49' lang='lat' dir='ltr'><strong>“utriusquo</strong></span> <span class='ocrx_word' id='word_1_50' title='bbox 1118 864 1194 921; x_wconf 85' lang='lat' dir='ltr'><strong>eutis</strong></span> 
     </span>
     <span class='ocr_line' id='line_1_7' title="bbox 117 958 1194 1038; baseline 0.004 -19"><span class='ocrx_word' id='word_1_51' title='bbox 117 960 249 1037; x_wconf 83' lang='lat' dir='ltr'><strong>propria.</strong></span> <span class='ocrx_word' id='word_1_52' title='bbox 273 958 356 1031; x_wconf 79' lang='lat' dir='ltr'><strong>Quae</strong></span> <span class='ocrx_word' id='word_1_53' title='bbox 368 958 485 1034; x_wconf 81' lang='lat' dir='ltr'><strong>quidem</strong></span> <span class='ocrx_word' id='word_1_54' title='bbox 506 958 641 1036; x_wconf 75' lang='lat' dir='ltr'><strong>analogia</strong></span> <span class='ocrx_word' id='word_1_55' title='bbox 656 961 687 1018; x_wconf 90' lang='lat' dir='ltr'><strong>in</strong></span> <span class='ocrx_word' id='word_1_56' title='bbox 704 974 739 1017; x_wconf 88' lang='lat' dir='ltr'><strong>eo</strong></span> <span class='ocrx_word' id='word_1_57' title='bbox 758 961 814 1017; x_wconf 87' lang='lat' dir='ltr'><strong>sita</strong></span> <span class='ocrx_word' id='word_1_58' title='bbox 830 965 887 1034; x_wconf 82' lang='lat' dir='ltr'><strong>est,</strong></span> <span class='ocrx_word' id='word_1_59' title='bbox 906 960 983 1035; x_wconf 82' lang='lat' dir='ltr'><strong>quod</strong></span> <span class='ocrx_word' id='word_1_60' title='bbox 1002 962 1081 1021; x_wconf 86' lang='lat' dir='ltr'><strong>entia</strong></span> <span class='ocrx_word' id='word_1_61' title='bbox 1098 960 1194 1038; x_wconf 85' lang='lat' dir='ltr'><strong>linito,</strong></span> 
     </span>
     <span class='ocr_line' id='line_1_8' title="bbox 117 1040 1193 1135; baseline 0 -16"><span class='ocrx_word' id='word_1_62' title='bbox 117 1059 188 1119; x_wconf 81' lang='lat' dir='ltr'><strong>lioui</strong></span> <span class='ocrx_word' id='word_1_63' title='bbox 209 1057 350 1117; x_wconf 84' lang='lat' dir='ltr'><strong>limitibus</strong></span> <span class='ocrx_word' id='word_1_64' title='bbox 367 1057 497 1134; x_wconf 84' lang='lat' dir='ltr'><strong>undique</strong></span> <span class='ocrx_word' id='word_1_65' title='bbox 514 1057 745 1134; x_wconf 68' lang='lat' dir='ltr'><strong>adstringantur,</strong></span> <span class='ocrx_word' id='word_1_66' title='bbox 766 1063 863 1117; x_wconf 86' lang='lat' dir='ltr'><strong>tumen</strong></span> <span class='ocrx_word' id='word_1_67' title='bbox 883 1064 983 1133; x_wconf 77' lang='lat' dir='ltr'><strong>reapse</strong></span> <span class='ocrx_word' id='word_1_68' title='bbox 1004 1040 1075 1135; x_wconf 75' lang='lat' dir='ltr'><strong>sint,</strong></span> <span class='ocrx_word' id='word_1_69' title='bbox 1090 1065 1127 1117; x_wconf 64' lang='lat' dir='ltr'><strong>‘et</strong></span> <span class='ocrx_word' id='word_1_70' title='bbox 1143 1076 1193 1119; x_wconf 84' lang='lat' dir='ltr'><strong>eo-</strong></span> 
     </span>
     <span class='ocr_line' id='line_1_9' title="bbox 118 1155 1194 1233; baseline -0.003 -14"><span class='ocrx_word' id='word_1_71' title='bbox 118 1162 204 1219; x_wconf 85' lang='lat' dir='ltr'><strong>iitate</strong></span> <span class='ocrx_word' id='word_1_72' title='bbox 221 1172 275 1217; x_wconf 86' lang='lat' dir='ltr'><strong>sua</strong></span> <span class='ocrx_word' id='word_1_73' title='bbox 286 1156 417 1233; x_wconf 83' lang='lat' dir='ltr'><strong>intinito,</strong></span> <span class='ocrx_word' id='word_1_74' title='bbox 436 1172 471 1215; x_wconf 87' lang='lat' dir='ltr'><strong>eo</strong></span> <span class='ocrx_word' id='word_1_75' title='bbox 489 1156 577 1215; x_wconf 84' lang='lat' dir='ltr'><strong>morlo</strong></span> <span class='ocrx_word' id='word_1_76' title='bbox 594 1172 656 1232; x_wconf 84' lang='lat' dir='ltr'><strong>qao</strong></span> <span class='ocrx_word' id='word_1_77' title='bbox 673 1162 806 1231; x_wconf 75' lang='lat' dir='ltr'><strong>possum,</strong></span> <span class='ocrx_word' id='word_1_78' title='bbox 823 1155 1033 1233; x_wconf 70' lang='lat' dir='ltr'><strong>assimilentum</strong></span> <span class='ocrx_word' id='word_1_79' title='bbox 1055 1156 1194 1233; x_wconf 79' lang='lat' dir='ltr'><strong>quomed-</strong></span> 
     </span>
     <span class='ocr_line' id='line_1_10' title="bbox 118 1254 1195 1332; baseline -0.006 -13"><span class='ocrx_word' id='word_1_80' title='bbox 118 1256 240 1319; x_wconf 78' lang='lat' dir='ltr'><strong>snodum</strong></span> <span class='ocrx_word' id='word_1_81' title='bbox 260 1257 415 1332; x_wconf 70' lang='lat' dir='ltr'><strong>vestigium</strong></span> <span class='ocrx_word' id='word_1_82' title='bbox 432 1254 612 1315; x_wconf 82' lang='lat' dir='ltr'><strong>assimilatur</strong></span> <span class='ocrx_word' id='word_1_83' title='bbox 632 1254 743 1313; x_wconf 88' lang='lat' dir='ltr'><strong>homini</strong></span> <span class='ocrx_word' id='word_1_84' title='bbox 765 1255 818 1330; x_wconf 82' lang='lat' dir='ltr'><strong>qui</strong></span> <span class='ocrx_word' id='word_1_85' title='bbox 835 1255 930 1329; x_wconf 86' lang='lat' dir='ltr'><strong>ipsum</strong></span> <span class='ocrx_word' id='word_1_86' title='bbox 954 1255 1121 1331; x_wconf 80' lang='lat' dir='ltr'><strong>impressit,</strong></span> <span class='ocrx_word' id='word_1_87' title='bbox 1144 1261 1195 1314; x_wconf 88' lang='lat' dir='ltr'><strong>aut</strong></span> 
     </span>
    </p>
   </div>
   <div class='ocr_carea' id='block_1_3' title="bbox 119 1342 1289 1434">
    <p class='ocr_par' dir='ltr' id='par_1_3' title="bbox 119 1342 1289 1434">
     <span class='ocr_line' id='line_1_11' title="bbox 119 1342 1289 1434; baseline -0.002 -19"><span class='ocrx_word' id='word_1_88' title='bbox 119 1358 219 1434; x_wconf 85' lang='lat' dir='ltr'><strong>imago</strong></span> <span class='ocrx_word' id='word_1_89' title='bbox 245 1353 424 1414; x_wconf 78' lang='lat' dir='ltr'><strong>assimilatur</strong></span> <span class='ocrx_word' id='word_1_90' title='bbox 446 1342 623 1430; x_wconf 80' lang='lat' dir='ltr'><strong>prototypo,</strong></span> <span class='ocrx_word' id='word_1_91' title='bbox 650 1354 733 1412; x_wconf 80' lang='lat' dir='ltr'><strong>euius</strong></span> <span class='ocrx_word' id='word_1_92' title='bbox 755 1352 853 1429; x_wconf 80' lang='lat' dir='ltr'><strong>aliquo</strong></span> <span class='ocrx_word' id='word_1_93' title='bbox 882 1351 1055 1411; x_wconf 81' lang='lat' dir='ltr'><strong>linesmentu</strong></span> <span class='ocrx_word' id='word_1_94' title='bbox 1080 1358 1195 1413; x_wconf 86' lang='lat' dir='ltr'><strong>utoum·</strong></span> <span class='ocrx_word' id='word_1_95' title='bbox 1281 1402 1289 1413; x_wconf 90' lang='lat'>.</span> 
     </span>
    </p>
   </div>
   <div class='ocr_carea' id='block_1_4' title="bbox 120 1454 1255 3204">
    <p class='ocr_par' dir='ltr' id='par_1_4' title="bbox 120 1454 301 1532">
     <span class='ocr_line' id='line_1_12' title="bbox 120 1454 301 1532; baseline -0.018 -16"><span class='ocrx_word' id='word_1_96' title='bbox 120 1470 181 1532; x_wconf 81' lang='lat' dir='ltr'><strong>que</strong></span> <span class='ocrx_word' id='word_1_97' title='bbox 201 1454 301 1514; x_wconf 85' lang='lat' dir='ltr'><strong>relert.</strong></span> 
     </span>
    </p>

    <p class='ocr_par' dir='ltr' id='par_1_5' title="bbox 120 1472 1255 2612">
     <span class='ocr_line' id='line_1_13' title="bbox 183 1472 1195 1627; baseline -0.002 -16"><span class='ocrx_word' id='word_1_98' title='bbox 183 1553 260 1612; x_wconf 89' lang='lat' dir='ltr'><strong>lliuo</strong></span> <span class='ocrx_word' id='word_1_99' title='bbox 272 1526 369 1613; x_wconf 78' lang='lat' dir='ltr'><strong>tamen</strong></span> <span class='ocrx_word' id='word_1_100' title='bbox 383 1567 443 1610; x_wconf 89' lang='lat' dir='ltr'><strong>nou</strong></span> <span class='ocrx_word' id='word_1_101' title='bbox 456 1551 586 1627; x_wconf 82' lang='lat' dir='ltr'><strong>sequitur</strong></span> <span class='ocrx_word' id='word_1_102' title='bbox 595 1564 681 1626; x_wconf 84' lang='lat' dir='ltr'><strong>posse</strong></span> <span class='ocrx_word' id='word_1_103' title='bbox 691 1566 744 1609; x_wconf 84' lang='lat' dir='ltr'><strong>ons</strong></span> <span class='ocrx_word' id='word_1_104' title='bbox 758 1496 935 1611; x_wconf 79' lang='lat' dir='ltr'><strong>eouslderarl</strong></span> <span class='ocrx_word' id='word_1_105' title='bbox 949 1557 983 1609; x_wconf 89' lang='lat' dir='ltr'><strong>ut</strong></span> <span class='ocrx_word' id='word_1_106' title='bbox 997 1472 1195 1625; x_wconf 79' lang='lat' dir='ltr'><strong>praedicatum</strong></span> 
     </span>
     <span class='ocr_line' id='line_1_14' title="bbox 120 1647 1196 1728; baseline -0.002 -17"><span class='ocrx_word' id='word_1_107' title='bbox 120 1651 241 1728; x_wconf 78' lang='lat' dir='ltr'><strong>aliquod</strong></span> <span class='ocrx_word' id='word_1_108' title='bbox 257 1650 336 1728; x_wconf 84' lang='lat' dir='ltr'><strong>quod</strong></span> <span class='ocrx_word' id='word_1_109' title='bbox 359 1656 465 1709; x_wconf 83' lang='lat' dir='ltr'><strong>natura</strong></span> <span class='ocrx_word' id='word_1_110' title='bbox 485 1650 588 1709; x_wconf 86' lang='lat' dir='ltr'><strong>saltem</strong></span> <span class='ocrx_word' id='word_1_111' title='bbox 607 1648 759 1709; x_wconf 76' lang='lat' dir='ltr'><strong>antoeeiat</strong></span> <span class='ocrx_word' id='word_1_112' title='bbox 779 1648 880 1709; x_wconf 85' lang='lat' dir='ltr'><strong>Deum.</strong></span> <span class='ocrx_word' id='word_1_113' title='bbox 896 1648 971 1708; x_wconf 85' lang='lat' dir='ltr'><strong>Nam</strong></span> <span class='ocrx_word' id='word_1_114' title='bbox 989 1664 1042 1708; x_wconf 88' lang='lat' dir='ltr'><strong>ens</strong></span> <span class='ocrx_word' id='word_1_115' title='bbox 1062 1647 1196 1711; x_wconf 78' lang='lat' dir='ltr'><strong>absolute</strong></span> 
     </span>
     <span class='ocr_line' id='line_1_15' title="bbox 120 1748 1195 1827; baseline -0.003 -16"><span class='ocrx_word' id='word_1_116' title='bbox 120 1756 283 1827; x_wconf 62' lang='lat' dir='ltr'><strong>amptum,</strong></span> <span class='ocrx_word' id='word_1_117' title='bbox 299 1754 444 1826; x_wconf 84' lang='lat' dir='ltr'><strong>quatenus</strong></span> <span class='ocrx_word' id='word_1_118' title='bbox 461 1748 608 1808; x_wconf 84' lang='lat' dir='ltr'><strong>dolentum</strong></span> <span class='ocrx_word' id='word_1_119' title='bbox 620 1764 735 1807; x_wconf 86' lang='lat' dir='ltr'><strong>omnem</strong></span> <span class='ocrx_word' id='word_1_120' title='bbox 756 1754 786 1807; x_wconf 88' lang='lat' dir='ltr'><strong>et</strong></span> <span class='ocrx_word' id='word_1_121' title='bbox 801 1748 1080 1826; x_wconf 80' lang='lat' dir='ltr'><strong>iimitemexeludir,</strong></span> <span class='ocrx_word' id='word_1_122' title='bbox 1099 1752 1195 1809; x_wconf 87' lang='lat' dir='ltr'><strong>totum</strong></span> 
     </span>
     <span class='ocr_line' id='line_1_16' title="bbox 121 1844 1197 1925; baseline -0.001 -19"><span class='ocrx_word' id='word_1_123' title='bbox 121 1854 266 1925; x_wconf 75' lang='lat' dir='ltr'><strong>quantum</strong></span> <span class='ocrx_word' id='word_1_124' title='bbox 282 1852 328 1906; x_wconf 86' lang='lat' dir='ltr'><strong>est</strong></span> <span class='ocrx_word' id='word_1_125' title='bbox 345 1845 542 1906; x_wconf 82' lang='lat' dir='ltr'><strong>inenuioetnr</strong></span> <span class='ocrx_word' id='word_1_126' title='bbox 556 1862 622 1905; x_wconf 89' lang='lat' dir='ltr'><strong>oum</strong></span> <span class='ocrx_word' id='word_1_127' title='bbox 637 1844 710 1906; x_wconf 81' lang='lat' dir='ltr'><strong>Deo.</strong></span> <span class='ocrx_word' id='word_1_128' title='bbox 726 1845 776 1905; x_wconf 48' lang='lat' dir='ltr'><strong>¹riti</strong></span> <span class='ocrx_word' id='word_1_129' title='bbox 802 1862 862 1905; x_wconf 88' lang='lat' dir='ltr'><strong>rem</strong></span> <span class='ocrx_word' id='word_1_130' title='bbox 878 1844 909 1906; x_wconf 88' lang='lat' dir='ltr'><strong>S.</strong></span> <span class='ocrx_word' id='word_1_131' title='bbox 926 1846 1069 1913; x_wconf 75' lang='lat' dir='ltr'><strong>Thomas:</strong></span> <span class='ocrx_word' id='word_1_132' title='bbox 1092 1870 1105 1897; x_wconf 67' lang='lat' dir='ltr'><strong>a</strong></span> <span class='ocrx_word' id='word_1_133' title='bbox 1128 1845 1197 1905; x_wconf 85' lang='lat' dir='ltr'><strong>Pro·</strong></span> 
     </span>
     <span class='ocr_line' id='line_1_17' title="bbox 126 1944 1197 2023; baseline 0.001 -19"><span class='ocrx_word' id='word_1_134' title='bbox 126 1950 222 2023; x_wconf 70' lang='lat' dir='ltr'><strong>apter</strong></span> <span class='ocrx_word' id='word_1_135' title='bbox 239 1944 316 2004; x_wconf 86' lang='lat' dir='ltr'><strong>hane</strong></span> <span class='ocrx_word' id='word_1_136' title='bbox 332 1952 430 2004; x_wconf 87' lang='lat' dir='ltr'><strong>tamen</strong></span> <span class='ocrx_word' id='word_1_137' title='bbox 446 1944 622 2021; x_wconf 78' lang='lat' dir='ltr'><strong>meloglam,</strong></span> <span class='ocrx_word' id='word_1_138' title='bbox 642 1960 701 2004; x_wconf 87' lang='lat' dir='ltr'><strong>non</strong></span> <span class='ocrx_word' id='word_1_139' title='bbox 722 1946 853 2021; x_wconf 85' lang='lat' dir='ltr'><strong>sequitur</strong></span> <span class='ocrx_word' id='word_1_140' title='bbox 870 1960 922 2006; x_wconf 83' lang='lat' dir='ltr'><strong>ens</strong></span> <span class='ocrx_word' id='word_1_141' title='bbox 939 1962 1002 2005; x_wconf 80' lang='lat' dir='ltr'><strong>esse</strong></span> <span class='ocrx_word' id='word_1_142' title='bbox 1019 1948 1099 2023; x_wconf 81' lang='lat' dir='ltr'><strong>prius</strong></span> <span class='ocrx_word' id='word_1_143' title='bbox 1119 1952 1197 2005; x_wconf 88' lang='lat' dir='ltr'><strong>utro·</strong></span> 
     </span>
     <span class='ocr_line' id='line_1_18' title="bbox 125 2032 1196 2127; baseline 0.001 -24"><span class='ocrx_word' id='word_1_144' title='bbox 125 2069 138 2095; x_wconf 86' lang='lat'>«</span> <span class='ocrx_word' id='word_1_145' title='bbox 156 2060 226 2121; x_wconf 86' lang='lat' dir='ltr'><strong>qne,</strong></span> <span class='ocrx_word' id='word_1_146' title='bbox 244 2042 307 2117; x_wconf 83' lang='lat' dir='ltr'><strong>Deo</strong></span> <span class='ocrx_word' id='word_1_147' title='bbox 318 2043 431 2103; x_wconf 79' lang='lat' dir='ltr'><strong>seilleet</strong></span> <span class='ocrx_word' id='word_1_148' title='bbox 443 2049 474 2103; x_wconf 85' lang='lat' dir='ltr'><strong>et</strong></span> <span class='ocrx_word' id='word_1_149' title='bbox 492 2049 638 2118; x_wconf 66' lang='lat' dir='ltr'><strong>ermmmg</strong></span> <span class='ocrx_word' id='word_1_150' title='bbox 659 2045 740 2103; x_wconf 89' lang='lat' dir='ltr'><strong>siout</strong></span> <span class='ocrx_word' id='word_1_151' title='bbox 756 2046 837 2127; x_wconf 71' lang='lat' dir='ltr'><strong>prius</strong></span> <span class='ocrx_word' id='word_1_152' title='bbox 856 2035 967 2103; x_wconf 75' lang='lat' dir='ltr'><strong>astons</strong></span> <span class='ocrx_word' id='word_1_153' title='bbox 988 2032 1196 2104; x_wconf 64' lang='lat' dir='ltr'><strong>substantiam</strong></span> 
     </span>
     <span class='ocr_line' id='line_1_19' title="bbox 126 2141 1195 2220; baseline 0 -19"><span class='ocrx_word' id='word_1_154' title='bbox 126 2167 139 2193; x_wconf 70' lang='lat' dir='ltr'><strong>a</strong></span> <span class='ocrx_word' id='word_1_155' title='bbox 156 2141 325 2218; x_wconf 69' lang='lat' dir='ltr'><strong>mellente,</strong></span> <span class='ocrx_word' id='word_1_156' title='bbox 348 2142 387 2201; x_wconf 84' lang='lat' dir='ltr'><strong>ile</strong></span> <span class='ocrx_word' id='word_1_157' title='bbox 409 2142 516 2220; x_wconf 88' lang='lat' dir='ltr'><strong>qulbus</strong></span> <span class='ocrx_word' id='word_1_158' title='bbox 533 2141 682 2220; x_wconf 81' lang='lat' dir='ltr'><strong>analogiae</strong></span> <span class='ocrx_word' id='word_1_159' title='bbox 704 2141 822 2203; x_wconf 84' lang='lat' dir='ltr'><strong>dlultur.</strong></span> <span class='ocrx_word' id='word_1_160' title='bbox 847 2141 892 2202; x_wconf 77' lang='lat' dir='ltr'><strong>nd</strong></span> <span class='ocrx_word' id='word_1_161' title='bbox 915 2144 997 2203; x_wconf 79' lang='lat' dir='ltr'><strong>ouius</strong></span> <span class='ocrx_word' id='word_1_162' title='bbox 1019 2142 1195 2203; x_wconf 85' lang='lat' dir='ltr'><strong>evidentiam</strong></span> 
     </span>
     <span class='ocr_line' id='line_1_20' title="bbox 125 2239 1194 2319; baseline -0.004 -16"><span class='ocrx_word' id='word_1_163' title='bbox 125 2265 140 2292; x_wconf 64' lang='grc' dir='ltr'>ι</span> <span class='ocrx_word' id='word_1_164' title='bbox 155 2245 203 2303; x_wconf 84' lang='lat' dir='ltr'><strong>esi</strong></span> <span class='ocrx_word' id='word_1_165' title='bbox 214 2241 397 2318; x_wconf 80' lang='lat' dir='ltr'><strong>solendum,</strong></span> <span class='ocrx_word' id='word_1_166' title='bbox 417 2241 496 2318; x_wconf 83' lang='lat' dir='ltr'><strong>quod</strong></span> <span class='ocrx_word' id='word_1_167' title='bbox 514 2241 634 2319; x_wconf 66' lang='lat' dir='ltr'><strong>maudo</strong></span> <span class='ocrx_word' id='word_1_168' title='bbox 651 2247 714 2300; x_wconf 88' lang='lat' dir='ltr'><strong>tota</strong></span> <span class='ocrx_word' id='word_1_169' title='bbox 736 2244 815 2302; x_wconf 91' lang='lat' dir='ltr'><strong>ratio</strong></span> <span class='ocrx_word' id='word_1_170' title='bbox 830 2239 981 2319; x_wconf 81' lang='lat' dir='ltr'><strong>auelogloo</strong></span> <span class='ocrx_word' id='word_1_171' title='bbox 1001 2244 1144 2318; x_wconf 85' lang='lat' dir='ltr'><strong>reperitur</strong></span> <span class='ocrx_word' id='word_1_172' title='bbox 1164 2243 1194 2300; x_wconf 93' lang='lat' dir='ltr'><strong>ln</strong></span> 
     </span>
     <span class='ocr_line' id='line_1_21' title="bbox 127 2338 1255 2437; baseline 0 -39"><span class='ocrx_word' id='word_1_173' title='bbox 127 2362 141 2389; x_wconf 81' lang='grc' dir='ltr'>ι</span> <span class='ocrx_word' id='word_1_174' title='bbox 156 2338 249 2399; x_wconf 85' lang='lat' dir='ltr'><strong>ullero</strong></span> <span class='ocrx_word' id='word_1_175' title='bbox 266 2355 367 2399; x_wconf 86' lang='lat' dir='ltr'><strong>eorum</strong></span> <span class='ocrx_word' id='word_1_176' title='bbox 387 2339 423 2401; x_wconf 76' lang='lat' dir='ltr'><strong>de</strong></span> <span class='ocrx_word' id='word_1_177' title='bbox 441 2340 546 2416; x_wconf 78' lang='lat' dir='ltr'><strong>quinus</strong></span> <span class='ocrx_word' id='word_1_178' title='bbox 564 2339 760 2437; x_wconf 60' lang='lat' dir='ltr'><strong>praelinatum</strong></span> <span class='ocrx_word' id='word_1_179' title='bbox 778 2343 856 2400; x_wconf 84' lang='lat' dir='ltr'><strong>siout</strong></span> <span class='ocrx_word' id='word_1_180' title='bbox 877 2346 938 2400; x_wconf 80' lang='lat' dir='ltr'><strong>tritu</strong></span> <span class='ocrx_word' id='word_1_181' title='bbox 956 2343 1031 2400; x_wconf 83' lang='lat' dir='ltr'><strong>rullo</strong></span> <span class='ocrx_word' id='word_1_182' title='bbox 1050 2341 1124 2400; x_wconf 84' lang='lat' dir='ltr'><strong>entis</strong></span> <span class='ocrx_word' id='word_1_183' title='bbox 1145 2339 1195 2398; x_wconf 71' lang='lat' dir='ltr'><strong>an</strong></span> <span class='ocrx_word' id='word_1_184' title='bbox 1251 2349 1255 2358; x_wconf 88' lang='grc'><em>“</em></span> 
     </span>
     <span class='ocr_line' id='line_1_22' title="bbox 127 2438 1198 2515; baseline 0 -18"><span class='ocrx_word' id='word_1_185' title='bbox 127 2460 140 2486; x_wconf 67' lang='grc' dir='ltr'><strong><em>α</em></strong></span> <span class='ocrx_word' id='word_1_186' title='bbox 156 2438 251 2498; x_wconf 85' lang='lat' dir='ltr'><strong>solute</strong></span> <span class='ocrx_word' id='word_1_187' title='bbox 264 2438 295 2496; x_wconf 93' lang='lat' dir='ltr'><strong>ln</strong></span> <span class='ocrx_word' id='word_1_188' title='bbox 308 2438 370 2498; x_wconf 88' lang='lat' dir='ltr'><strong>Ileo</strong></span> <span class='ocrx_word' id='word_1_189' title='bbox 386 2440 539 2515; x_wconf 80' lang='lat' dir='ltr'><strong>reperimr3</strong></span> <span class='ocrx_word' id='word_1_190' title='bbox 557 2445 630 2498; x_wconf 89' lang='lat' dir='ltr'><strong>tuno</strong></span> <span class='ocrx_word' id='word_1_191' title='bbox 649 2453 706 2497; x_wconf 90' lang='lat' dir='ltr'><strong>uon</strong></span> <span class='ocrx_word' id='word_1_192' title='bbox 727 2440 783 2497; x_wconf 91' lang='lat' dir='ltr'><strong>erit</strong></span> <span class='ocrx_word' id='word_1_193' title='bbox 803 2439 999 2514; x_wconf 70' lang='lat' dir='ltr'><strong>praedicatum</strong></span> <span class='ocrx_word' id='word_1_194' title='bbox 1020 2441 1198 2514; x_wconf 75' lang='lat' dir='ltr'><strong>prlus&#39;utrn</strong></span> 
     </span>
     <span class='ocr_line' id='line_1_23' title="bbox 128 2533 1134 2612; baseline -0.001 -18"><span class='ocrx_word' id='word_1_195' title='bbox 128 2549 230 2611; x_wconf 79' lang='lat' dir='ltr'><strong>«qne,</strong></span> <span class='ocrx_word' id='word_1_196' title='bbox 248 2551 316 2594; x_wconf 89' lang='lat' dir='ltr'><strong>eum</strong></span> <span class='ocrx_word' id='word_1_197' title='bbox 329 2536 528 2612; x_wconf 79' lang='lat' dir='ltr'><strong>pmerliootum</strong></span> <span class='ocrx_word' id='word_1_198' title='bbox 546 2551 607 2594; x_wconf 89' lang='lat' dir='ltr'><strong>non</strong></span> <span class='ocrx_word' id='word_1_199' title='bbox 624 2533 746 2595; x_wconf 69' lang='lat' dir='ltr'><strong>moenai</strong></span> <span class='ocrx_word' id='word_1_200' title='bbox 767 2535 927 2597; x_wconf 77' lang='lat' dir='ltr'><strong>subleet&#39;um</strong></span> <span class='ocrx_word' id='word_1_201' title='bbox 951 2539 1006 2593; x_wconf 70' lang='grc'><strong>1.»</strong></span> <span class='ocrx_word' id='word_1_202' title='bbox 1132 2545 1134 2552; x_wconf 79' lang='grc'><strong>“</strong></span> 
     </span>
    </p>

    <p class='ocr_par' dir='ltr' id='par_1_6' title="bbox 121 2632 1230 3204">
     <span class='ocr_line' id='line_1_24' title="bbox 185 2632 1196 2711; baseline 0.004 -21"><span class='ocrx_word' id='word_1_203' title='bbox 185 2641 215 2690; x_wconf 76' lang='lat' dir='ltr'><strong>s.</strong></span> <span class='ocrx_word' id='word_1_204' title='bbox 238 2632 362 2693; x_wconf 83' lang='lat' dir='ltr'><strong>Nomine</strong></span> <span class='ocrx_word' id='word_1_205' title='bbox 379 2635 560 2711; x_wconf 80' lang='lat' dir='ltr'><strong>generalium</strong></span> <span class='ocrx_word' id='word_1_206' title='bbox 571 2636 654 2693; x_wconf 55' lang='lat' dir='ltr'><strong>‘ontis</strong></span> <span class='ocrx_word' id='word_1_207' title='bbox 672 2635 881 2709; x_wconf 83' lang='lat' dir='ltr'><strong>proprietatum</strong></span> <span class='ocrx_word' id='word_1_208' title='bbox 897 2649 932 2692; x_wconf 87' lang='lat' dir='ltr'><strong>ea</strong></span> <span class='ocrx_word' id='word_1_209' title='bbox 949 2633 1138 2710; x_wconf 81' lang='lat' dir='ltr'><strong>intelligimus</strong></span> <span class='ocrx_word' id='word_1_210' title='bbox 1152 2640 1196 2694; x_wconf 88' lang='lat' dir='ltr'><strong>at·</strong></span> 
     </span>
     <span class='ocr_line' id='line_1_25' title="bbox 124 2730 1230 2810; baseline 0 -18"><span class='ocrx_word' id='word_1_211' title='bbox 124 2730 248 2809; x_wconf 73' lang='lat' dir='ltr'><strong>ullium,</strong></span> <span class='ocrx_word' id='word_1_212' title='bbox 264 2748 341 2808; x_wconf 81' lang='lat' dir='ltr'><strong>quoe</strong></span> <span class='ocrx_word' id='word_1_213' title='bbox 355 2732 392 2791; x_wconf 85' lang='lat' dir='ltr'><strong>(le</strong></span> <span class='ocrx_word' id='word_1_214' title='bbox 411 2739 477 2792; x_wconf 89' lang='lat' dir='ltr'><strong>ente</strong></span> <span class='ocrx_word' id='word_1_215' title='bbox 493 2733 623 2810; x_wconf 84' lang='lat' dir='ltr'><strong>quolibet</strong></span> <span class='ocrx_word' id='word_1_216' title='bbox 639 2734 823 2809; x_wconf 86' lang='lat' dir='ltr'><strong>pronuntiari</strong></span> <span class='ocrx_word' id='word_1_217' title='bbox 842 2739 973 2809; x_wconf 83' lang='lat' dir='ltr'><strong>possunt.</strong></span> <span class='ocrx_word' id='word_1_218' title='bbox 994 2734 1074 2807; x_wconf 81' lang='lat' dir='ltr'><strong>Quae</strong></span> <span class='ocrx_word' id='word_1_219' title='bbox 1088 2731 1197 2793; x_wconf 85' lang='lat' dir='ltr'><strong>ldoiroo</strong></span> <span class='ocrx_word' id='word_1_220' title='bbox 1226 2753 1230 2760; x_wconf 94' lang='lat'><em>·</em></span> 
     </span>
     <span class='ocr_line' id='line_1_26' title="bbox 123 2818 1197 2910; baseline 0.003 -21"><span class='ocrx_word' id='word_1_221' title='bbox 123 2831 187 2890; x_wconf 84' lang='lat' dir='ltr'><strong>eius</strong></span> <span class='ocrx_word' id='word_1_222' title='bbox 201 2833 400 2908; x_wconf 76' lang='lat' dir='ltr'><strong>proprietates</strong></span> <span class='ocrx_word' id='word_1_223' title='bbox 421 2832 468 2890; x_wconf 80' lang='lat' dir='ltr'><strong>vel</strong></span> <span class='ocrx_word' id='word_1_224' title='bbox 482 2818 833 2908; x_wconf 44' lang='lat' dir='ltr'><strong>-ossoetiosesstlieuntur,</strong></span> <span class='ocrx_word' id='word_1_225' title='bbox 855 2834 925 2909; x_wconf 88' lang='lat' dir='ltr'><strong>quia</strong></span> <span class='ocrx_word' id='word_1_226' title='bbox 947 2832 1127 2910; x_wconf 86' lang='lat' dir='ltr'><strong>singulorum</strong></span> <span class='ocrx_word' id='word_1_227' title='bbox 1147 2848 1197 2892; x_wconf 84' lang='lat' dir='ltr'><strong>en·</strong></span> 
     </span>
     <span class='ocr_line' id='line_1_27' title="bbox 124 2928 1196 3008; baseline 0.006 -23"><span class='ocrx_word' id='word_1_228' title='bbox 124 2929 198 2988; x_wconf 88' lang='lat' dir='ltr'><strong>tium</strong></span> <span class='ocrx_word' id='word_1_229' title='bbox 216 2936 287 2988; x_wconf 88' lang='lat' dir='ltr'><strong>sunt</strong></span> <span class='ocrx_word' id='word_1_230' title='bbox 310 2928 426 3006; x_wconf 81' lang='lat' dir='ltr'><strong>propria</strong></span> <span class='ocrx_word' id='word_1_231' title='bbox 444 2944 602 3006; x_wconf 83' lang='lat' dir='ltr'><strong>eorumque</strong></span> <span class='ocrx_word' id='word_1_232' title='bbox 618 2933 753 2990; x_wconf 87' lang='lat' dir='ltr'><strong>notitiam</strong></span> <span class='ocrx_word' id='word_1_233' title='bbox 775 2931 1112 3008; x_wconf 71' lang='lat' dir='ltr'><strong>eunti-eoumquuntur.</strong></span> <span class='ocrx_word' id='word_1_234' title='bbox 1139 2932 1196 2992; x_wconf 86' lang='lat' dir='ltr'><strong>Re·</strong></span> 
     </span>
     <span class='ocr_line' id='line_1_28' title="bbox 121 3026 1195 3106; baseline 0.005 -22"><span class='ocrx_word' id='word_1_235' title='bbox 121 3027 221 3085; x_wconf 78' lang='lat' dir='ltr'><strong>vooari</strong></span> <span class='ocrx_word' id='word_1_236' title='bbox 243 3031 341 3086; x_wconf 82' lang='lat' dir='ltr'><strong>autem</strong></span> <span class='ocrx_word' id='word_1_237' title='bbox 361 3026 512 3087; x_wconf 81' lang='lat' dir='ltr'><strong>eommode</strong></span> <span class='ocrx_word' id='word_1_238' title='bbox 529 3036 649 3104; x_wconf 76' lang='lat' dir='ltr'><strong>possuut</strong></span> <span class='ocrx_word' id='word_1_239' title='bbox 669 3028 707 3088; x_wconf 79' lang='lat' dir='ltr'><strong>orl</strong></span> <span class='ocrx_word' id='word_1_240' title='bbox 728 3033 787 3088; x_wconf 81' lang='lat' dir='ltr'><strong>tres</strong></span> <span class='ocrx_word' id='word_1_241' title='bbox 808 3031 1011 3106; x_wconf 78' lang='lat' dir='ltr'><strong>potissimum:</strong></span> <span class='ocrx_word' id='word_1_242' title='bbox 1039 3031 1195 3102; x_wconf 81' lang='lat' dir='ltr'><strong>unitatem,</strong></span> 
     </span>
     <span class='ocr_line' id='line_1_29' title="bbox 124 3123 1195 3204; baseline 0.006 -22"><span class='ocrx_word' id='word_1_243' title='bbox 124 3125 300 3199; x_wconf 82' lang='lat' dir='ltr'><strong>oeriiuiem,</strong></span> <span class='ocrx_word' id='word_1_244' title='bbox 331 3123 502 3185; x_wconf 77' lang='lat' dir='ltr'><strong>bonimiem.</strong></span> <span class='ocrx_word' id='word_1_245' title='bbox 531 3125 621 3186; x_wconf 78' lang='lat' dir='ltr'><strong>Cuius</strong></span> <span class='ocrx_word' id='word_1_246' title='bbox 640 3128 754 3186; x_wconf 83' lang='lat' dir='ltr'><strong>numeri</strong></span> <span class='ocrx_word' id='word_1_247' title='bbox 776 3126 848 3186; x_wconf 86' lang='lat' dir='ltr'><strong>haee</strong></span> <span class='ocrx_word' id='word_1_248' title='bbox 870 3129 943 3187; x_wconf 89' lang='lat' dir='ltr'><strong>ratio</strong></span> <span class='ocrx_word' id='word_1_249' title='bbox 966 3126 1066 3186; x_wconf 84' lang='lat' dir='ltr'><strong>niierrl</strong></span> <span class='ocrx_word' id='word_1_250' title='bbox 1088 3135 1195 3204; x_wconf 88' lang='lat' dir='ltr'><strong>posset.</strong></span> 
     </span>
    </p>
   </div>
   <div class='ocr_carea' id='block_1_5' title="bbox 35 3218 1201 3893">
    <p class='ocr_par' dir='ltr' id='par_1_7' title="bbox 35 3218 1201 3893">
     <span class='ocr_line' id='line_1_30' title="bbox 35 3218 1197 3302; baseline 0.009 -28"><span class='ocrx_word' id='word_1_251' title='bbox 35 3261 40 3274; x_wconf 96' lang='lat'><em>.</em></span> <span class='ocrx_word' id='word_1_252' title='bbox 123 3218 290 3298; x_wconf 82' lang='lat' dir='ltr'><strong>Proprietas</strong></span> <span class='ocrx_word' id='word_1_253' title='bbox 312 3226 388 3283; x_wconf 82' lang='lat' dir='ltr'><strong>enus</strong></span> <span class='ocrx_word' id='word_1_254' title='bbox 406 3240 469 3285; x_wconf 84' lang='lat' dir='ltr'><strong>esse</strong></span> <span class='ocrx_word' id='word_1_255' title='bbox 491 3227 592 3301; x_wconf 85' lang='lat' dir='ltr'><strong>nequit</strong></span> <span class='ocrx_word' id='word_1_256' title='bbox 613 3224 722 3301; x_wconf 83' lang='lat' dir='ltr'><strong>aliquid</strong></span> <span class='ocrx_word' id='word_1_257' title='bbox 741 3224 818 3284; x_wconf 87' lang='lat' dir='ltr'><strong>reale</strong></span> <span class='ocrx_word' id='word_1_258' title='bbox 840 3232 869 3285; x_wconf 86' lang='lat' dir='ltr'><strong>et</strong></span> <span class='ocrx_word' id='word_1_259' title='bbox 893 3227 1051 3301; x_wconf 87' lang='lat' dir='ltr'><strong>positivum</strong></span> <span class='ocrx_word' id='word_1_260' title='bbox 1076 3225 1197 3302; x_wconf 87' lang='lat' dir='ltr'><strong>abipso</strong></span> 
     </span>
     <span class='ocr_line' id='line_1_31' title="bbox 124 3321 1199 3402; baseline 0.002 -22"><span class='ocrx_word' id='word_1_261' title='bbox 124 3327 191 3380; x_wconf 82' lang='lat' dir='ltr'><strong>ente</strong></span> <span class='ocrx_word' id='word_1_262' title='bbox 210 3321 392 3382; x_wconf 76' lang='lat' dir='ltr'><strong>distinctum.</strong></span> <span class='ocrx_word' id='word_1_263' title='bbox 412 3323 447 3382; x_wconf 88' lang='lat' dir='ltr'><strong>ld</strong></span> <span class='ocrx_word' id='word_1_264' title='bbox 465 3326 544 3383; x_wconf 90' lang='lat' dir='ltr'><strong>enim</strong></span> <span class='ocrx_word' id='word_1_265' title='bbox 564 3325 687 3383; x_wconf 84' lang='lat' dir='ltr'><strong>omuino</strong></span> <span class='ocrx_word' id='word_1_266' title='bbox 703 3329 863 3402; x_wconf 60' lang='lat' dir='ltr'><strong>repugnem</strong></span> <span class='ocrx_word' id='word_1_267' title='bbox 883 3331 1039 3401; x_wconf 79' lang='lat' dir='ltr'><strong>conceptus</strong></span> <span class='ocrx_word' id='word_1_268' title='bbox 1056 3323 1199 3400; x_wconf 84' lang='lat' dir='ltr'><strong>siquidem</strong></span> 
     </span>
     <span class='ocr_line' id='line_1_32' title="bbox 124 3421 1199 3498; baseline 0.001 -19"><span class='ocrx_word' id='word_1_269' title='bbox 124 3421 213 3496; x_wconf 74' lang='lat' dir='ltr'><strong>enus,</strong></span> <span class='ocrx_word' id='word_1_270' title='bbox 232 3425 333 3497; x_wconf 81' lang='lat' dir='ltr'><strong>utpote</strong></span> <span class='ocrx_word' id='word_1_271' title='bbox 347 3425 476 3481; x_wconf 80' lang='lat' dir='ltr'><strong>maxime</strong></span> <span class='ocrx_word' id='word_1_272' title='bbox 494 3423 679 3497; x_wconf 79' lang='lat' dir='ltr'><strong>universalis,</strong></span> <span class='ocrx_word' id='word_1_273' title='bbox 698 3424 797 3482; x_wconf 81' lang='lat' dir='ltr'><strong>omnia</strong></span> <span class='ocrx_word' id='word_1_274' title='bbox 813 3422 1023 3498; x_wconf 80' lang='lat' dir='ltr'><strong>complectitur.</strong></span> <span class='ocrx_word' id='word_1_275' title='bbox 1041 3423 1118 3496; x_wconf 83' lang='lat' dir='ltr'><strong>Ergo</strong></span> <span class='ocrx_word' id='word_1_276' title='bbox 1132 3437 1199 3482; x_wconf 88' lang='lat' dir='ltr'><strong>eum</strong></span> 
     </span>
     <span class='ocr_line' id='line_1_33' title="bbox 124 3517 1197 3597; baseline 0 -19"><span class='ocrx_word' id='word_1_277' title='bbox 124 3521 202 3578; x_wconf 81' lang='lat' dir='ltr'><strong>mtto</strong></span> <span class='ocrx_word' id='word_1_278' title='bbox 222 3519 364 3580; x_wconf 81' lang='lat' dir='ltr'><strong>attributa</strong></span> <span class='ocrx_word' id='word_1_279' title='bbox 379 3527 570 3596; x_wconf 73' lang='lat' dir='ltr'><strong>quaeruntur,</strong></span> <span class='ocrx_word' id='word_1_280' title='bbox 590 3535 650 3580; x_wconf 83' lang='lat' dir='ltr'><strong>non</strong></span> <span class='ocrx_word' id='word_1_281' title='bbox 668 3523 825 3596; x_wconf 77' lang='lat' dir='ltr'><strong>quaeutur.</strong></span> <span class='ocrx_word' id='word_1_282' title='bbox 839 3521 945 3597; x_wconf 87' lang='lat' dir='ltr'><strong>positio</strong></span> <span class='ocrx_word' id='word_1_283' title='bbox 968 3528 997 3579; x_wconf 90' lang='lat' dir='ltr'><strong>et</strong></span> <span class='ocrx_word' id='word_1_284' title='bbox 1012 3517 1138 3579; x_wconf 48' lang='lat' dir='ltr'><strong>¹realiter</strong></span> <span class='ocrx_word' id='word_1_285' title='bbox 1159 3519 1197 3578; x_wconf 87' lang='lat' dir='ltr'><strong>ab</strong></span> 
     </span>
     <span class='ocr_line' id='line_1_34' title="bbox 124 3617 1199 3697; baseline 0.002 -23"><span class='ocrx_word' id='word_1_286' title='bbox 124 3617 190 3692; x_wconf 87' lang='lat' dir='ltr'><strong>ipso</strong></span> <span class='ocrx_word' id='word_1_287' title='bbox 204 3622 271 3676; x_wconf 89' lang='lat' dir='ltr'><strong>ente</strong></span> <span class='ocrx_word' id='word_1_288' title='bbox 290 3617 429 3679; x_wconf 74' lang='lat' dir='ltr'><strong>duonum</strong></span> <span class='ocrx_word' id='word_1_289' title='bbox 448 3623 533 3696; x_wconf 89' lang='lat' dir='ltr'><strong>eique</strong></span> <span class='ocrx_word' id='word_1_290' title='bbox 552 3618 768 3697; x_wconf 83' lang='lat' dir='ltr'><strong>quodammodo</strong></span> <span class='ocrx_word' id='word_1_291' title='bbox 788 3618 985 3695; x_wconf 75' lang='lat' dir='ltr'><strong>superaddita.</strong></span> <span class='ocrx_word' id='word_1_292' title='bbox 1008 3618 1199 3676; x_wconf 79' lang='lat' dir='ltr'><strong>Conur&#39;vero</strong></span> 
     </span>
     <span class='ocr_line' id='line_1_35' title="bbox 124 3715 1201 3795; baseline -0.003 -20"><span class='ocrx_word' id='word_1_293' title='bbox 124 3731 179 3775; x_wconf 85' lang='lat' dir='ltr'><strong>nee</strong></span> <span class='ocrx_word' id='word_1_294' title='bbox 203 3717 352 3791; x_wconf 83' lang='lat' dir='ltr'><strong>quaeritur</strong></span> <span class='ocrx_word' id='word_1_295' title='bbox 373 3717 482 3795; x_wconf 83' lang='lat' dir='ltr'><strong>aliquid</strong></span> <span class='ocrx_word' id='word_1_296' title='bbox 505 3734 621 3778; x_wconf 83' lang='lat' dir='ltr'><strong>merea</strong></span> <span class='ocrx_word' id='word_1_297' title='bbox 646 3725 744 3778; x_wconf 88' lang='lat' dir='ltr'><strong>mente</strong></span> <span class='ocrx_word' id='word_1_298' title='bbox 767 3717 936 3777; x_wconf 83' lang='lat' dir='ltr'><strong>nonliutum.</strong></span> <span class='ocrx_word' id='word_1_299' title='bbox 961 3717 1037 3790; x_wconf 80' lang='lat' dir='ltr'><strong>Quin</strong></span> <span class='ocrx_word' id='word_1_300' title='bbox 1059 3715 1201 3791; x_wconf 69' lang='lat' dir='ltr'><strong>quidquid</strong></span> 
     </span>
     <span class='ocr_line' id='line_1_36' title="bbox 123 3813 1201 3893; baseline -0.002 -21"><span class='ocrx_word' id='word_1_301' title='bbox 123 3813 184 3872; x_wconf 85' lang='lat' dir='ltr'><strong>tale</strong></span> <span class='ocrx_word' id='word_1_302' title='bbox 205 3821 262 3890; x_wconf 83' lang='lat' dir='ltr'><strong>est,</strong></span> <span class='ocrx_word' id='word_1_303' title='bbox 280 3814 313 3873; x_wconf 86' lang='lat' dir='ltr'><strong>ld</strong></span> <span class='ocrx_word' id='word_1_304' title='bbox 332 3816 362 3874; x_wconf 93' lang='lat' dir='ltr'><strong>in</strong></span> <span class='ocrx_word' id='word_1_305' title='bbox 380 3816 467 3876; x_wconf 90' lang='lat' dir='ltr'><strong>rebus</strong></span> <span class='ocrx_word' id='word_1_306' title='bbox 489 3834 548 3876; x_wconf 90' lang='lat' dir='ltr'><strong>non</strong></span> <span class='ocrx_word' id='word_1_307' title='bbox 569 3821 730 3893; x_wconf 84' lang='lat' dir='ltr'><strong>invenitur,</strong></span> <span class='ocrx_word' id='word_1_308' title='bbox 753 3817 804 3886; x_wconf 79' lang='lat' dir='ltr'><strong>soal</strong></span> <span class='ocrx_word' id='word_1_309' title='bbox 826 3823 923 3876; x_wconf 82' lang='lat' dir='ltr'><strong>mento</strong></span> <span class='ocrx_word' id='word_1_310' title='bbox 947 3816 1100 3876; x_wconf 80' lang='lat' dir='ltr'><strong>dumtnunt</strong></span> <span class='ocrx_word' id='word_1_311' title='bbox 1122 3815 1201 3888; x_wconf 85' lang='lat' dir='ltr'><strong>engl-</strong></span> 
     </span>
    </p>
   </div>
   <div class='ocr_carea' id='block_1_6' title="bbox 186 4028 668 4094">
    <p class='ocr_par' dir='ltr' id='par_1_8' title="bbox 186 4028 668 4094">
     <span class='ocr_line' id='line_1_37' title="bbox 186 4028 668 4094; baseline 0.004 -18"><span class='ocrx_word' id='word_1_312' title='bbox 186 4033 194 4077; x_wconf 89' lang='lat' dir='ltr'><strong>i</strong></span> <span class='ocrx_word' id='word_1_313' title='bbox 209 4028 335 4090; x_wconf 74' lang='lat' dir='ltr'><strong>operer-ulo</strong></span> <span class='ocrx_word' id='word_1_314' title='bbox 347 4032 386 4078; x_wconf 76' lang='lat' dir='ltr'><strong>it.</strong></span> <span class='ocrx_word' id='word_1_315' title='bbox 401 4031 549 4080; x_wconf 78' lang='lat' dir='ltr'><strong>Deuoiur‘a</strong></span> <span class='ocrx_word' id='word_1_316' title='bbox 558 4033 668 4094; x_wconf 74' lang='lat' dir='ltr'><strong>peslerio.</strong></span> 
     </span>
    </p>
   </div>
   <div class='ocr_carea' id='block_1_7' title="bbox 0 0 1458 4425">
    <p class='ocr_par' dir='ltr' id='par_1_9' title="bbox 0 0 1458 4425">
     <span class='ocr_line' id='line_1_38' title="bbox 0 0 1458 4425; baseline 0 0"><span class='ocrx_word' id='word_1_317' title='bbox 0 0 1458 4425; x_wconf 95' lang='lat' dir='ltr'><strong> </strong></span> 
     </span>
    </p>
   </div>
  </div>
 </body>
</html>
