2892 4425
238 341 296 392 tit
708 347 841 392 munci!

235 460 357 518 etoritas
380 460 525 535 cuiusque
538 455 703 535 individui,
719 457 760 518 ab
780 458 888 520 actuait
904 456 1020 520 deiectu
1039 459 1149 538 ittera,
1166 460 1309 542 maenio,-

237 572 272 616 eo
297 554 448 634 impieta,
470 573 556 635 nepa
581 555 626 616 ai
648 555 850 632 subsumptam
877 559 1101 634 propositionem
1117 560 1223 617 iterum
1236 558 1307 628 clati.

235 655 396 716 amorim
424 656 567 732 eninsqm
585 653 729 714 indiuidui
755 671 815 714 uon
837 653 955 730 praemi
975 657 1031 715 uisi
1056 655 1307 736 probabilitatem,

234 767 302 812 cum
321 745 403 814 carto
421 759 537 814 anumt
549 771 614 814 eam
635 753 673 813 ab
685 769 783 812 errore
810 760 840 813 et
867 751 1019 813 mendacio
1045 755 1204 814 immunem
1224 771 1308 832 csse,

234 867 331 928 παρος
349 867 417 912 eum
440 850 470 910 id
493 867 552 911 uon
571 857 702 928 nonam,
726 848 863 912 esocem.

295 949 464 1009 intantum
489 951 648 1009 aucmdtas
670 948 855 1026 singulorum
878 965 1008 1009 seorsum
1037 957 1156 1026 acceptu
1177 965 1307 1010 murmu-

236 1047 311 1106 uiter
333 1045 537 1124 pmnrniittata
560 1046 717 1107 dumtaxat
745 1046 875 1124 fruitur,
903 1049 935 1106 iu
964 1055 1106 1124 quantum
1140 1046 1309 1126 piorumque

148 1189 155 1200 .
234 1152 369 1206 namura
388 1161 447 1206 uon
472 1151 569 1222 potest
592 1145 633 1205 ab
653 1163 712 1205 uuo
737 1145 857 1205 homino
881 1162 1007 1206 errorem
1028 1153 1058 1204 et
1079 1147 1237 1208 mentiendi
1262 1163 1311 1208 to·

234 1241 376 1303 iuntaoem
396 1221 598 1306 maurosii
618 1241 674 1302 iroc
698 1243 808 1318 optime
830 1249 946 1302 constat
967 1259 1035 1302 cum
1053 1243 1138 1319 piuta
1156 1243 1309 1305 individua

234 1338 417 1402 divmsorum
436 1340 613 1417 studiorum,
624 1339 723 1415 quain
741 1343 877 1416 superius
892 1340 1110 1422 desumpsimus,
1131 1340 1218 1401 simui
1232 1342 1263 1401 iu
1278 1357 1309 1402 re

235 1439 382 1499 uamaoda
395 1442 592 1514 conueniunt,
608 1447 724 1516 propter
746 1443 873 1501 rationes
891 1442 920 1499 iu
952 1440 1028 1500 thesi
1052 1443 1213 1518 expositas.
1233 1442 1310 1516 Quo

234 1538 314 1596 eirea
333 1549 435 1597 eorum
455 1538 653 1598 testimonium
674 1555 733 1597 non
757 1545 802 1598 ast
821 1554 936 1598 summa
958 1537 1215 1616 probabilitatem
1234 1555 1309 1615 quae

236 1641 308 1695 tune
328 1641 425 1711 esset,
446 1636 472 1695 si
498 1635 650 1696 individua
666 1636 810 1697 ooiieotim
831 1643 947 1713 sumptu
968 1639 1126 1696 retinerent
1145 1637 1260 1696 errandi
1280 1645 1310 1696 et

230 1733 388 1792 mentiendi
415 1733 576 1810 pmicuium
596 1732 675 1811 qnod
702 1737 858 1811 separmm
891 1733 1047 1795 habebant.
1074 1735 1183 1796 Verum
1204 1735 1235 1794 td
1258 1751 1309 1812 per

236 1830 454 1909 miiecdouem,
474 1831 586 1892 idoneis
607 1833 779 1894 instructam
810 1835 906 1910 noda,
928 1835 1071 1894 remorari
1091 1836 1163 1894 satis
1181 1833 1308 1896 diiuctda

233 1927 452 1997 mutatum
472 1936 528 1990 eat.
603 1915 607 1926 “

293 2024 389 2087 ontio.
405 2027 460 2088 iii.
475 2026 665 2089 Auctoritatis
683 2028 772 2089 robur
788 2031 1006 2106 generationum
1024 2043 1171 2104 suman,
1188 2029 1308 2089 uoivau-

234 2123 313 2184 nias
334 2126 443 2202 aunis,
469 2129 575 2186 senum
598 2128 792 2186 imminuitur.
821 2127 900 2204 Ergo
921 2126 1024 2187 saitem
1048 2126 1087 2187 ad
1106 2113 1330 2204 antiquissimax

234 2230 316 2302 gesta
330 2226 464 2290 testanda
486 2233 539 2287 aut
555 2227 667 2287 unitam
687 2234 740 2287 aut
758 2225 818 2286 iere
835 2226 947 2287 nulium
962 2229 1022 2286 vim
1036 2227 1124 2287 habu
1137 2230 1306 2291 auctoritas.

293 2322 383 2402 Iicsp.
405 2324 487 2403 Nepa
507 2325 579 2386 Ant.
600 2325 676 2385 Nam
693 2328 855 2385 mutatione
876 2332 1037 2402 temporum
1060 2326 1105 2385 vis
1126 2328 1306 2386 auctoritatis

100 2451 109 2464 ·
196 2435 204 2448 ·
233 2437 293 2485 non
311 2429 452 2485 aanor.
470 2424 662 2502 Quapropter,
679 2424 765 2483 modo
782 2441 840 2485 uon
857 2427 1085 2500 interrumpatur
1100 2399 1196 2483 tidelis
1212 2431 1308 2484 traus-

233 2523 335 2582 tnissio
353 2521 436 2599 iacti,
459 2525 605 2601 mumque
626 2524 747 2609 testium
768 2523 825 2583 tide
850 2523 1024 2601 dignorum3
1042 2536 1100 2581 uon
1122 2523 1220 2582 minus
1240 2538 1311 2601 pou·

231 2618 288 2681 dus
308 2619 399 2681 hahet
422 2624 616 2681 renodasima
633 2624 676 2680 rei
695 2624 860 2697 enarratio,
880 2637 968 2697 qnam
994 2620 1134 2681 habuerat
1159 2624 1306 2697 proxima.

231 2717 312 2779 idam
331 2720 410 2777 enim
430 2721 574 2778 motivum
594 2718 771 2777 assentiendi
789 2722 894 2795 iugiter
915 2724 1090 2795 perseverat.
1114 2717 1161 2777 Sto
1182 2734 1240 2777 uon
1258 2722 1310 2779 mi·

231 2819 297 2875 uori
315 2817 489 2877 certitudine
507 2816 586 2893 apud
605 2832 660 2875 uos
678 2822 795 2877 constat
813 2824 962 2878 transacta
980 2819 1093 2893 imperii
1113 2800 1226 2875 romani
1247 2820 1309 2877 eui·

231 2916 362 2992 atentia,
386 2931 475 2992 mam
498 2915 577 2990 apud
607 2921 728 2991 atavos,
752 2916 803 2991 qni
829 2931 907 2992 uos,
929 2914 1026 2993 quoad
1048 2915 1218 2992 longissime
1236 2914 1311 2992 tingi

231 3020 339 3091 potest,
356 3020 585 3089 praecesserunt.
603 3012 698 3072 Immo
719 3015 820 3089 etiarm
845 3016 870 3073 si
896 3030 964 3074 uara
987 3015 1067 3090 ioqui
1088 3012 1134 3072 ias
1156 3019 1211 3089 est,
1233 3028 1310 3088 quae

231 3112 421 3172 diuturnitate
440 3113 580 3187 temporis
600 3112 777 3171 inveteravit
793 3112 926 3189 traditm,
954 3114 1050 3189 potius
1078 3114 1180 3171 maiori
1202 3110 1310 3171 robore

230 3210 376 3271 iirtnatur.
388 3210 562 3270 Commenta
575 3212 654 3269 euim
676 3209 845 3287 dulcidius,
866 3213 972 3269 veritas
987 3212 1072 3269 uuicc
1089 3211 1227 3285 temporis
1240 3206 1311 3267 eda·

230 3313 347 3395 citamur
370 3314 500 3385 superat.
528 3308 648 3368 Accedit
666 3310 757 3385 igitur
783 3315 912 3369 aetatum
934 3308 1018 3384 iapsu
1039 3307 1095 3367 hoc
1114 3310 1202 3366 etium
1221 3322 1310 3384 argu·

231 3415 361 3469 mentum
380 3408 413 3466 iu'
426 3406 558 3477 iavorem
577 3409 618 3469 rei
636 3414 810 3482 enarratae,
830 3409 950 3482 eiusque
966 3404 1090 3465 tirmttas
1106 3404 1175 3464 inde
1191 3405 1312 3480 insuper

231 3506 267 3567 iit
287 3505 423 3583 uaiidior,
447 3506 528 3586 qupd
546 3512 591 3567 tot
614 3508 668 3565 viri
695 3506 851 3582 prudentes
876 3511 963 3580 atque
985 3506 1091 3579 critici,
1111 3506 1161 3580 qni
1184 3503 1311 3563 succutis

232 3604 411 3665 veamubus
423 3605 523 3666 deesse
536 3612 700 3683 naquemt,
720 3605 896 3665 narrationis
911 3594 1124 3662 uon'evtoeriut
1136 3600 1308 3677 falsitatem

230 3702 321 3783 quod,
342 3705 397 3764 uisi
420 3704 463 3763 iiii
486 3703 618 3765 subeam
638 3705 758 3779 uerius,
776 3703 942 3778 contingere
963 3717 1021 3761 uon
1044 3701 1192 3778 potuisset.
1269 3744 1271 3747 .
