2892 4425
220 289 257 339 24
689 294 825 341 hofliffl

278 404 380 465 Altera
394 408 537 481 operatio,
559 420 618 482 qna
632 406 674 465 rei
687 410 842 483 perceptae
853 401 967 482 aliquid
978 410 1078 469 mmte
1089 404 1229 469 tribuitur
1248 414 1302 470 aut

217 510 365 581 negatur,
386 501 529 564 tudinum
544 502 648 579 audit;
669 505 740 580 qula
758 518 842 563 mens
855 500 1052 565 affirmatione
1064 522 1120 566 sua
1138 512 1192 567 aut
1210 523 1301 586 nega·

218 602 297 659 tione
309 600 346 660 de
361 618 392 660 re
403 607 550 678 percepta,
565 602 651 678 quasi
670 602 766 661 instar
780 599 899 679 iudicis,
912 605 1087 664 amtendem
1101 604 1170 664 fert.

279 699 390 777 Tertia,
411 715 470 776 qua
487 700 555 760 inde
571 698 651 760 aliud
663 698 826 777 derivatur,
846 700 1011 777 appellatur
1024 699 1163 763 mello
1176 700 1223 763 vel
1237 700 1299 763 diu·

218 814 342 873 cauam
358 806 509 874 propterca
521 797 600 877 quod
613 798 776 859 intellectam
789 796 830 859 ah
841 814 902 859 uno
914 800 946 859 in
959 798 1042 860 allud
1053 798 1196 860 iudicium
1212 802 1300 877 quasi

215 897 351 965 incitetur
364 902 393 956 et
404 894 549 956 decurrat.

278 992 371 1055 Facto
383 998 501 1071 partitio
514 1010 615 1054 omnes
629 995 750 1053 omnino
763 992 913 1071 cogitandi
928 998 1039 1071 motus,
1052 1000 1141 1071 prout
1152 996 1295 1073 cognitio

219 1106 287 1151 nem
301 1092 429 1168 aliquam
444 1092 501 1153 sibl
515 1082 678 1168 implicant,
693 1105 797 1151 revera
808 1090 1021 1169 complectitur,
1032 1094 1085 1169 qui
1098 1098 1177 1153 certe
1189 1093 1229 1154 ad
1241 1093 1297 1154 ail-

218 1204 307 1265 quam
327 1207 364 1250 ex
384 1194 534 1251 recensitis
553 1190 772 1267 operationibus
791 1191 923 1250 reuocari
942 1197 1076 1268 possunt.
1089 1192 1300 1268 Qummque

218 1291 295 1347 enim
310 1292 415 1350 mentis
429 1296 475 1349 est
492 1290 643 1365 cogitatio,
665 1304 701 1348 ea
720 1285 841 1364 quidem
861 1294 913 1349 aut
932 1288 1073 1348 iudicium
1086 1286 1207 1365 aliquod
1227 1304 1298 1348 con·

217 1389 292 1447 tinet
312 1396 363 1448 aut
383 1388 509 1447 nulium.
532 1387 563 1446 Si
586 1388 729 1462 posterius
749 1385 806 1446 hoc
825 1388 999 1463 eontigerit,
1020 1386 1089 1447 talla
1107 1390 1239 1464 operatio
1259 1384 1299 1447 ad

218 1484 378 1558 simplicem
399 1482 658 1558 apprehensionem
678 1482 835 1543 reducitur.
856 1482 908 1543 Sio
924 1486 981 1545 erit
993 1483 1136 1561 alterum,
1157 1492 1229 1544 tunc
1247 1491 1301 1543 aut

219 1580 357 1639 iudicium
377 1578 451 1639 iilud
466 1582 555 1639 menti
579 1582 706 1639 innotuit
726 1596 778 1656 por
799 1596 879 1658 sese,
899 1588 929 1641 et
946 1563 1087 1659 cogitatio
1103 1582 1246 1642 elusmodi
1259 1583 1298 1643 ad

218 1677 374 1737 secundam
396 1678 518 1737 classem
541 1677 712 1754 pertinebit;
737 1684 790 1739 ant
809 1686 991 1755 perspectum
1010 1686 1056 1740 eat
1074 1696 1130 1755 ope
1149 1696 1300 1756 mmpara·
1431 1691 1432 1694 ¹

218 1779 307 1835 tionis
321 1792 387 1835 oum
403 1778 462 1835 ulio
474 1776 594 1851 iudicio,
609 1783 639 1836 et
652 1776 719 1835 talis
732 1783 817 1835 aeuus
829 1775 868 1835 ad
882 1775 1017 1837 ultlmnm
1032 1778 1198 1854 partitionis
1210 1793 1302 1837 mern·

219 1874 305 1933 hrum
324 1874 519 1947 cooptabitur.
622 1904 624 1911 >

278 1972 360 2045 Quae
373 1988 440 2031 cum
453 1974 496 2031 ita
510 1974 591 2048 sint,
614 1972 786 2049 intelligitur
803 1986 876 2031 sane
894 1972 1021 2050 Loglcae
1034 1974 1163 2033 momnis
1183 1989 1248 2034 esse
1260 1972 1300 2034 de
1315 2030 1318 2035 .

219 2070 343 2147 singulis
356 2070 404 2128 his
418 2069 572 2145 disserere,
593 2076 626 2129 ut
640 2076 768 2129 mentem
779 2069 818 2129 ad
831 2070 1134 2130 rite'ratloeiuandum
1147 2070 1297 2131 informet.

215 2168 311 2241 Quare
335 2170 418 2228 iustu
438 2166 531 2228 honae
551 2166 680 2227 methodi
701 2168 780 2245 legas
804 2183 823 2227 a
842 2167 1071 2244 simplicioribus
1089 2167 1298 2245 exordienteo,

219 2267 346 2340 primum
369 2263 406 2324 de
429 2265 658 2342 apprehensione
677 2281 712 2325 ac
732 2261 841 2343 signis,
861 2265 969 2343 quihus
988 2267 1117 2325 catalus
1133 2265 1187 2326 iila
1203 2268 1302 2342 exprl·
1431 2292 1432 2297 ¹

220 2365 326 2440 mitum
352 2362 456 2424 deinde
478 2362 517 2423 de
540 2363 649 2423 iudicio
668 2368 699 2423 et
722 2366 939 2440 enuntiatione,
966 2380 1026 2441 qua
1050 2363 1192 2424 iudicium
1220 2364 1301 2424 foras
1431 2360 1433 2385 ⁸

219 2460 381 2537 pmiertur3
400 2468 464 2522 tum
479 2461 516 2522 de
528 2461 661 2524 discursu
675 2463 796 2538 eiusque
809 2464 899 2522 variis
911 2461 1098 2541 signiiicandi
1111 2460 1232 2540 fonnis,
1250 2463 1303 2522 hi-

219 2560 288 2633 plioi
302 2562 396 2636 capite
416 2559 597 2636 eloquemur.

597 2849 736 2923 carui
760 2851 930 2925 iuiuutt
1037 2908 1041 2914 ·

411 3043 451 3089 DE
464 3042 592 3090 siitihici
606 3041 852 3091 sesafflausioita
865 3043 994 3103 emaque
1006 3041 1112 3092 8161118.

647 3244 832 3303 Annicuaos
851 3242 876 3302 i.
1008 3322 1019 3334 ἡ

439 3415 441 3420 '
526 3443 570 3504 ne
587 3443 654 3506 iasa
671 3447 791 3521 ampo
805 3438 996 3520 essessa.

284 3643 310 3694 1.
336 3633 432 3693 Prima
457 3637 564 3694 mentis
584 3636 715 3710 operatio
734 3648 785 3695 seu
806 3631 935 3710 simplae
953 3629 1158 3710 apprehensio,
1178 3637 1214 3693 ut
1234 3635 1304 3691 aute
1431 3656 1432 3671 ¹

221 3732 361 3808 diximus,
381 3733 411 3791 in
426 3749 461 3792 eo
479 3734 619 3806 cernitur,
639 3729 717 3807 qnod
738 3747 820 3791 meno
838 3730 985 3790 obiectum
999 3729 1119 3806 aliquod
1137 3746 1216 3790 mere
1236 3745 1302 3806 pcr-

221 3831 312 3906 cipiat
326 3837 355 3888 et
371 3829 594 3906 contempletur,
617 3828 690 3887 nihii
709 3836 807 3888 tamen
821 3827 950 3888 aiilrmet
963 3835 1017 3888 aut
1030 3833 1126 3906 neget.
1143 3827 1185 3889 Ut
1197 3831 1223 3888 si
1235 3829 1304 3905 quia
1423 3866 1432 3883 .

148 3999 149 4003 Ἰ
222 3927 374 3988 historiam
391 3927 541 4003 perlegens
563 3942 608 3986 res
623 3931 719 4002 gestas
740 3925 781 3985 ibi
794 3932 944 3988 enarratas
964 3933 1062 3987 mente
1081 3927 1237 3988 dumtaxat
1257 3941 1302 3984 rc·
