2892 4425
227 345 284 395 140
553 352 792 398 Ummium}
813 354 973 399 sanctinis

225 462 316 535 basis,
336 466 480 536 qmtenos
499 461 636 537 importet
656 462 813 523 contusum
830 464 957 539 aliquam
978 470 1008 522 et
1027 478 1181 539 perennem
1200 470 1303 527 mium

192 571 195 575 ·
225 556 368 616 mouendi
387 559 479 615 uitam
498 561 640 634 eorporis,
659 565 728 618 ante
752 576 868 619 onmem
888 563 1108 636 impressionem
1130 576 1227 621 rerum
1248 579 1303 623 ex·

220 660 384 731 ternarum.
409 654 496 713 iluna
513 662 612 715 actum
633 660 803 733 conomiunt
821 666 973 735 tamquam
993 660 1134 719 initialem
1152 666 1182 719 et
1199 662 1304 736 prlml-

225 753 340 826 tirum,
365 758 395 810 et
415 755 500 827 qnasi
520 759 554 812 ut
570 760 708 813 nonatum
727 758 885 815 sensitirae
907 758 1072 832 potentias3
1092 758 1131 817 ad
1148 759 1308 833 ipsumque

225 848 416 924 detegendum
435 866 467 907 se
488 853 640 925 pervenire
657 851 838 911 arbitrantur
861 854 1056 913 abstractione
1078 870 1097 913 a
1118 855 1303 931 singullsde·

225 946 387 1003 wminads
406 945 634 1021 scnmdouibus,
654 948 758 1006 relicta
777 955 892 1008 tantum
915 952 976 1009 vita
995 950 1117 1009 subiecti
1136 954 1298 1011 sentientia.

245 1050 249 1055 ·
285 1040 332 1100 Ad
350 1042 524 1102 eludendam
546 1059 615 1102 vero
633 1043 837 1103 difficultatem
851 1061 926 1120 quac
947 1062 984 1105 ex
1006 1050 1135 1107 camntia
1155 1052 1304 1107 consolen-

225 1142 283 1201 tlae
300 1140 396 1215 quoad
415 1157 534 1199 sensum
549 1141 628 1201 bunc
647 1140 895 1214 fundamentalem
919 1143 1031 1203 desumi
1044 1152 1152 1221 posset,
1166 1147 1302 1222 exempla
1335 1168 1342 1178 ¹

224 1246 387 1315 nongeruut
408 1240 614 1310 nonnullarum
637 1244 854 1315 renuntiantem,
869 1240 975 1315 qulbus
991 1249 1128 1316 perpetuo
1147 1259 1200 1302 uos
1220 1243 1306 1303 efflei

225 1338 393 1412 opinentur,
407 1337 475 1395 lieet
493 1336 532 1395 ob
551 1336 779 1411 assuetudinem,
792 1354 880 1412 quam
894 1340 1022 1413 pariunt,
1037 1354 1087 1397 eas
1101 1354 1120 1397 a
1133 1339 1218 1398 nobis
1240 1356 1301 1399 non

225 1433 339 1493 adverti
348 1434 459 1492 dicant.
476 1434 561 1491 Tales
575 1440 644 1492 sunt
657 1434 735 1509 illae,
747 1447 822 1507 quaa
833 1450 869 1491 ex
887 1442 968 1493 motu
978 1438 1129 1511 sanguinis
1144 1452 1195 1510 per
1208 1452 1302 1497 renas

224 1530 429 1603 dlenurrentis,
450 1535 503 1587 aut
530 1546 567 1587 ex
590 1530 687 1587 calore
708 1530 813 1603 vitali,
835 1546 894 1605 quo
917 1546 1024 1606 eorpus
1045 1530 1170 1607 gaudet,
1192 1538 1244 1591 aut
1262 1549 1299 1593 ox

225 1626 373 1701 pressione
390 1626 466 1683 airis
482 1641 537 1683 noe
558 1625 799 1699 circumfluentis,
812 1632 865 1685 aut
882 1626 947 1686 aliie
968 1628 1111 1687 similibus
1125 1632 1222 1687 nausis
1234 1644 1301 1689 ena·

224 1728 356 1781 reantur.
376 1721 485 1794 Quidni
507 1724 597 1797 igitur
620 1725 683 1796 pari
708 1725 843 1798 ratione,
865 1730 986 1798 ‘praeter
1009 1731 1119 1783 neteras
1141 1724 1302 1799 peculiares

225 1820 422 1893 maanes,
437 1819 544 1894 quibus
561 1818 719 1895 afficimur,
732 1823 859 1879 anterior
874 1820 994 1895 quidam
1015 1838 1117 1880 sensus
1132 1822 1300 1881 adstruatur

156 1981 161 1989 .
225 1916 406 1990 manens,
430 1903 622 1992 universalis,
642 1919 694 1992 qul
719 1932 794 1992 pene
820 1932 886 1975 eum
917 1920 980 1993 ipsa
1000 1921 1061 1979 rita
1081 1918 1304 1993 contundatur,

226 2012 292 2071 boet
311 2015 374 2071 eius
399 2013 512 2072 nullam
531 2016 740 2073 conscientiam
763 2012 945 2073 habeamus?

284 2109 392 2169 Verum
413 2110 485 2169 baec
505 2112 610 2186 partim
631 2114 724 2187 gratis
743 2116 872 2186 asserta,
892 2112 1000 2186 partlm
1023 2112 1061 2171 ad
1081 2128 1141 2171 rem
1167 2128 1227 2172 non
1252 2112 1299 2171 la·

225 2210 332 2270 denda
351 2208 475 2269 dloonda
496 2217 576 2270 sunt.
819 2253 821 2260 Α
1166 2249 1174 2262 .

284 2307 439 2382 Inprimis
459 2308 592 2382 exempla
613 2307 683 2381 illa,
703 2323 780 2383 quae
794 2307 960 2384 proferunt,
982 2323 1165 2385 nequaquam
1186 2310 1299 2368 invicte

223 2405 425 2465 demonstrant
449 2407 480 2464 in
510 2404 593 2464 noble
613 2420 677 2464 csse
701 2407 900 2481 sensatloues,
923 2423 1047 2482 quarum
1080 2409 1189 2466 conscii
1215 2406 1299 2466 nullo

224 2504 311 2563 modo
330 2506 433 2563 simus.
449 2503 524 2562 Nam
541 2505 650 2577 pressio
670 2504 785 2562 externi
807 2507 895 2577 atris,
914 2519 982 2562 eum
1001 2503 1125 2562 elidatur
1144 2519 1163 2562 a
1184 2509 1297 2563 eenna-
1398 2516 1403 2522 ·

224 2603 268 2660 ria
281 2604 427 2676 pressione
444 2599 601 2658 fluidorum
619 2603 650 2658 iu
668 2615 790 2675 corpore
810 2602 1009 2676 existentium,
1027 2615 1085 2658 non
1106 2603 1312 2676 inoougruan

223 2704 267 2755 ter
283 2697 341 2758 dlci
355 2704 453 2774 posset
466 2697 577 2756 nudam
592 2699 621 2755 in
640 2697 725 2756 nobis
739 2699 932 2757 sensationem
947 2700 1091 2772 excitare,
1108 2701 1165 2756 nisi
1179 2697 1298 2773 quando

222 2795 427 2870 aequilibrium
448 2795 522 2854 illud
547 2786 740 2870 abrumpitur.
765 2794 851 2854 Calor
874 2811 943 2854 varo
968 2810 1145 2872 organorum
1165 2797 1197 2854 in
1217 2801 1297 2854 statu

222 2891 346 2948 normali
369 2893 540 2964 animantis,
557 2893 582 2949 si
603 2908 670 2950 enm
689 2896 812 2950 esterno
834 2892 930 2951 calore
949 2892 1168 2968 aequilibrator,
1186 2894 1216 2950 lo
1236 2890 1296 2949 dis-

223 2987 394 3060 positionem
414 2987 510 3060 ipsam
530 2987 652 3045 subiecti
665 2989 817 3048 sentientis
828 2991 1026 3065 convestitam
1048 3004 1084 3048 ao
1103 2987 1223 3064 proinde
1236 3005 1296 3047 non

221 3083 366 3144 obiectum
384 3086 558 3142 sansadonia
576 3092 621 3143 est
637 3085 689 3142 sed
707 3085 837 3144 conditio
857 3103 894 3145 ex
913 3093 996 3161 parte
1016 3091 1161 3163 potentiae
1181 3085 1296 3145 sanabis

221 3184 372 3258 requisita,
387 3197 462 3257 quae
481 3181 610 3240 eiusdem
627 3183 773 3242 actionem
788 3183 950 3243 antecedet.
966 3183 1046 3242 idem
1067 3183 1128 3242 lere
1141 3181 1298 3242 decadum

222 3278 338 3338 videtur
357 3279 395 3338 de
416 3277 605 3338 circulatione
625 3281 801 3355 sauguinis,
824 3295 899 3356 quae
925 3280 1049 3338 normali
1072 3279 1160 3338 modo
1180 3285 1298 3354 pmaota

221 3375 259 3435 ad
279 3378 476 3434 oeconomiam
497 3377 669 3434 existentiae
688 3376 811 3436 subiecti
830 3378 988 3436 animantis
1008 3377 1150 3450 pertinet,
1172 3378 1298 3434 existen·

220 3476 262 3532 tia
280 3481 375 3532 autem
393 3478 422 3530 et
437 3473 618 3532 conditiones
634 3472 672 3530 ad
690 3476 784 3548 ipsam
805 3480 968 3548 spectantes
985 3475 1182 3548 operationem
1203 3471 1298 3530 lacul-

220 3577 315 3630 tatum
341 3571 408 3630 lude
429 3574 641 3646 emergentium
658 3571 858 3645 praecedunt,
877 3586 930 3629 nen
951 3571 1007 3628 nisi
1024 3569 1186 3642 reflexione
1211 3571 1300 3627 attin·

91 3689 95 3694 ·
221 3674 349 3746 gnatum
364 3685 451 3744 quae,
472 3683 538 3726 cum
558 3675 742 3742 praeeuntem
764 3675 861 3726 aetum
878 3667 1021 3727 directum
1039 3667 1207 3740 subaudiat,
1230 3664 1298 3724 iuu-

220 3766 394 3826 damentalis
417 3773 447 3824 ct
468 3767 617 3840 primitiva
637 3768 713 3824 actio
734 3781 797 3823 csse
815 3780 874 3822 non
895 3771 1000 3839 potest.
1022 3764 1083 3823 Nec
1101 3762 1245 3837 impulsus
1268 3768 1299 3819 et

219 3865 341 3940 pressio,
360 3879 447 3940 quam
467 3864 587 3938 sangnis
611 3861 738 3922 decursu
751 3877 805 3922 suo
819 3865 850 3919 in
866 3864 990 3937 parietes
1011 3863 1297 3932 renumerationem,

220 3962 257 4019 ad
273 3965 466 4022 sensatiouem
482 3960 550 4019 inde
564 3961 742 4022 exoriturum
755 3961 826 4018 satis
840 3957 1019 4034 probandam
1037 3959 1145 4017 valent.
1159 3955 1301 4014 Diversae
