2892 4425
350 387 427 431 Pina
446 387 558 430 'mm
580 399 592 416 ·
612 384 795 429 ‘sillomflll
818 385 995 430 titillantis
1156 380 1212 432 209

135 494 226 570 Ergo,
243 495 302 554 alsi
316 492 411 554 Deam
431 511 539 571 ponere
554 502 585 556 et
606 495 723 555 demere
743 510 802 564 ana
826 496 975 573 adamas,
998 495 1135 556 mmdom
1151 513 1214 557 ma·
1319 478 1323 486 ’

135 593 215 649 xime
233 591 394 668 simplicem
416 593 561 653 fateamur
580 599 708 670 oportet.

196 687 303 747 Omnia
317 691 409 766 igitar
427 692 458 748 in
472 707 617 751 sommam
632 685 826 767 conferentes,
840 697 984 767 qnantum
1005 693 1215 772 intelligentiae

135 789 375 845 numantinum
395 791 560 864 augustine,
582 789 615 848 id
632 788 670 847 dc
688 788 792 848 divina
817 796 923 850 natnra
945 792 1147 851 ratiocinando
1168 808 1214 852 as·

135 885 253 957 manti
271 899 385 960 samos,
407 891 441 944 at
462 885 542 944 nens
561 884 622 946 lias
643 885 763 962 aliquod
783 902 965 963 supremum,
990 903 1055 948 ase
1078 905 1213 948 necessa·

136 982 180 1039 rio
202 983 342 1058 existens,
368 982 530 1058 infinitam,
555 983 815 1059 perfectissimam,
835 999 1009 1061 sammaqao
1028 986 1215 1061 simplicitate

136 1076 237 1138 irnen's
256 1095 320 1139 esse
338 1073 465 1140 dic'atnr.
480 1080 593 1140 limam
607 1096 678 1140 aero
693 1083 846 1140 notionum
864 1083 974 1158 prima,
987 1097 1076 1158 qnam
1096 1083 1134 1142 de
1153 1081 1216 1142 Deo

135 1177 335 1253 concipimus,
356 1179 388 1236 in
405 1193 441 1236 co
460 1179 555 1254 posita
573 1184 618 1237 est
642 1178 721 1255 qnod
743 1177 822 1238 Dana
840 1181 880 1239 nit
898 1195 918 1238 a
938 1196 979 1238 sc.
1002 1179 1116 1240 Exinde
1135 1182 1214 1240 enim

136 1278 247 1333 ceierae
270 1291 373 1334 omncs
386 1274 473 1334 facile
485 1274 667 1335 deriventur.
682 1276 867 1352 Quapropter
884 1277 950 1336 iare
967 1279 1128 1354 meritoque
1149 1276 1215 1353 phi·

137 1368 251 1446 losoplni
268 1375 300 1431 in
317 1372 373 1436 hac
394 1371 559 1432 divinitatis
572 1379 643 1432 nota
663 1373 896 1450 metaphysicam
910 1373 965 1432 Dei
979 1376 1137 1434 essentiam
1155 1373 1215 1432 ool·

136 1467 281 1529 locarant.
300 1469 342 1530 Ut
359 1471 438 1529 enim
461 1470 535 1530 alias
558 1470 670 1531 dictam
693 1478 750 1547 est,
766 1470 968 1548 ntetapliysico
989 1474 1030 1531 rel
1051 1473 1215 1548 cuiuspiam

135 1568 262 1626 mentia
279 1569 312 1626 in
331 1584 367 1627 ea
386 1571 506 1628 notione
526 1571 687 1646 reponitur,
702 1583 779 1646 quae
796 1571 926 1645 primam
944 1571 975 1628 in
998 1585 1029 1629 ra
1051 1571 1216 1645 concipitur

136 1677 269 1738 queque
287 1679 349 1722 rem
368 1667 494 1724 soccmlt
513 1665 551 1724 ab
568 1663 655 1742 aliis,
670 1672 700 1726 ct
717 1667 748 1725 in
826 1666 1004 1741 principium
1022 1665 1103 1725 salai
1123 1671 1169 1726 est
1186 1661 1217 1724 'ot

136 1761 221 1834 qnasi
235 1759 320 1820 radix
338 1768 501 1822 ommium
514 1765 738 1839 proprietatnm.
754 1761 840 1834 Unde
852 1761 930 1822 Dens
949 1762 988 1822 da
1000 1765 1156 1838 semetipso
1176 1763 1217 1822 lo

136 1872 230 1932 qam
247 1858 440 1936 cnm'lioysc
458 1861 515 1918 nit:
537 1859 604 1936 Epo
617 1875 682 1919 ram
695 1861 749 1936 qai
761 1875 837 1920 raro.
860 1859 909 1920 Sir
922 1857 1087 1937 dicespiliir
1102 1856 1215 1920 lsrael:

140 1952 201 2027 Qui
219 1960 264 2016 esi
275 1958 365 2015 misit
382 1973 430 2015 ore
450 1955 493 2016 ad
511 1973 563 2018 vos
582 1959 606 2015 ¹.
628 1958 743 2016 lietera
762 1958 787 2016 is
808 1958 924 2032 proprie
944 1973 1004 2015 esre
1024 1956 1082 2015 dici
1102 1961 1215 2032 potest,

136 2053 187 2127 qai
206 2057 252 2112 ert
268 2069 290 2112 o
309 2069 357 2127 se,·
376 2059 474 2114 cetera
492 2059 603 2130 nomm,
623 2069 700 2130 qnae
718 2057 791 2114 anai
808 2053 850 2118 ab
868 2053 940 2129 alio,
964 2069 1023 2114 aon
1042 2059 1105 2114 iam
1125 2056 1212 2127 mat,

135 2163 225 2225 qnam
243 2167 304 2211 esre
323 2152 512 2229 participant

521 2348 744 2408 dunecanus
773 2346 828 2408 ΙΙΙ.

532 2547 579 2607 De
601 2546 659 2608 Dei
681 2546 809 2609 onitate.

198 2743 267 2797 iti.
289 2736 362 2797 Cam
384 2737 438 2796 liei
457 2738 612 2799 emunita
625 2744 655 2798 ct
674 2745 781 2798 antara
799 2738 926 2799 maxime
941 2740 1124 2798 connectitur
1137 2738 1213 2796 cius·
1300 2770 1303 2776 ι

134 2836 202 2896 dem
225 2838 336 2911 onitas,
353 2839 461 2912 qnippe
481 2852 557 2913 qnae
574 2836 693 2897 modam
713 2840 811 2913 ipsum
828 2840 957 2914 attingit,
974 2852 1034 2914 qno
1051 2826 1108 2895 'ilia
1131 2838 1161 2894 in
1184 2851 1215 2895 sc

99 2965 110 2979 ·
135 2935 335 2994 constituitur.
361 2934 425 2993 Hac
451 2936 599 2993 antemio
628 2952 659 2994 re
687 2934 797 3011 duplex
823 2934 1023 3011 explodendos
1050 2940 1095 2992 est
1115 2949 1212 2996 orror:

136 3032 211 3091 alter
232 3032 490 3108 polythclstarnm,
504 3034 556 3108 qai
575 3032 674 3108 pln'res
686 3033 763 3091 Deos
777 3034 923 3108 opinionis
940 3046 1038 3092 erroro
1051 3031 1213 3104 flnxemnt5

66 3149 72 3157 ·
136 3128 211 3188 alter
235 3130 473 3191 manichaeornm
494 3130 545 3206 qai
566 3134 681 3205 praeter
694 3130 871 3205 principium
885 3144 999 3187 summe
1011 3127 1121 3187 bonam
1136 3128 1214 3201 prin·

136 3226 245 3298 cipinm
265 3226 346 3286 alind
364 3242 479 3287 somme
497 3228 609 3287 malam
620 3227 668 3287 ad
688 3228 830 3304 originem
850 3227 995 3286 malornm
1009 3223 1214 3301 explicandam

137 3326 294 3384 commenti
314 3332 395 3385 sant.

471 3527 668 3601 Polyiltclriae
692 3524 875 3596 resociantur.

199 3721 267 3775 itit.
289 3715 416 3775 Unlcnm
437 3730 501 3775 esse
519 3714 612 3774 Deam
633 3715 787 3790 multiplici
808 3716 920 3773 ratione
940 3715 1135 3781 conrincitur.
1151 3710 1213 3769 Nos

134 3819 233 3871 tamen
259 3816 443 3889 potissimam
460 3814 493 3873 id
510 3828 647 3874 ememus
672 3828 708 3873 en
723 3817 849 3889 quatuor
876 3812 1038 3890 capltlbas3
1060 3826 1096 3869 ex
1115 3821 1214 3868 conce·

197 4025 309 4076 ineam
328 4028 380 4086 m,
407 4032 443 4076 ia.
511 4018 514 4023 “
