2892 4425
437 402 513 445 eras
536 402 652 445 tarsun
674 400 924 445 ·esrrctrouou1t
1164 392 1218 445 tei

141 518 292 585 sectatur,
314 508 384 569 binc
407 511 444 569 ud
466 511 687 587 ambiguitatem
707 510 888 586 cauendum,
910 509 1019 569 bonnm
1040 512 1095 568 erit
1115 509 1218 577 distin·

143 610 199 667 ctis
219 607 369 667 uocubuiis
389 606 495 683 duplex
518 608 574 666 boc
592 606 756 665 reflectendi
780 622 886 665 munus
903 622 1063 665 secernere.
1086 605 1218 665 Primum

143 708 234 781 igitur
252 704 331 781 quod
352 707 382 761 in
404 685 534 763 subiecto
554 707 701 779 cogitante
723 706 843 779 eiusque
865 702 1131 762 moditicaiionibns
1156 691 1220 779 perl

144 802 285 879 cipiendis
300 804 451 877 consistit,
466 801 587 880 reflexio
601 800 833 879 pseudobunio&
848 802 990 875 alterum,
1005 800 1082 877 quod
1098 803 1127 859 in
1142 800 1220 860 obie-

142 904 200 959 ctis
219 917 238 958 a
257 902 403 975 cogitante
424 898 546 957 diversis
568 898 727 974 relegendis
742 906 896 974 operatur,
909 898 1031 975 reptasse
1051 897 1219 974 ontotopics

143 996 344 1055 nominabitur
367 1000 390 1051 ¹.
1035 1000 1041 1007 '

202 1094 287 1166 Quod
309 1100 405 1153 autem
420 1092 479 1152 dno
494 1094 567 1152 irasc
584 1100 715 1169 tempora
738 1094 782 1153 vei
804 1100 914 1169 status,
928 1096 1113 1169 cogitationis
1132 1097 1217 1152 nimi·

143 1208 210 1249 rum
223 1196 403 1268 spontaneae
415 1194 447 1249 et
459 1190 587 1268 replexae
605 1194 635 1249 in
649 1192 733 1250 nobis
748 1208 849 1267 reapse
862 1193 938 1264 sint,
954 1192 1104 1265 explorata
1122 1208 1174 1267 per
1190 1208 1220 1250 se

144 1305 192 1347 res
206 1295 291 1347 estet
306 1286 472 1346 manifesta.
494 1288 569 1346 Nam
591 1292 715 1365 quisque
737 1289 833 1347 uiride
854 1290 1001 1363 experitur
1016 1304 1047 1345 se
1063 1304 1147 1361 posse
1168 1304 1220 1365 pro

142 1386 240 1444 inbiin
255 1388 423 1444 interiorem
444 1388 534 1443 animi
555 1388 695 1445 intuitum
716 1386 755 1444 ad
776 1385 872 1460 ideas,
888 1400 962 1461 ques
983 1386 1154 1461 acquisivit,
1173 1401 1217 1443 re·

143 1492 280 1559 torquere
303 1490 337 1541 nt
360 1498 410 1541 eas
435 1482 532 1541 denuo
556 1488 586 1541 et
612 1486 751 1542 attentius
777 1482 997 1557 contempietur.
1027 1482 1123 1541 immo
1150 1498 1219 1541 vero

143 1581 284 1656 quamdiu
305 1578 336 1638 id
360 1596 419 1637 non
442 1578 534 1655 tacit,
557 1596 707 1656 nunquam
734 1580 952 1639 distinctionem
977 1580 1167 1657 ordinemque
1189 1582 1219 1639 in

143 1677 377 1753 perceptionibus
401 1679 526 1752 reperit,
552 1678 601 1735 sed
626 1678 777 1752 compiexu
802 1657 916 1736 tantum
939 1685 969 1737 et
995 1678 1118 1737 confusa
1140 1677 1219 1738 obis·

142 1784 257 1837 ntorum
279 1778 542 1851 repraesentatione
563 1774 700 1834 afficitur.
725 1776 764 1834 iit
778 1776 847 1835 huic
868 1776 1051 1837 voiuntariae
1069 1776 1218 1837 rederiuni

144 1876 290 1950 perceptio
306 1878 469 1948 spontanea
488 1878 518 1931 et
537 1888 596 1930 non
612 1872 702 1931 iibera
710 1868 905 1949 'praecesserit
925 1890 1040 1935 necesse
1060 1882 1121 1951 est3
1136 1890 1220 1935 secus

142 1970 277 2030 intinitus
298 1968 417 2046 quidum
444 1984 596 2046 pmcessus
621 1970 768 2029 sctiormm
794 1971 1000 2030 incurreretur.
1025 1972 1100 2031 Nam
1126 1978 1220 2031 status

143 2068 270 2126 redeam
290 2066 398 2141 alium,
413 2069 444 2124 tn
465 2081 551 2140 quem
575 2065 685 2125 reditus
700 2066 768 2141 dut,
783 2072 861 2126 certe
882 2066 1035 2143 subaudit;
1050 2070 1101 2143 qui
1122 2071 1147 2128 si
1166 2071 1220 2127 ite·

143 2181 210 2226 rum
236 2164 360 2224 retiexus
385 2162 529 2240 tingitur,
553 2163 627 2223 aiter
653 2166 708 2240 ipsi
733 2166 888 2240 praeiverit
909 2170 1044 2242 oportet3
1067 2170 1153 2242 atque
1179 2169 1220 2225 ita

142 2265 297 2338 deinceps,
309 2245 382 2338 puin
402 2263 519 2320 initium
541 2261 658 2337 aitquod
672 2264 701 2320 in
716 2277 776 2339 quo
790 2263 891 2321 sistere
912 2261 998 2322 iioeat
1014 2265 1219 2339 comperiatur.

143 2362 293 2438 utigitur
312 2359 471 2419 absurdum
493 2359 550 2417 boc
572 2361 695 2434 vitetur,
717 2358 867 2418 fatendum
889 2362 1009 2420 omnino
1027 2368 1070 2420 est
1089 2363 1218 2421 animum

142 2465 262 2519 ostatu
283 2457 410 2535 quodam
431 2463 593 2532 spontaneo
617 2463 647 2515 et
671 2473 729 2515 non
752 2455 842 2516 iibero
866 2459 1061 2533 perceptiones
1084 2473 1153 2517 suus
1176 2461 1219 2516 in·

143 2557 269 2633 cboare,
290 2559 320 2614 tn
345 2571 437 2632 eoque
460 2554 613 2614 exordium
639 2557 842 2630 operationum
870 2571 989 2614 suarum
1016 2569 1117 2614 reuera
1137 2557 1217 2630 poni.

142 2653 200 2713 iiic
220 2661 315 2713 status
336 2655 384 2714 itie
401 2661 464 2728 est,
478 2668 565 2728 quem
585 2651 693 2712 cousin
708 2656 954 2730 spontaneitntem
971 2655 1118 2730 nominat,
1133 2669 1168 2712 se
1185 2653 1221 2712 de

141 2767 203 2827 quo
223 2757 268 2810 tot
288 2750 455 2828 inbuimur,
474 2757 508 2809 ut
528 2753 618 2810 risum
638 2753 761 2808 omniuo
782 2754 812 2808 in
834 2749 995 2827 tegentibus
1015 2753 1121 2810 excitet
1138 2753 1163 2811 ¹.
1186 2751 1219 2811 ln

142 2865 178 2908 eo
198 2852 278 2907 enim
292 2865 350 2906 nou
367 2849 471 2926 modo,
486 2847 718 2908 enthusiasmum
734 2854 763 2906 et
784 2850 910 2923 poesim3
926 2839 1027 2907 verum
1048 2852 1134 2908 eitum
1154 2865 1219 2926 pro·

141 2947 290 3022 piretiam,
311 2945 399 3004 tidem
420 2953 451 3004 et
475 2946 681 3004 revelationem
706 2960 844 3021 omnem,
866 2947 891 3004 si
915 2943 1032 3020 Superis
1054 2945 1167 3022 piacet,
1189 2963 1220 3006 se

141 3046 284 3119 reperisse
304 3046 442 3102 somniet.
464 3043 529 3115 Qus
550 3045 579 3100 io
602 3058 633 3100 re
653 3045 761 3100 mirum
782 3057 845 3101 esse
865 3059 925 3101 non
947 3043 1047 3118 debet,
1062 3047 1086 3102 si
1106 3051 1221 3120 praete

142 3140 253 3198 nudam
279 3143 467 3200 assertionem
493 3147 698 3214 argumentum
723 3140 838 3198 unitum
864 3139 989 3215 proteri.
1017 3129 1223 3200 insuetorum

141 3239 238 3311 enim,
254 3239 279 3295 si
300 3253 407 3314 magua
429 3243 514 3311 sunt,
529 3235 609 3296 baud
629 3236 715 3295 tacite
736 3241 927 3314 argumenta,
942 3253 1018 3314 quae
1031 3240 1155 3314 speciem
1171 3253 1219 3296 re·

142 3336 238 3393 ritutis
258 3337 419 3409 retineant,
441 3333 541 3392 afferri
563 3341 696 3408 possunt.
720 3333 777 3393 Sed
797 3335 870 3394 itiud
894 3335 1060 3396 mirandum
1080 3351 1218 3412 prorum,

140 3430 220 3506 quod
242 3431 330 3489 bomo
349 3432 518 3506 ceteroquin
542 3437 664 3505 acutus,
685 3430 759 3490 adeo
779 3431 995 3508 baiiuetnetur,
1017 3439 1050 3491 ut
1068 3447 1128 3492 uon
1154 3449 1218 3509 per·

203 3640 212 3681 i
235 3631 345 3683 beterio
365 3634 540 3698 pspcboiogios
559 3635 696 3700 rppettotur
717 3637 791 3686 etiam
810 3635 960 3686 couscientia
980 3637 1069 3686 redens
1085 3636 1114 3685 ut
1132 3633 1218 3685 distin·

139 3713 244 3774 guntur,
257 3711 289 3762 ab
308 3715 365 3764 actu
385 3715 431 3765 iiio
449 3716 604 3779 ammeio,
618 3729 669 3779 quo
685 3715 823 3767 subiectum
838 3717 961 3780 cogitans,
971 3717 1021 3766 boc
1033 3717 1088 3780 ipso
1099 3713 1167 3779 quod
1180 3727 1221 3764 eo·

138 3792 217 3853 uitat,
228 3805 256 3841 se
272 3795 380 3858 capum
393 3796 496 3846 oousdt.
510 3815 522 3839 a
533 3796 643 3846 caurien
656 3795 807 3859 distinguuc
823 3799 862 3847 tra
876 3795 903 3848 is
918 3797 1045 3846 concisura
1061 3793 1178 3846 direttse
1195 3795 1220 3843 ts

140 3891 153 3913 ι
171 3873 282 3935 riiiessa3
301 3875 386 3938 quetis
403 3889 570 3941 accompagns
585 3877 642 3940 ogni
657 3878 787 3928 ieuomeuo
810 3878 920 3939 interno,
937 3879 1025 3940 questa
1043 3889 1088 3938 no,
1103 3873 1185 3938 quetis
1203 3873 1217 3944 d

138 3971 154 3992 ιι
169 3951 295 4016 naturaie,
312 3956 399 4016 questa
415 3955 539 4006 titosofios.
555 3976 567 3998 a
579 3957 677 4008 brunes
693 3957 775 4007 iiiios.
788 3955 994 4018 sendumeniule
1012 3956 1029 4006 i.
1051 3963 1077 4016 t,
1094 3967 1117 4002 c.
1136 3959 1175 4002 it.

198 4037 212 4077 2
231 4032 335 4082 introit.
353 4034 370 4082 d
387 4035 467 4086 i’tisi.
484 4036 517 4086 de
534 4035 674 4100 inpietas.
693 4037 730 4099 ise
749 4047 774 4087 ti.
