2892 4425
572 376 811 423 ΙΠΑΡΙῙΙΙΕΑΙ
831 379 991 425 mcum

646 584 830 645 descensus
859 586 912 645 iii.

469 783 618 843 Miscenda
634 782 795 863 pesrs'br'lr'u
816 802 877 845 ease
899 790 1093 847 mentiretur.

302 980 352 1034 tt.
374 974 419 1035 Ex
439 976 495 1045 iis,
515 989 608 1050 quae,
629 975 725 1049 primo
750 973 838 1035 huius
867 976 973 1051 coprus
1000 977 1125 1037 ammio
1150 992 1203 1052 pro
1236 992 1322 1039 mun·

241 1071 312 1133 dani
331 1072 445 1133 ordinis
461 1074 661 1149 confingentis
681 1072 925 1149 explicuissent,
941 1076 1013 1135 satis
1032 1074 1127 1136 cincei
1146 1076 1178 1133 in
1198 1078 1323 1137 miracu-

242 1172 291 1247 iis,
311 1170 445 1255 ousiis!
461 1169 547 1231 nobis
566 1170 714 1246 descripta
737 1160 817 1245 suot,
837 1172 947 1231 notiam
972 1174 1070 1233 inesse
1083 1174 1319 1249 repugnantiam.

242 1269 317 1329 Nam
341 1270 388 1345 si,
406 1276 440 1329 ut
459 1269 572 1329 dicturo
590 1267 632 1327 ibi
657 1274 713 1342 est,
732 1268 805 1329 ordo
822 1285 908 1345 quem
933 1268 1011 1329 licus
1031 1270 1141 1329 mundo
1167 1269 1319 1345 praefixit,

242 1366 377 1427 amuco
395 1369 566 1427 necoesitata
586 1382 645 1425 oon
670 1372 801 1442 tenetur,
816 1372 904 1443 atque
917 1366 981 1427 ideo
997 1370 1170 1427 commutari
1188 1370 1322 1443 vertique

243 1466 274 1523 in
298 1466 478 1523 centrarium
504 1469 620 1539 potest3
646 1462 775 1539 proiecto
798 1464 879 1525 uuila
907 1467 1079 1540 perspicitur
1108 1467 1320 1542 repugnantia,

241 1561 322 1639 quod
338 1560 417 1621 Deus
437 1560 466 1620 id
486 1560 596 1621 efficiat
617 1561 788 1637 aliqnando.
804 1561 881 1621 Deus
898 1564 977 1621 cuim
998 1560 1094 1621 ordini
1119 1578 1215 1623 mrum
1238 1578 1321 1623 crea·

242 1663 339 1720 taram
359 1672 419 1718 nou
441 1656 615 1734 subiicitur,
637 1672 692 1717 nee
717 1657 852 1721 creandis
870 1657 956 1719 rebus
979 1658 1087 1719 limites
1100 1674 1171 1719 snae
1186 1660 1322 1735 appinxit

241 1758 393 1834 potestate
410 1755 556 1833 Derogare
576 1758 667 1833 igitur
687 1763 783 1833 potest
802 1762 941 1819 consueto
960 1757 1057 1817 ordini
1078 1774 1194 1831 rernm,
1216 1764 1246 1817 et
1265 1758 1320 1817 sii·

240 1854 313 1931 quid
338 1854 521 1929 inopinatum
541 1846 657 1915 'eifloare
683 1854 722 1915 ad
748 1854 828 1932 qnod
851 1856 929 1915 viros
951 1860 1065 1915 creatae
1087 1870 1145 1915 oon
1168 1871 1202 1915 sa
1225 1856 1321 1931 porri·

241 1958 327 2030 pant.
344 1950 385 2012 At
404 1968 473 2012 vero
494 1950 612 2013 effacdo
630 1954 720 2013 istaec
738 1952 912 2015 miraculum
931 1954 1101 2030 cunstituit;
1119 1952 1263 2029 siqnidem
1276 1960 1322 2015 esi

239 2048 364 2111 effeetus
380 2049 516 2111 inscitius
535 2058 565 2111 et
584 2057 708 2111 naturas
721 2054 798 2111 cirea
815 2050 969 2113 excedens.
985 2050 1129 2111 idimcula
1147 2052 1250 2129 igitar,
1264 2054 1322 2114 nisi

240 2150 299 2226 iis,
318 2164 394 2226 quoe
415 2148 537 2225 probata
554 2154 645 2226 sont,
668 2148 809 2227 refragari
833 2149 973 2226 vsiimus;
998 2149 1147 2226 possibliis
1169 2166 1233 2211 assa
1253 2165 1321 2211 eon·

238 2247 416 2308 eiodandnm
435 2252 489 2307 ast·
511 2233 709 2308 Nihiiominus
730 2253 763 2308 nt
783 2249 902 2322 veritas,
923 2263 999 2325 quoe
1012 2253 1163 2324 tantopere
1184 2249 1319 2325 interest,

241 2347 344 2406 maiori
362 2347 393 2404 in
410 2345 475 2405 iace
494 2351 632 2421 ponatur,
645 2344 769 2406 dilatam
782 2348 943 2406 orationem
961 2347 1046 2408 iuvat
1064 2361 1099 2404 ae
1117 2345 1249 2423 singulas
1268 2349 1321 2406 mi·

240 2443 405 2505 raeuiorum
426 2446 535 2520 specics
554 2443 690 2504 discursu
712 2446 868 2520 animoque
883 2444 1018 2504 instrore.

300 2541 363 2621 Age
376 2545 435 2604 tam
449 2541 601 2617 miracula,
612 2545 822 2618 cuiuscumque
836 2543 948 2619 generis
962 2543 1022 2602 sint
1033 2546 1064 2600 et
1077 2541 1116 2602 ad
1125 2540 1321 2618 spumeosque

240 2641 403 2702 membrum
430 2641 594 2717 pertineant
622 2641 786 2716 tripartitae
812 2639 966 2700 divisionis
987 2655 1075 2715 unam
1104 2654 1192 2714 sopra
1222 2639 1320 2698 lonni-

240 2757 319 2816 mm,
333 2755 367 2799 ea
387 2745 466 2800 carta
481 2755 519 2798 ax
541 2739 640 2816 aiiqua
658 2741 748 2798 trium
769 2736 874 2798 harum
889 2737 1016 2812 partiam
1030 2737 1101 2796 oriri
1121 2734 1238 2797 debent.
1259 2735 1321 2798 Pri·

240 2853 322 2897 roam
338 2879 347 2913 ,
361 2843 395 2898 ut
412 2851 490 2896 nova
510 2851 558 2896 res
576 2835 686 2913 absum
701 2837 823 2910 causis,
842 2834 984 2911 aquibus
1004 2833 1065 2894 deri
1084 2834 1169 2894 solita
1190 2839 1258 2908 est,
1276 2836 1320 2910 gi·

241 2941 364 3012 gnatum
379 2938 432 2994 aut
450 2948 529 2992 nova
541 2933 695 3008 dispositio
715 2935 781 2996 aira
801 2935 832 2992 in
845 2931 1013 3009 corporibus
1028 2934 1091 2993 sive
1109 2935 1142 2992 in
1155 2931 1319 3009 elementis,

241 3031 319 3092 nnda
341 3045 463 3106 corpora
489 3035 651 3107 constant,
677 3031 867 3106 produootur.
896 3029 943 3092 Sic
967 3032 992 3091 si
1019 3035 1135 3106 repento
1159 3029 1197 3090 nd
1223 3030 1318 3090 sancti

241 3129 393 3189 cuiusdam
414 3127 541 3186 hominis
561 3130 672 3186 iussum
694 3129 740 3190 vei
762 3145 875 3204 precam
897 3145 974 3205 aqua
993 3127 1073 3188 iiiioo
1093 3143 1131 3190 ex
1151 3126 1232 3188 siiioa
1251 3141 1319 3202 pro·

241 3225 353 3302 sitiret,
373 3231 425 3285 aut
450 3239 536 3283 casco
556 3227 637 3285 visus
653 3228 877 3303 restitueretur,
899 3231 951 3286 aut
971 3231 1083 3284 montes
1108 3239 1124 3283 s
1149 3223 1213 3284 iooo
1232 3239 1319 3300 quem

241 3328 385 3399 occupant
397 3322 627 3398 dissecarentur,
641 3337 729 3382 nemo
744 3339 802 3382 nou
816 3325 961 3384 immanes
978 3323 1033 3384 hos
1048 3321 1172 3384 effectus
1186 3321 1320 3396 ohstupa·

242 3425 344 3480 sceret.
361 3418 401 3480 At
414 3433 485 3478 vero
501 3421 527 3480 si
546 3421 613 3497 quis
630 3421 778 3496 paulisper
797 3419 938 3496 attendat,
954 3423 983 3480 iu
1001 3421 1057 3480 hcc
1075 3435 1124 3479 eos
1139 3419 1238 3495 reponi
1256 3435 1321 3494 per·

240 3519 343 3594 spicist
356 3517 435 3594 quod
449 3523 501 3577 aut
513 3533 623 3577 novum
636 3533 742 3594 corpus
754 3517 897 3578 formetur
910 3519 1000 3594 illico,
1012 3523 1064 3578 aut
1078 3518 1233 3592 adamanta,
1243 3515 1322 3576 anda

240 3614 406 3692 constabat,
428 3614 511 3676 aitter
530 3619 634 3676 coeam
653 3619 856 3692 intersonat
876 3631 1016 3692 corpora,
1036 3631 1112 3692 qnae
1133 3619 1201 3673 ants
1219 3618 1320 3689 erant,

242 3713 327 3774 aiiter
345 3712 533 3774 collocentur.
555 3713 631 3773 Nam
652 3719 730 3774 certa
750 3721 784 3774 ut
803 3731 881 3792 aqua
900 3715 964 3774 sina
983 3713 1044 3773 nito
1065 3711 1145 3772 toute
1165 3711 1322 3787 maturiet,

241 3818 288 3871 sai
300 3813 356 3872 erit
371 3813 396 3873 si
409 3826 427 3870 e
440 3810 533 3870 nihiio
545 3811 648 3872 divina
661 3828 717 3887 ope
730 3811 872 3874 condatur
891 3817 943 3870 aut
963 3827 1000 3870 ax
1022 3811 1156 3884 materia,
1172 3823 1248 3884 quas
1261 3809 1323 3866 iam

240 3915 337 3970 exstat
356 3913 420 3971 sine
437 3909 523 3970 solito
538 3925 674 3986 processu
689 3907 840 3969 formatur.
858 3908 898 3969 Ut
911 3923 998 3968 caeco
1017 3911 1098 3967 visos
1117 3909 1322 3981 recuperetur,

241 4011 437 4070 manum
457 4010 513 4067 erit
532 4015 565 4066 ut
587 4009 722 4068 vitiatum
737 4023 879 4083 organum
900 4007 1082 4082 corrigatur,
1105 4003 1185 4081 quod
1205 4002 1256 4063 flet
1270 4009 1325 4064 aut
