2892 4425
548 408 785 455 antonomum
1165 400 1202 456 13

125 520 314 601 inductione,
335 526 463 583 mentem
483 519 654 580 orationali
668 515 913 591 contemplatione
933 516 971 575 ad
991 520 1202 594 experientiam

125 628 284 682 revocaret.
299 620 383 693 Quod
397 624 582 695 praeceptum
598 620 627 676 in
643 617 842 691 emplrismum
856 614 966 691 trabit,
982 619 1065 676 cuius
1080 622 1202 693 proinde

124 719 196 778 vitia
209 736 278 777 mox
293 724 390 793 enata,
414 720 476 775 iure
494 731 511 774 a
527 717 635 774 criticis
649 714 829 773 boconianae
841 713 978 773 methodo
996 715 1107 775 tributa
1118 725 1200 778 sunt.

123 814 231 875 Eodem
249 817 310 875 iere
323 823 464 889 tempore,
484 830 543 889 quo
561 813 692 871 Bacoous
707 813 736 867 in
751 806 858 886 Angiia
878 828 963 869 suum
977 829 1120 890 organum
1136 817 1203 875 Ari.

123 914 217 971 sloteil
232 912 411 988 opponebat,
426 911 612 987 quamplures
627 908 696 966 olibi
711 907 819 965 bellum
833 915 903 966 sunt
916 914 1098 987 prosequuti,
1115 928 1200 988 prae-

123 1014 223 1069 sertim
245 1011 391 1069 cortesius
411 1011 443 1067 ln
464 1007 587 1083 Gallia,
608 1006 771 1065 Leibuitius
791 1008 822 1062 lo
842 1004 1022 1086 Germania,
1044 1011 1075 1067 in
1095 1010 1204 1088 Augila

124 1106 263 1165 Locklus.

184 1203 225 1262 At
238 1203 268 1261 bi
283 1204 370 1261 etiam
388 1201 473 1279 (quae
487 1217 584 1260 rerum
599 1200 795 1277 humanarum
814 1197 944 1258 conditio
957 1201 1011 1276 est)
1035 1218 1104 1262 suas
1125 1208 1203 1265 vices

124 1300 272 1377 subluere,
294 1302 360 1360 ollis
374 1300 496 1359 subinde
517 1314 593 1357 nova
607 1304 769 1375 systemata
790 1297 987 1357 molientibus.
1011 1300 1086 1357 Nam
1106 1300 1202 1361 Corte·

123 1400 208 1475 slus,
231 1401 279 1458 coi
292 1406 409 1474 proptor
422 1395 572 1456 doctrinae
585 1397 764 1471 novitatem,
781 1410 871 1470 quom
886 1401 955 1453 ante
971 1396 1046 1455 aiios
1062 1397 1202 1476 tradidit,

123 1496 323 1571 murimosque
336 1495 486 1569 lautores,
508 1509 581 1570 quos
601 1496 630 1551 ln
644 1492 741 1552 Gallia
756 1494 925 1573 praesertim
942 1500 1045 1551 nactus
1058 1500 1124 1571 cst,
1147 1498 1201 1553 im·

122 1599 252 1653 mutatae
265 1592 465 1668 philosophiae
477 1593 592 1651 initium
608 1582 697 1659 tribui
711 1592 797 1666 solet,
812 1606 872 1648 oon
888 1591 980 1649 multo
991 1598 1203 1669 post·tempore

124 1698 242 1766 coeptus
257 1696 301 1749 est
315 1684 451 1765 fastidiri,
468 1689 579 1749 Lookio
592 1688 768 1764 pedetentim
788 1688 989 1763 philosophiae
1001 1704 1138 1765 campum
1153 1708 1203 1751 oe·

123 1796 258 1864 cupante.
281 1788 310 1847 ls
329 1794 428 1863 utpote
442 1788 574 1846 faciliora
585 1787 711 1863 docens,
734 1786 870 1863 styloque
883 1786 943 1845 iere
958 1788 1091 1862 populari
1112 1796 1203 1866 atque

123 1885 281 1944 adllaconi
295 1886 505 1961 praescriptum
527 1885 757 1958 accommodate,
779 1884 898 1943 saecuto
917 1886 1015 1943 arrisit
1029 1886 1199 1966 plurimum.

122 1982 219 2055 Quare
238 1985 325 2042 otiam
349 1982 524 2059 Leibnitius,
545 1985 596 2058 qni
618 1976 807 2057 profundiore
829 1981 1026 2041 delectabatur
1045 1986 1201 2061 sapientia,

67 2138 73 2149 ,
121 2082 209 2139 unius
232 2080 291 2140 iero
313 2080 486 2140 Germaniae
504 2083 642 2163 terminis,
655 2086 776 2139 coactus
794 2084 839 2137 est
858 2081 1011 2137 contineri.
1033 2080 1080 2139 Sic
1096 2084 1203 2141 castris

121 2180 231 2253 potitus
252 2185 296 2240 est
317 2178 467 2254 Lockius,
487 2180 518 2237 in
532 2178 640 2256 Augila
662 2178 832 2254 praesertim
850 2183 879 2236 et
898 2178 929 2235 in
947 2176 1053 2236 Gallia.
1076 2177 1116 2238 At
1134 2195 1202 2238 cum

121 2274 255 2334 doctrina
277 2277 370 2350 baec,
395 2276 590 2352 periculorum
618 2276 722 2351 plena,
747 2276 922 2349 scepticismi
945 2281 975 2332 ot
1002 2277 1203 2335 materialismi

121 2373 233 2430 semina
247 2373 419 2447 praeberet3
442 2373 505 2431 lieri
521 2379 599 2430 certe
619 2388 678 2429 non
701 2377 815 2444 poterat
833 2377 869 2429 nt
887 2371 958 2427 boec
971 2371 1023 2430 diu
1034 2374 1202 2432 'occulerem

120 2473 181 2528 tor.
203 2469 244 2526 Ex
260 2485 296 2527 ea
309 2469 430 2544 proinde
451 2471 481 2526 in
496 2469 602 2543 Augila
617 2483 667 2542 per
681 2467 825 2542 Berkeley
842 2465 1023 2540 idealismus,
1043 2483 1095 2542 per
1107 2469 1203 2527 llume

121 2551 324 2640 scepticismus
343 2566 481 2641 emersit3
504 2566 534 2623 iu
549 2563 645 2624 Gallio
664 2579 714 2639 per
735 2563 885 2622 Condiilac
903 2564 1063 2622 sensismus
1082 2564 1202 2642 prodiit,

121 2679 229 2738 quem,
247 2668 281 2722 ut
300 2679 481 2738 consequens
502 2669 577 2740 erat,
598 2661 763 2737 Helvetios,
783 2661 893 2736 Trocy,
912 2659 1038 2720 Cabonis
1061 2661 1091 2719 in
1110 2651 1204 2737 pe'rie

122 2765 202 2819 cium
223 2760 464 2818 materialismum
486 2765 713 2818 commutarunt.
729 2759 814 2818 ltalia
832 2757 970 2817 eclectiea
988 2759 1117 2834 modam
1137 2759 1203 2835 pbl-

122 2857 292 2933 losopbandl
317 2857 454 2916 methodo
474 2860 570 2934 potius
591 2873 643 2917 usa
658 2864 722 2933 est3
744 2858 880 2933 quamvis
903 2856 1016 2932 galileis
1036 2856 1201 2934 lenociniis,
1288 2917 1293 2924 ,

121 2960 156 3013 ut
175 2961 288 3030 tempus
308 2955 437 3032 terebat,
460 2955 558 3015 illecta
571 2953 763 3015 Condiilacbii
777 2957 920 3014 sensismo
934 2971 993 3013 non
1010 2971 1115 3031 parum
1137 2957 1203 3032 ipsa

122 3052 210 3111 etium
234 3054 440 3112 macularetur.

120 3184 123 3189 -
181 3149 265 3209 Tune
278 3150 436 3226 aliquando
450 3152 594 3224 sapientes
609 3166 675 3210 cum
691 3150 832 3208 eiusmodi
847 3151 996 3210 teterrima
1010 3156 1142 3210 monstra
1154 3167 1203 3210 ex·

120 3249 191 3306 oriri
209 3251 420 3323 conspicerent,
442 3247 479 3306 do
499 3248 644 3324 doctrina,
667 3263 757 3324 quam
780 3248 922 3306 bactenus
941 3255 1150 3324 suspexerant,
1171 3251 1202 3307 in

121 3345 314 3418 suspicionem
339 3345 444 3404 adduci
468 3360 608 3421 coepere;
632 3351 662 3404 et
684 3346 721 3404 ad
744 3347 905 3420 principia,
926 3344 1033 3420 qulbus
1052 3345 1104 3404 ilia
1127 3347 1203 3404 nite·

121 3440 222 3514 batur,
238 3441 426 3515 expendendo
440 3443 569 3502 animum
589 3441 775 3518 appulerunt.
790 3443 868 3502 lline
886 3444 917 3502 in
931 3443 1028 3502 scotia
1042 3442 1097 3502 sub
1111 3441 1203 3501 tinem

122 3535 214 3610 elapsi
227 3537 334 3596 saecuti
352 3553 431 3597 nora
443 3546 522 3599 secta
536 3539 658 3615 prodiit,
669 3539 745 3600 duee
756 3540 871 3600 Tboma
888 3541 963 3600 lieid
981 3542 1101 3616 eiusque
1113 3539 1203 3599 discl-

121 3634 192 3710 pulo
210 3633 484 3714 Dugald·stewart,
508 3655 583 3714 quae
605 3655 710 3700 sensus
730 3647 853 3700 naturae
870 3643 1035 3700 eommunis
1052 3657 1071 3699 a
1087 3639 1200 3700 Bultier

121 3739 191 3792 ante
211 3731 312 3792 traditi
338 3735 530 3808 patrocinium
552 3739 712 3814 suscipiens
736 3746 840 3798 contra
862 3739 962 3799 llumii
984 3739 1201 3814 scepticismum

120 3829 286 3907 dimicavit,
305 3837 335 3889 et
355 3833 511 3907 minutam,
532 3832 583 3891 sed
604 3837 690 3894 nimis
708 3839 892 3914 empiricam,
914 3837 1086 3897 facultatum
1107 3838 1199 3896 animi

123 3930 248 3987 mutavit
259 3929 418 4007 anaiysim.
436 3929 468 3987 lo
478 3929 635 3998 Germania
647 3949 717 3993 vero
731 3935 903 3994 Emmanuel
915 3935 995 3995 Kant
1006 3937 1139 3994 criticam
1154 3949 1202 3994 ra·

123 4025 211 4084 donis
225 4041 314 4101 purae
328 4027 458 4105 molitus,
474 4027 656 4090 idealismum
671 4032 953 4116 transcendentalem
971 4033 1052 4093 omni
1068 4033 1202 4116 sceptici·
