2892 4425
425 354 503 399 PARS
526 354 645 398 annua
664 367 675 381 ·
696 352 916 398 mucnnwuta
1150 344 1206 397 127
1247 360 1263 411 ’Δ

191 467 232 527 At
251 465 328 526 unde
348 466 436 525 huius
456 466 669 525 coniunctionis
682 465 840 525 necessitas
854 452 1053 541 emergiti'hd
1074 480 1139 523 earn
1160 482 1209 526 ex·

129 567 296 646 plicandum
323 566 419 624 varias
449 562 626 643 hypotheses
656 562 837 623 induxerunt
864 560 1038 639 philosophi.
1069 560 1211 625 Nonnulli

130 668 208 726 culm
234 666 441 725 existimarunt
461 661 598 722 cervulos
617 676 636 720 s
656 662 794 721 sensorils
814 663 844 719 in
866 659 1014 719 cerebrum
1036 660 1211 737 prodeuntes

131 770 243 824 motum
268 780 305 821 ex
330 763 520 837 impressione
547 759 746 834 obiectorum,
776 761 904 834 recipere
932 759 1085 835 ipsumque
1114 762 1211 836 perni-

130 864 259 936 cissime,
279 863 371 919 instes
390 858 568 917 chordarum
588 857 778 933 vibrantium,
801 856 839 916 sd
856 856 1019 933 cerebrum,
1043 857 1092 917 ubl
1111 858 1209 918 sedem

131 1045 219 1097 tudine
231 1045 339 1095 duorum
352 1044 497 1108 digitorum,
514 1042 668 1107 longitudine
681 1054 759 1107 prope
771 1044 887 1106 quatuor,
903 1054 967 1104 quae
982 1052 1074 1105 corpus
1089 1040 1211 1092 callosum

131 1128 225 1176 dietim
237 1128 263 1175 et
276 1124 377 1175 cerebro
394 1124 560 1175 substernitur
575 1136 652 1187 seque
666 1136 724 1173 enm
738 1123 860 1174 cerebello
878 1122 1009 1186 participat
1024 1121 1142 1172 librarum
1154 1134 1212 1187 qna·

130 1205 246 1257 rumdam
261 1203 422 1255 adminiculo.
440 1204 554 1268 lienique
571 1202 686 1265 insertor
702 1202 831 1267 eccephali
849 1202 990 1266 pars(quae
1009 1202 1078 1252 allud
1098 1214 1147 1252 nou
1159 1214 1212 1252 esse

128 1285 230 1336 videtur
246 1298 322 1349 quam
337 1284 492 1347 superiorum
508 1282 648 1347 productio)
663 1284 741 1334 instar
756 1282 851 1335 caudae
865 1282 923 1333 lude
936 1282 1064 1333 derivatur
1078 1284 1104 1333 ei
1121 1295 1164 1346 per
1176 1282 1212 1332 io·

130 1378 218 1416 ramen
238 1364 352 1429 occipitis
372 1364 399 1414 in
418 1364 529 1416 undem
550 1365 637 1429 spinae
654 1364 785 1414 traiicitur.
806 1366 883 1414 Porro
898 1361 973 1413 buius
991 1362 1073 1426 portio
1090 1360 1211 1425 superior,

131 1458 199 1509 qnae
215 1445 296 1508 eapite
315 1444 399 1495 adbuc
413 1444 563 1506 continetur,
584 1443 706 1494 medulla
721 1444 885 1507 obleaqulur
903 1442 1013 1507 interior,
1034 1454 1099 1507 quae
1117 1442 1144 1493 in
1162 1441 1213 1506 spl-

132 1538 180 1575 nae
196 1524 285 1575 tubum
303 1522 440 1583 descendit,
460 1522 581 1574 mulla
594 1523 707 1589 spinatis
724 1524 890 1587 nuncupatur.

192 1608 229 1655 liu
249 1604 316 1655 hisee
332 1604 428 1655 cerebri
446 1604 559 1667 partibus
583 1604 717 1654 albicantes
736 1603 839 1667 quidum
864 1600 967 1653 luuieuli
990 1602 1124 1665 oriuntur,
1148 1615 1213 1665 quos

132 1698 229 1738 aereos
246 1686 390 1748 nominant;
408 1686 504 1748 quique
523 1684 556 1735 ad
575 1685 684 1735 sensoria
704 1685 814 1748 protensi
834 1685 878 1734 ant
896 1683 928 1734 ad
946 1684 1041 1735 rlsoera
1057 1684 1101 1733 aut
1119 1682 1151 1733 ad
1162 1694 1213 1733 mu·

131 1766 234 1830 seulos,
249 1768 276 1817 ei
294 1765 430 1829 generatim
449 1766 503 1815 toto
524 1763 612 1815 diiiusi
629 1776 750 1829 corpore,
773 1776 893 1816 nerreunu
910 1767 1018 1828 systema
1035 1764 1150 1815 continui.
1176 1764 1214 1813 lta

129 1849 215 1896 umen
233 1848 262 1895 ut
280 1845 385 1897 decursu
405 1844 538 1896 nonnullas
555 1844 660 1896 subeant
676 1846 834 1909 mutabones,
849 1858 913 1909 quas
929 1844 963 1895 ad
980 1844 1029 1895 tria
1042 1856 1132 1908 genera
1147 1856 1214 1894 reru·

130 1927 192 1975 eant
208 1925 353 1976 matomioi:
371 1923 489 1989 gonella,
498 1924 610 1989 plexus,
627 1926 814 1976 αιιαιιοιιιωει.
831 1926 915 1975 Prius
930 1926 989 1975 sont
1007 1923 1093 1975 nodull
1110 1923 1213 1987 quidam

131 2016 184 2053 non
201 2004 312 2055 eiusdem
328 2017 424 2068 semper
441 2005 535 2068 ligurus
554 2006 598 2055 aui
613 2004 791 2069 magnitudinis
808 2004 834 2054 in
851 2006 933 2055 tractu
949 2016 1082 2053 neruorum
1100 2002 1212 2067 trequen-

132 2085 234 2136 tissimi.
258 2086 337 2137 Alteri
360 2086 520 2137 nominantur
538 2086 722 2149 complexiones
740 2086 874 2137 nonnnllse
894 2084 1017 2148 planiores
1038 2082 1212 2147 depresslores·

133 2178 193 2230 que,
213 2178 279 2232 qnae
295 2178 368 2231 saepe
383 2166 410 2218 iu
427 2166 511 2218 nuris
529 2169 673 2219 occurrunt
691 2166 771 2220 Tertii
787 2166 895 2231 denique
912 2164 1008 2230 generis
1023 2162 1140 2214 dicuntur
1150 2176 1214 2214 eom

133 2246 223 2310 pleros
240 2247 347 2297 duorum
363 2261 495 2298 neruorum
513 2247 539 2297 in
557 2250 673 2299 huncum
693 2261 781 2298 unum.

193 2326 258 2376 llinc
271 2326 382 2390 plerique
395 2339 512 2377 nerreum
529 2329 636 2390 systema
653 2327 764 2391 cogitent
780 2327 858 2378 instar
873 2326 983 2391 arboris,
1002 2326 1074 2378 culus
1093 2324 1165 2376 radia
1180 2323 1215 2375 sit

131 2405 159 2454 in
176 2405 286 2482 cerebro,
305 2407 410 2456 bouem
423 2407 450 2457 iu
464 2406 574 2457 medulla
589 2406 688 2470 spinuli,
703 2407 765 2458 muni
780 2407 806 2458 iu
822 2407 905 2458 neruis
920 2408 1018 2470 ceteris,
1037 2405 1080 2472 qui
1097 2404 1214 2456 bactriae

135 2485 191 2534 toto
208 2496 312 2548 corpore
326 2484 527 2549 disseminantur,
547 2499 638 2551 eosque
653 2489 731 2539 ueluti
747 2488 839 2550 cerebri
854 2489 933 2553 ipsius
947 2499 1076 2552 processus
1093 2485 1215 2549 quosdam

132 2563 220 2615 habui
238 2565 333 2616 volunt.
355 2568 388 2617 at
406 2566 451 2616 alil
471 2567 615 2630 praessum
634 2570 692 2630 pust
714 2572 850 2620 custumes
866 2569 1035 2632 coruparolce
1054 2575 1214 2630 progressus,

136 2643 291 2694 eontrarium
308 2646 411 2696 omnino
428 2647 547 2698 sentiunt.
567 2650 691 2700 llerreunu
711 2649 779 2700 enim
797 2651 905 2713 systema
923 2647 1067 2710 concipiunt
1083 2641 1159 2694 veluti
1177 2655 1212 2693 re·

133 2726 186 2776 iem
203 2738 233 2775 ex
249 2724 318 2778 libris
336 2730 362 2778 et
375 2727 491 2778 medullis
505 2729 568 2780 mire
581 2733 733 2793 contextam,
751 2743 816 2794 quae
831 2743 923 2794 eorpus
940 2727 1073 2780 animantis
1090 2724 1214 2787 undequa-

135 2817 186 2868 que
201 2805 320 2869 pervadat
333 2805 364 2857 ad
380 2807 506 2872 ipsiusque
521 2809 671 2860 structuram
686 2811 844 2874 actionesque
860 2808 991 2860 condurat.
1003 2809 1054 2858 lise
1065 2818 1124 2856 rero
1135 2803 1213 2854 ullam

135 2884 163 2934 iu
180 2896 210 2934 ea
227 2883 335 2947 partium
352 2886 503 2950 reliquarum
519 2888 639 2952 originem
656 2889 742 2940 baberi
760 2891 855 2953 putant,
872 2889 915 2940 sed
935 2890 1047 2938 mutuam
1063 2885 1214 2936 iunctionem

134 2965 249 3027 tannim,
266 2967 302 3016 ita
313 2969 396 3017 tamen
410 2970 437 3018 ut
453 2969 552 3031 aliquae
569 2971 693 3032 praestent
706 2969 809 3032 ceteris,
824 2969 923 3034 sintque
937 2967 1041 3020 totidem
1057 2967 1082 3017 in
1095 2979 1125 3016 eo
1138 2965 1214 3028 syste-

135 3045 203 3095 mate
220 3044 296 3095 ueluti
311 3048 405 3097 centra.
423 3046 571 3098 cuiusmodi
586 3053 644 3100 sunt
663 3051 769 3113 ganglia,
786 3050 895 3101 medulla
909 3049 1021 3115 spinalis,
1039 3045 1216 3112 inprimisque

135 3122 280 3188 cerebrum,
306 3125 375 3188 quod
395 3126 500 3189 preinde
517 3127 658 3179 babendo·
674 3130 709 3180 sil
728 3131 805 3182 veluti
825 3130 940 3195 gangllou
963 3131 988 3180 in
1005 3139 1109 3191 corpore
1125 3125 1215 3189 praeel-

136 3215 215 3266 puum
228 3204 355 3269 totiusque
370 3207 454 3257 uerrei
467 3207 608 3270 systematis
622 3211 744 3261 centrum.
754 3214 834 3276 Atque
847 3211 873 3260 id
889 3225 919 3261 eo
930 3211 1008 3273 megia
1021 3207 1214 3259 consentaneum

135 3282 216 3334 rideri
233 3287 313 3349 aiunt,
331 3286 400 3350 qnod
419 3299 470 3337 non
490 3300 570 3351 psum
586 3289 638 3338 siut
656 3289 802 3352 animantia,
815 3303 880 3354 quae
893 3289 995 3340 cerebro
1011 3299 1114 3351 prorsus
1131 3283 1217 3335 orben

133 3365 177 3413 tur
194 3365 239 3414 unt
258 3366 334 3416 etiam
353 3365 464 3417 medulla
482 3367 589 3431 spineti,
608 3381 666 3418 eum
684 3373 769 3420 umen
791 3371 879 3421 ceteris
897 3369 981 3420 nervis
1003 3379 1088 3418 resera
1108 3376 1157 3415 nou
1176 3375 1215 3414 ca·

135 3445 215 3494 reani.
233 3445 314 3496 lluius
328 3446 462 3509 opinionis,
479 3450 575 3510 praeter
591 3449 657 3508 Gall,
670 3450 734 3512 lieil,
752 3450 851 3510 herard,
868 3451 906 3501 est
922 3450 998 3500 etiam
1011 3447 1112 3508 Gurier,
1126 3443 1170 3507 qui
1191 3445 1216 3492 in

134 3535 182 3572 auo
197 3537 273 3587 opere
283 3527 390 3589 (hepone
409 3526 574 3578 d'Anutcmie
593 3533 730 3592 compares
743 3533 762 3579 l.
776 3539 801 3591 u,
813 3543 837 3593 p.
850 3530 890 3593 95)
908 3530 972 3579 inter
989 3528 1037 3578 alla
1051 3527 1112 3576 haee
1127 3523 1213 3574 babet:

136 3621 149 3644 ι
162 3602 265 3665 D’sprbs
280 3607 345 3655 cette
363 3606 516 3668 description
534 3607 686 3670 sommaire,
706 3623 740 3659 ou
763 3610 816 3659 voit
831 3610 883 3672 'que
900 3609 924 3659 la
943 3607 1114 3670 comperalson
1134 3603 1167 3652 du
1184 3615 1220 3665 sy·

137 3701 149 3723 r
162 3681 241 3732 deme
257 3697 365 3734 pemeus
385 3685 401 3734 i
420 3699 453 3734 un
474 3687 546 3735 trouu
565 3689 590 3736 et
610 3687 625 3737 h
643 3686 687 3738 des
708 3687 828 3739 branchos
849 3688 911 3738 n'est
929 3686 1102 3752 parisitement
1121 3683 1216 3732 exacte.

137 3781 150 3803 ι
163 3763 201 3810 On
220 3760 274 3811 doit
292 3764 373 3826 plutei
389 3766 413 3814 le
433 3765 575 3816 considerer
593 3779 689 3816 comme
708 3779 742 3816 un
765 3768 848 3818 resesu
868 3767 1023 3830 comptique,
1043 3764 1105 3816 dont
1123 3763 1147 3813 la
1169 3760 1219 3823 plu·

138 3859 151 3883 ι
164 3843 221 3902 part
237 3841 282 3891 des
297 3842 336 3892 ills
352 3846 557 3908 communiquent
577 3845 612 3895 les
627 3859 675 3895 uns
690 3859 751 3896 erec
769 3848 805 3897 les
818 3849 910 3909 ιιιιιιιιι,
927 3850 953 3896 et
965 3848 997 3896 oh
1012 3859 1039 3896 sc
1060 3843 1176 3894 trouvent
1187 3853 1217 3888 eu

138 3939 150 3962 α
164 3919 307 3972 (limentes
318 3922 431 3974 endroits
444 3923 489 3975 des
504 3937 597 3975 messes
612 3939 644 3975 uu
659 3925 702 3975 des
717 3927 863 3978 rrnllemeus
877 3926 934 3990 plus
946 3940 979 3976 uu
997 3925 1077 3975 mulus
1094 3919 1217 3981 ruarques,

137 4018 150 4042 ⁸¹
167 4000 211 4062 qul
223 4004 331 4062 lwseni
344 4004 396 4054 etre
407 4003 522 4067 regardes
531 4017 629 4056 cernuae
641 4006 677 4055 les
689 4007 785 4056 ceruices
796 4005 828 4057 de
839 4019 880 4059 ees
891 4003 1142 4056 communicationes
