2892 4425
547 384 624 428 rm
644 385 760 429 acrem
1129 379 1187 434 itt

174 491 595 570 commentationum,
617 494 842 572 apreecoienii
867 495 983 557 dinem
1009 495 1185 575 admodum,

116 607 229 652 senem
252 597 376 651 naturae
398 605 582 652 communem
609 594 814 670 interpretetus
839 601 884 655 cet
906 593 1136 658 iic-Lumenuab
1149 600 1184 673 ¹,

115 707 179 750 enin
197 692 337 749 ducimur
354 689 518 766 ieteiiipene
533 705 587 766 pro
599 705 745 755 contentu
763 698 793 751 et
811 695 983 753 anctoritate
996 691 1119 754 bumuui
1137 711 1187 771 gc-

115 791 190 848 nerb
208 787 371 864 quamlibet
382 790 535 848 mitaten
554 791 876 867 tcetantb3ipenmque
897 793 943 850 sic
961 799 1111 868 occeptum
1133 807 1187 870 pru

116 901 216 946 norma
240 889 346 946 statuit
370 886 532 946 memnii
555 893 587 946 et
607 890 698 947 unico
721 890 854 949 mutetis
881 892 1017 967 emerim
1044 893 1109 951 aine
1129 905 1190 970 quo

116 985 223 1045 nuiiine
234 985 341 1044 obiecit
357 986 572 1061 certitudinem,
586 999 624 1045 ne
636 995 756 1063 excepta
775 987 892 1065 qudem
909 989 1106 1066 enimetipeine
1128 992 1190 1051 exi·

118 1085 235 1157 sunda,
252 1085 368 1159 naemei
388 1099 519 1160 unqncm
535 1085 626 1143 horno
642 1087 744 1160 poscit.

173 1181 283 1240 Verrem
301 1180 359 1240 bae
374 1184 520 1241 contentia
536 1183 609 1242 nihii
633 1183 788 1244 absurdius
810 1184 909 1245 uiicrri
930 1191 1042 1262 poterat
1060 1187 1111 1245 tut
1134 1185 1189 1246 bu·

115 1295 221 1338 manue
237 1281 375 1338 scientiae
394 1280 597 1355 perniciosius«
614 1277 761 1358 Principio
778 1285 855 1342 euim
875 1285 913 1359 ci,
933 1287 967 1342 ut
986 1289 1087 1342 auctor
1113 1283 1190 1342 ciue·

119 1393 175 1453 que
195 1377 558 1455 ecioiaeomminioeirur,
579 1379 655 1438 nihii
675 1382 748 1438 cerii
770 1381 856 1440 nobie
877 1385 1007 1457 cunctat,
1032 1383 1092 1441 uici
1116 1385 1191 1441 cete·

117 1491 217 1535 rorurr
238 1475 392 1535 bominum
412 1479 606 1537 connectione
623 1476 777 1556 iirmetur3
799 1491 897 1539 noune
913 1480 946 1538 ia·
964 1481 1087 1556 perenni
1103 1477 1196 1540 dubio

116 1581 147 1634 et
165 1577 352 1650 sceptieiumu
367 1578 490 1634 omniuo
507 1573 687 1634 ineiuctabiii
702 1581 773 1635 totu·
784 1579 844 1636 rita
862 1575 994 1636 humanu
1013 1575 1193 1638 versabitur?

119 1671 302 1748 impossibiie
321 1675 460 1732 eniri-eit
478 1674 658 1750 retiquornm
672 1671 823 1732 bominum
843 1677 1027 1752 seutentiam,
1048 1681 1193 1753 quantum

117 1775 190 1831 emis
205 1773 246 1829 eit
262 1771 299 1830 ad
318 1786 493 1831 commemo
508 1771 703 1832 unirereoiem
720 1771 921 1849 condendum,
941 1771 1123 1850 pereucturi3
1137 1784 1196 1834 uec

118 1870 253 1928 homines
278 1869 316 1927 od
335 1869 366 1927 id
387 1869 556 1929 iaciendum
574 1881 591 1929 u
609 1875 714 1929 uaturo
735 1883 836 1948 reapse
855 1872 1064 1949 impellantur,
1092 1885 1192 1950 quem

117 1967 278 2027 mumdum
300 1983 338 2027 ex
358 1969 506 2027 eornmnni
531 1952 630 2027 curum
657 1969 869 2029 eonsuetudine
894 1974 994 2047 putet,
1018 1977 1048 2030 et
1070 1973 1196 2048 quicque

116 2066 235 2126 tibimet
252 2071 297 2126 eet
315 2069 459 2126 cometen.
479 2067 576 2141 Quare
595 2073 779 2145 argumento,
799 2073 833 2128 ut
853 2070 947 2142 aium,
970 2068 1007 2128 ud
1031 2069 1191 2145 hundnem,

116 2165 351 2251 lie-Lumennuie
370 2163 506 2242 redargui
524 2172 634 2242 peccet.
656 2166 732 2226 Nem
748 2167 797 2243 ai,
817 2167 901 2227 initu
923 2167 1037 2244 iprum,
1061 2165 1091 2227 id
1113 2165 1194 2244 quod

116 2266 286 2323 ammonia
299 2276 402 2322 senem
420 2263 524 2340 dimat,
537 2270 635 2324 ratam
651 2267 695 2323 eet
715 2270 803 2342 atque
823 2264 993 2343 indubium3
1007 2280 1075 2325 curn
1092 2276 1194 2326 cerum

117 2361 284 2421 commuuio
311 2361 402 2421 dotet
425 2378 510 2438 poene
535 2377 588 2439 per
613 2364 760 2438 privatam
786 2362 963 2423 midentiem
988 2364 1193 2424 certitudinem

117 2458 245 2536 acquiri,
260 2459 331 2536 quin
351 2466 437 2519 autea
452 2460 523 2537 qnid
536 2462 628 2521 ceteri
644 2446 773 2520 centiam
787 2454 970 2537 innotescam
988 2458 1043 2519 boc
1060 2460 1093 2519 ut
1110 2460 1195 2521 indu·
1234 2526 1236 2533 ,

117 2556 201 2617 bium
221 2563 252 2616 et
272 2564 368 2617 ratum
390 2556 556 2617 habendum
575 2560 640 2619 orit.
660 2558 699 2617 Et
716 2574 750 2617 re
768 2572 838 2618 eane
860 2570 940 2634 vere,
959 2556 984 2617 ci
1007 2564 1077 2617 autc
1094 2558 1194 2634 expio·

119 2662 219 2715 rutum
239 2671 412 2715 consensum
433 2655 508 2716 nihii
528 2662 574 2716 cet
593 2663 721 2733 certum3
746 2656 832 2715 rudes
853 2670 965 2734 umnec,
986 2641 1039 2733 qni
1058 2659 1196 2717 meiorem

119 2761 234 2829 purtem
262 2755 376 2831 generis
401 2754 523 2815 humani
553 2757 757 2831 constituunt,
789 2752 963 2813 certitudine
990 2753 1194 2829 privabuntur.

4 2929 5 2934 ἵ
119 2852 161 2910 iii
180 2856 260 2911 euim
284 2852 414 2929 pmiectc
439 2868 614 2913 eonsensum
634 2852 853 2930 universatem,
877 2855 926 2930 qui
945 2852 983 2913 ud
1004 2856 1103 2913 omnia
1123 2860 1196 2913 tem

119 2966 195 3025 pore
215 2954 247 3011 et
264 2950 328 3010 ioca
347 2968 378 3011 ee
402 2951 567 3028 pmtendit,
588 2954 739 3027 nachot,
761 2954 866 3029 quippe
883 2952 1036 3011 historiam
1056 2958 1086 3011 ct
1108 2951 1200 3027 phiic·

120 3047 232 3125 iogiam
253 3052 400 3126 ignorent.
423 3049 483 3109 soii
503 3051 595 3127 igitur
615 3052 781 3127 eapiemee,
804 3056 832 3109 et
856 3047 973 3127 quidem
997 3049 1198 3125 eruditissimi,

121 3148 329 3208 certitudinem
348 3151 477 3209 pandect
501 3155 646 3226 poteraut.
674 3148 730 3211 Sed
750 3166 788 3210 ne
807 3146 839 3209 hi
858 3150 975 3228 quidem
1003 3144 1124 3210 fortuna
1146 3149 1203 3210 hac

122 3247 307 3323 gaudebunt.
334 3246 411 3307 iiam
434 3246 508 3307 iiiud
527 3250 696 3308 uuiverccie
712 3250 910 3309 tesuumuinm
936 3262 988 3325 per
1006 3248 1202 3309 individuaies

120 3360 195 3404 euos
221 3345 376 3406 iacuitotec
398 3348 544 3423 percipere
566 3354 596 3406 et
618 3347 751 3408 iudicare
770 3344 916 3407 deberent.
949 3344 995 3408 iix
1022 3344 1205 3407 lie-Lamen-

121 3445 191 3501 nuie
216 3446 308 3520 igitur
335 3447 517 3504 sciscitamur
541 3452 639 3505 utrum
669 3447 742 3505 istae
770 3444 965 3505 individuaiee
997 3436 1149 3505 ieonitetee
1173 3446 1205 3503 iu

122 3540 273 3599 mnemodi
294 3544 478 3618 perceptione
497 3550 529 3601 et
548 3542 657 3602 iudicio
681 3542 888 3603 certitudinem
908 3544 1065 3619 praebeant
1089 3544 1205 3603 necne?

123 3637 158 3697 Si
176 3639 319 3714 praebere
337 3643 463 3717 reponit,
479 3656 511 3700 ae
524 3642 584 3718 ipee
598 3641 714 3701 reieiiit.
733 3638 808 3701 Nam
822 3644 867 3701 cie
881 3640 1019 3701 fatebitur
1039 3637 1206 3702 individuas

124 3736 257 3796 hominis
274 3737 429 3799 facultatem
448 3737 631 3816 suppeditare
648 3738 805 3817 aliqnando
825 3740 1039 3819 certitudinem,
1054 3742 1125 3818 quin
1140 3743 1205 3800 uni·

123 3838 252 3909 vereatis
274 3837 393 3898 accedat
414 3841 578 3899 consensio.
605 3838 655 3899 Sin
678 3856 825 3899 veronen
849 3839 986 3917 praebere
1004 3842 1058 3915 ait,
1082 3846 1153 3899 tuuc
1171 3838 1208 3897 de

196 3980 205 4022 i
219 3970 277 4021 vid.
290 3972 368 4021 Betui
378 3986 428 4024 eur
438 3971 632 4035 i'indifsdreuce
640 3986 673 4023 en
688 3972 798 4023 mmidre
810 3974 842 4023 de
856 3972 983 4035 rodoma,
995 3972 1013 4021 t.
1025 3978 1052 4031 2;
1064 3972 1088 4019 et
1101 3966 1210 4029 vesonae

129 4050 167 4101 de
180 4051 277 4102 Mrem
287 4055 334 4102 ete.
