2892 4425
258 359 311 412 ici
574 331 799 408 'enunieret
821 365 997 408 ornsunnrs

250 480 358 539 muium
378 476 611 554 metuphyeienrn
633 473 782 550 cppeiinnt
804 476 898 550 ipsum
918 489 1014 536 rernm
1031 483 1195 536 creatarum
1217 465 1326 538 iimite-

249 580 374 652 tionem,
395 592 447 636 sen
464 575 576 636 utteris
591 573 776 650 perfectionis
799 577 975 649 eumunm,
998 589 1073 652 qnae
1099 575 1186 636 rubus
1203 575 1324 651 quibus·

248 691 306 750 que
332 673 443 750 finitis,
469 679 627 748 utcumque
651 672 807 748 perfectis,
834 673 933 748 eiiqun
959 688 1072 748 semper
1103 675 1322 736 inest.me

151 768 159 787 ‘
249 774 341 848 hoec,
362 779 462 848 utpote
484 785 565 830 mern
589 772 719 847 negotio,
736 772 879 831 rationem
900 770 970 830 mcii
991 787 1029 830 ex
1051 787 1139 847 suprn
1163 771 1249 832 dictis
1270 773 1324 834 hn-

249 871 317 931 herc
339 873 458 948 nequit3
480 885 533 930 nec
558 869 642 930 ieciie
660 869 747 928 elicui
769 867 989 956 persundebitur
1004 885 1088 944 posse
1107 869 1256 946 quidpiam
1275 879 1325 950 ge-

248 960 340 1030 nuine
359 969 424 1029 ideo
441 971 554 1044 concipi
573 975 605 1028 ui
620 967 750 1042 mnium,
773 973 924 1042 propterea
942 966 1021 1043 qued
1037 966 1211 1043 perfectione
1226 971 1323 1046 prire-

248 1073 309 1143 tur,
329 1084 418 1144 quum
443 1066 549 1126 hebere
570 1081 630 1126 noo
650 1064 745 1126 debet.
774 1064 822 1124 Sic
844 1064 889 1124 soi
914 1065 962 1124 ex.
984 1082 1028 1142 gr.
1053 1066 1147 1127 meins
1172 1083 1323 1144 perpernrn

226 1166 414 1242 ,intersint
433 1168 504 1242 quin
521 1167 632 1224 mtoue
648 1178 708 1221 nou
728 1162 852 1238 fruitur3
870 1163 958 1224 homo
975 1165 1085 1224 iniuriu-
1099 1163 1243 1224 dicemur
1259 1181 1323 1226 ‘mn-

248 1266 315 1338 ius,
339 1257 539 1342 quisituri
564 1261 722 1322 coinndnm
740 1260 917 1337 tesutmur,
936 1268 987 1322 cut
1009 1262 1111 1322 uiuere
1130 1279 1192 1323 non
1212 1263 1325 1340 gaudet

248 1362 433 1439 pertusione.
456 1361 559 1421 limini
580 1375 650 1436 ergo
666 1366 700 1420 ui
719 1359 828 1418 muium
851 1361 966 1435 proprie
981 1362 1012 1418 in
1031 1360 1186 1438 physicum
1204 1368 1234 1421 et
1258 1379 1321 1436 moe

248 1461 309 1520 rnie
323 1459 526 1534 distribuatur,
539 1463 626 1532 prout
638 1455 815 1532 perfectione
826 1456 951 1534 physion
970 1464 1021 1518 aut
1041 1458 1142 1518 morcii
1156 1458 1323 1520 subiectum

249 1561 356 1635 prium.
374 1557 507 1616 Getuum
527 1558 553 1614 si
573 1557 639 1630 quis
658 1557 738 1630 ipsos
758 1555 863 1614 limites
884 1554 1068 1630 perfectionis
1088 1573 1184 1616 rernm
1206 1557 1322 1618 Μω-

248 1673 314 1716 rum
334 1657 452 1714 nomine
476 1653 547 1714 mnii
569 1653 760 1730 metaphysici
782 1653 852 1712 veiii
871 1652 1041 1730 doeignnre‚
1062 1655 1149 1714 ruodo
1173 1671 1206 1714 se
1225 1656 1324 1732 expli-

248 1759 307 1830 eei,
328 1756 371 1813 uti
387 1754 492 1829 poterit
510 1755 574 1812 iure
594 1767 665 1827 sno;
687 1766 740 1812 nos
754 1767 830 1811 rcum
849 1767 881 1810 re
903 1751 941 1812 ed
959 1751 1102 1812 vocabule
1123 1759 1237 1814 tectim
1258 1769 1325 1829 per-

247 1855 358 1912 tinente
374 1865 435 1910 non
454 1849 701 1911 conflictnbirnur.
909 1905 910 1910 ,

259 1991 264 2004 .
308 1948 419 2008 Dunde
437 1949 547 2011 mnium
562 1955 694 2025 respectu
711 1954 865 2010 creeturne
881 1949 1034 2010 rruoneiis
1052 1948 1267 2008 consideratum
1279 1949 1325 2010 ‹ii-

249 2046 312 2106 vidi
332 2037 406 2107 solet
424 2049 456 2106 iu
475 2045 590 2106 molum
609 2044 716 2124 euipoc
737 2054 766 2106 et
781 2045 1033 2124 miseconem&
1052 2054 1139 2123 prout
1155 2045 1200 2106 uei
1218 2048 1326 2122 estin-

204 2161 208 2167 ’
249 2145 395 2208 ordinatio
415 2148 447 2204 iu
474 2148 589 2206 renone
617 2153 669 2206 unt
693 2147 851 2208 omissione
877 2145 969 2206 iibere
997 2145 1180 2223 inienuus,
1207 2146 1252 2206 tei
1279 2153 1326 2206 est

249 2245 395 2325 ψευδεῖ
420 2245 478 2305 niie
500 2247 629 2307 enrentin
655 2244 726 2303 boui
749 2245 787 2305 ob
812 2246 927 2321 cnipnm
950 2252 1101 2306 contrnetn
1126 2251 1177 2305 nut
1198 2244 1322 2305 inflietn.

249 2345 347 2405 Tertio
364 2344 475 2404 mulum
497 2344 622 2420 dispesci
638 2346 781 2419 potentin
801 2342 968 2405 absolutum
989 2341 1217 2416 stratonicen}
1238 2350 1325 2419 prout
1437 2388 1440 2409 .

249 2442 361 2519 niiquid
380 2443 427 2503 vei
443 2458 495 2518 per
513 2458 546 2502 se
565 2442 675 2503 mum
692 2448 751 2517 cst,
770 2458 804 2501 eo
818 2442 900 2519 quod
918 2444 957 2503 sit
973 2444 1098 2517 privatio
1117 2440 1187 2501 boni
1208 2440 1319 2517 debiti3

250 2540 296 2601 uei
309 2544 341 2601 iu
356 2558 389 2601 se
399 2543 514 2618 proprio
531 2540 640 2602 bonum
654 2546 709 2616 est,
723 2540 775 2601 sed
793 2546 925 2617 respectu
943 2541 1062 2600 citerius
1079 2538 1321 2615 muiumuicitur,

250 2654 285 2698 eo
302 2639 382 2716 quod
398 2641 454 2714 ipsi
472 2638 580 2699 inferet
595 2638 816 2699 detrimentum.
838 2638 885 2699 Sic
898 2640 1010 2699 iustitie
1025 2638 1129 2699 indicis
1143 2650 1323 2713 quemqnam

249 2739 360 2813 optime
377 2739 418 2795 sit
430 2743 546 2812 propter
559 2752 602 2811 se,
615 2743 712 2795 umen
728 2744 859 2813 respectu
874 2738 1040 2797 noeentum
1053 2736 1131 2797 mnis
1140 2738 1322 2810 muniretur,

249 2838 356 2912 quippo
375 2850 443 2895 cum
463 2850 513 2893 eos
527 2833 632 2894 debitis
651 2834 759 2910 piectnt
779 2837 890 2911 poeuin
1004 2834 1009 2848 '

274 2960 280 2975 ι
313 2942 360 2992 16.
381 2933 571 3006 Quaestionos
592 2934 679 3008 cline,
697 2948 773 3009 quae
790 2934 914 2993 existere
933 2933 989 2993 hoe
1010 2934 1074 2993 ioeo
1092 2938 1220 3010 possem,
1237 2948 1323 3008 pree·

249 3034 350 3091 sertim
370 3034 448 3091 circe
461 3032 605 3107 originem
630 3032 718 3107 muii,
740 3033 774 3090 in
793 3030 959 3109 Theologin
975 3032 1120 3107 naturali,
1137 3046 1204 3091 cnm
1227 3029 1323 3089 tinni-

250 3129 356 3188 chueos
379 3127 615 3205 oonfuinbimus,
638 3144 857 3205 persequemur.
881 3130 988 3203 Quaeri
1011 3135 1127 3189 tontum
1148 3128 1197 3187 hic
1222 3137 1324 3204 possm

250 3227 399 3303 qnfflnnm
412 3243 449 3285 cx
467 3229 615 3287 recensitis
630 3229 726 3287 maius
740 3228 780 3287 sit
794 3228 914 3289 muium.
935 3228 1118 3304 Responsum
1134 3225 1321 3311 menifestum

250 3332 305 3385 eet.
331 3324 408 3384 Num
434 3327 589 3402 inprimis
611 3342 697 3385 nemo
716 3339 778 3385 non
803 3325 884 3385 videt
908 3325 1021 3385 mnium
1044 3341 1121 3385 mere
1145 3325 1322 3401 reintivum,

250 3423 385 3483 vocabuli
406 3429 519 3484 nutum
537 3423 629 3507 muso
650 3423 760 3483 mnium
779 3422 849 3498 dici,
868 3422 919 3483 sed
936 3424 1053 3498 proprie
1070 3438 1134 3483 esse
1153 3422 1273 3497 bouum
1290 3430 1324 3482 nt

250 3523 280 3579 in
299 3524 411 3581 iustitio
427 3523 552 3583 vindicis
567 3522 734 3598 exempium
754 3520 854 3581 hebes
875 3520 927 3581 Sin
949 3522 1058 3581 mnium
1081 3520 1235 3599 physicum
1255 3535 1323 3579 curn

250 3620 355 3680 mornii
374 3628 568 3697 componetur,
589 3620 690 3697 procui
710 3618 800 3679 dnbio
820 3618 930 3681 mnium
950 3618 1058 3679 morule
1077 3622 1170 3679 meins
1193 3634 1256 3679 esse
1282 3621 1324 3677 vi-

250 3718 386 3795 riebiurr3
402 3722 507 3797 quippe
524 3733 592 3779 cum
608 3716 788 3794 imperfectio
807 3719 847 3777 sit
865 3717 1014 3777 fcouitntis
1030 3717 1193 3792 nobilioris,
1212 3722 1242 3775 ei
1257 3732 1276 3775 u
1290 3716 1325 3775 ii·

226 3817 362 3878 ,ueruto
383 3819 531 3896 procedet.
558 3817 688 3893 Denique
712 3818 739 3875 si
764 3814 874 3877 muium
897 3816 1000 3891 cuipne
1020 3831 1087 3877 curo
1112 3814 1190 3873 meio
1213 3828 1324 3889 poeune

250 3898 430 3993 conferetur,
448 3918 564 3993 cuipem
585 3916 715 3992 profecto
738 3915 831 3976 multo
851 3914 1007 3976 admodum
1034 3929 1126 3991 poenn
1149 3912 1321 3971 deteriorem

250 4014 340 4078 dioec.
360 4017 437 4077 Nem
456 4016 600 4092 inprimis
620 4030 713 4091 poena
728 4030 786 4074 uon
801 4013 944 4093 infligitur
963 4016 1018 4073 nisi
1038 4012 1076 4072 ob
1089 4013 1215 4089 culpem.
1227 4010 1323 4070 unde
