2892 4425
576 307 654 350 rsus
672 290 789 380 usual

508 512 646 586 CAPUT
671 513 859 585 TERTIUM

576 704 616 750 DE
632 703 787 752 muoso

209 905 306 966 llnmo
333 907 416 964 initio
441 907 511 964 suite
533 907 703 965 existentiae
726 907 846 964 scicntia
871 921 988 980 prorsus
1013 905 1155 982 orbatur;
1181 907 1220 968 ad

149 1019 239 1080 qaam
259 1003 433 1079 pedetentim
452 1002 508 1062 sibi
524 1001 749 1078 comparandam
771 1001 984 1079 observatione,
1002 1003 1156 1080 industria,
1176 1005 1218 1064 la·
1292 1069 1294 1076 ,

149 1102 233 1176 bore,
253 1102 423 1176 notamine,
444 1101 577 1160 discursu
594 1107 670 1177 eget
697 1099 777 1176 Opus
796 1105 841 1158 est
864 1101 954 1176 igitur
978 1109 1011 1161 ut
1037 1106 1219 1178 operationes

150 1199 261 1275 eliciat,
279 1213 386 1275 easqae
401 1197 503 1258 ordine
520 1198 622 1274 donet,
640 1197 884 1274 quemadmodum
906 1197 991 1276 linis,
1011 1215 1061 1258 seu
1082 1201 1220 1260 scientiae

150 1311 242 1372 qoam
266 1297 399 1372 inquirit,
422 1296 538 1372 adeptio
558 1295 695 1370 postolat.
719 1295 795 1356 lilnc
814 1295 943 1358 methodi
964 1299 1043 1356 notio
1061 1300 1218 1357 enascitur.

151 1395 229 1454 llam
247 1394 381 1454 ordinata
397 1395 448 1454 iila
466 1395 668 1472 operationum
688 1396 797 1472 series,
818 1409 870 1454 sen
890 1395 963 1455 ordo
983 1397 1044 1472 ipsc
1068 1395 1126 1456 illis
1152 1411 1220 1472 ope·

151 1491 315 1552 redonibus
332 1492 480 1552 adbibitus
496 1493 604 1552 intuitu
622 1489 690 1552 iinls
707 1507 758 1574 sen
779 1495 916 1554 mienllue
931 1491 1145 1569 adipiscendae,
1161 1511 1220 1553 me·

153 1587 260 1648 tiodas
286 1591 464 1650 nominatur.
492 1589 535 1650 lle
560 1589 615 1649 buc
635 1590 665 1646 ln
685 1591 829 1666 praesenti
850 1593 944 1668 capite
971 1590 1065 1653 tribus
1091 1591 1221 1652 articulis

151 1687 335 1763 eloquemur.

575 1883 757 1945 dossennus
777 1883 803 1946 1.

492 2085 538 2146 De
558 2083 676 2164 mussi
696 2090 728 2148 ct
746 2083 888 2165 syaldcsi.
948 2181 954 2197 Ι

214 2288 266 2340 tlt.
288 2276 418 2339 lietbodi
443 2280 604 2356 generatim
630 2278 706 2339 duae
731 2283 801 2339 sunt
822 2278 949 2355 species:
977 2278 1068 2339 alteru
1097 2296 1156 2356 qua
1185 2281 1223 2341 ab

153 2378 369 2439 universalibus
391 2376 431 2437 ad
453 2378 641 2455 particularia
666 2377 869 2453 procedimus,
898 2382 927 2435 et
950 2376 988 2435 ab
1012 2376 1159 2437 elementis
1186 2380 1224 2439 ad
1258 2376 1259 2381 ’

153 2480 369 2553 compositum,
390 2475 481 2535 altera
498 2492 556 2552 qna
578 2482 714 2535 ennaea
734 2474 931 2551 singularibus
950 2474 988 2534 ad
1010 2474 1159 2551 generales
1178 2492 1226 2535 vc·

154 2578 269 2652 ritates,
285 2581 315 2634 ct
331 2576 522 2649 aeomposito
540 2573 658 2634 adeius
678 2578 775 2649 partes
793 2571 1017 2633 considerandas
1036 2568 1224 2648 regredimur:

153 2674 268 2758 llarurn
286 2675 400 2733 clarum
420 2673 590 2732 alterutram
610 2670 708 2748 bomo,
728 2670 798 2731 dum
827 2672 858 2729 ln
884 2686 980 2731 rerum
1002 2670 1136 2731 notitiem
1159 2688 1223 2748 per·

155 2775 221 2850 git,
240 2775 319 2832 ineat
337 2788 455 2832 necesse
475 2778 529 2830 est.
554 2770 646 2830 Porro
664 2773 695 2829 in
714 2772 808 2846 prima
829 2773 998 2848 componit;
1017 2772 1050 2829 in
1069 2770 1160 2830 nitere
1180 2786 1226 2830 rc-

156 2872 257 2931 solait
281 2872 399 2947 Quare,
424 2886 443 2929 a
465 2885 568 2947 graeco
588 2870 669 2930 iente
690 2870 811 2930 detords
836 2868 977 2945 vocibus,
1002 2886 1153 2947 processus
1175 2870 1225 2930 hic

153 2970 252 3029 dictus
273 2975 318 3027 cst
340 2966 493 3046 amissis,
515 2967 565 3029 lile
587 2966 743 3044 synthesis.
763 2968 895 3027 llesolvlt
915 2968 1068 3045 anulysls,
1091 2968 1226 3045 eoquod

156 3066 300 3144 principis
325 3064 508 3124 universalia·
521 3070 551 3123 et
572 3061 735 3141 elementa,
756 3064 793 3123 ad
820 3080 893 3141 quae
915 3063 1051 3140 devenit,
1072 3064 1108 3123 iis
1128 3064 1228 3124 eondi-

155 3164 285 3223 ttonlbus
304 3162 427 3239 liberat,
449 3162 557 3239 quibus
574 3169 660 3221 antea
678 3161 912 3221 coarctabantur.
932 3163 1058 3237 Contra,
1079 3164 1228 3238 componit

155 3261 316 3339 synthesis,
329 3267 478 3337 propterea
493 3261 574 3336 quia,
585 3259 655 3319 dnm
669 3259 706 3319 ud
722 3260 909 3336 particularia
917 3258 1081 3341 descendit,
1095 3262 1229 3321 oenones

156 3360 307 3437 generales
330 3362 416 3418 nocis
436 3358 622 3435 conceptibus
651 3360 738 3418 restit
762 3364 792 3417 et
816 3357 1007 3434 determinet,
1032 3358 1230 3435 elementaque

155 3458 245 3518 simul
267 3458 373 3534 iungit,
391 3463 427 3518 nt
443 3457 635 3533 compositum
656 3454 724 3515 iude
744 3455 898 3515 condetur.

217 3563 268 3614 en.
289 3554 367 3614 ilinc
377 3555 486 3630 elucet,
499 3570 575 3631 quae
589 3557 693 3613 mentis
710 3555 891 3629 operationes
908 3558 1040 3613 constent
1055 3554 1183 3630 anaiysi,
1201 3560 1231 3615 et

155 3668 300 3732 menam
321 3653 466 3730 synthesi.
488 3640 563 3712 Nam
576 3652 745 3727 abstractio,
768 3652 894 3729 exempli
907 3668 1007 3729 causa,
1028 3668 1088 3729 qua
1103 3652 1149 3711 vei
1163 3652 1227 3712 idea

156 3753 302 3830 generalis
321 3766 338 3811 c
355 3752 579 3828 particularibus
598 3751 680 3811 velut
699 3752 845 3828 educitur,
869 3750 916 3811 vel
935 3754 1097 3828 proprietas
1119 3758 1230 3810 remoto
1312 3798 1316 3807 .

156 3850 287 3911 subiecto
305 3850 523 3926 consideratur,
542 3849 684 3926 inductio,
702 3866 762 3926 qna
776 3852 952 3910 enumeratis
970 3842 1166 3928 singularibus
1180 3862 1230 3905 vc·

156 3948 230 4008 ritas
241 3948 417 4013 auivosalis
437 3948 601 4028 colligitar3
615 3950 789 4012 mutationes
807 3948 998 4029 ulgebraicae,
1012 3946 1119 4024 qulbus
1138 3960 1231 4022 quan·

1035 4052 1054 4101 a
