2892 4425
573 371 814 418 lffi'fflffliffl
834 373 994 418 stactam

654 529 787 599 Syrtema
809 526 918 582 boetii.

312 687 380 739 iit.
402 677 501 739 Bonus
521 677 571 738 bie
591 676 793 754 philosophiae
813 679 1009 756 instaurator,
1024 678 1100 738 bano
1121 681 1251 740 idearum
1271 681 1327 741 ob-

249 777 343 838 trudit
357 778 512 855 originem.
534 777 676 836 Animum
693 779 788 852 inquit
803 770 1050 836 suae'oreationis
1069 777 1190 837 exordio
1206 778 1328 838 tabulae

249 875 365 934 onidam
388 875 511 935 abrasae
532 874 709 949 assimiiari,
731 877 841 949 inqua
864 873 936 933 nihii
960 876 1081 933 omnino
1103 875 1249 950 depictum
1273 883 1328 936 aot

248 973 425 1034 delineatum
440 974 491 1033 sit.
512 970 589 1032 ilino
609 971 690 1030 ideas
709 986 830 1046 omnes,
846 987 920 1047 quas
940 971 1075 1048 deinceps
1097 989 1178 1032 mens
1193 973 1327 1049 adipisei-

248 1078 316 1149 tur,
339 1071 470 1147 depromi
494 1075 628 1129 autumat
651 1083 689 1128 er
713 1071 894 1143 experientia
916 1075 945 1128 et
968 1069 1171 1129 observatione
1196 1071 1325 1130 obieoto-

249 1186 334 1246 runa,
354 1185 430 1246 quae
449 1167 640 1228 sensibilitate
662 1174 726 1227 tum
751 1172 872 1226 externa
891 1173 955 1226 tum
981 1171 1095 1226 interna
1118 1170 1324 1244 attinguntur,

248 1273 278 1328 et
296 1283 334 1327 ex
354 1267 585 1326 consideratione
604 1281 693 1340 qnam
714 1266 831 1324 animus
845 1264 1081 1340 perceptionibus
1102 1265 1159 1325 iilis
1180 1265 1326 1325 sensibili-

248 1365 304 1426 bus
323 1365 467 1442 adiungit.
488 1364 585 1437 Quare
607 1363 683 1421 duos
707 1362 800 1423 vetuti
822 1361 917 1421 iontes
938 1362 1068 1422 idearum
1089 1367 1236 1439 resignat:
1258 1381 1326 1424 sera-

247 1466 405 1536 roiim,
423 1460 676 1538 remorumque.
699 1459 824 1518 Nomine
844 1461 1018 1519 mundonis
1038 1463 1131 1536 ipsam
1154 1462 1328 1521 relationum

247 1566 310 1620 tum
336 1574 474 1618 sensuum
497 1564 682 1617 externorum
709 1564 773 1617 tum
798 1573 901 1616 sensus
927 1557 1023 1615 intimi
1046 1564 1184 1633 nsnrpat3
1206 1561 1328 1618 nomine

247 1671 320 1717 sero
339 1655 506 1716 reflexionis
524 1657 716 1714 attentionem
737 1654 896 1730 quamdam
912 1657 1003 1715 enimi
1017 1657 1048 1714 in
1064 1658 1259 1716 sensadonem
1279 1673 1326 1716 re-

248 1756 383 1829 deuntia,
393 1753 439 1814 vei
454 1751 671 1812 meditationem
682 1769 759 1829 quae
773 1753 958 1813 sensibiiitati
973 1760 1135 1829 praestetur
1148 1755 1285 1832 inteiiigit
1299 1759 1325 1814 ¹.

308 1851 461 1912 Eiusmodi
480 1851 626 1910 sentemia
646 1851 778 1912 idearum
799 1853 907 1928 origini
928 1851 1119 1927 explicandae
1141 1867 1260 1926 prorsus
1280 1861 1328 1913 est

156 1984 159 1988 ·
250 1955 357 2028 impar.
377 1951 456 2025 Quin
471 1951 580 2025 mam,
600 1950 627 2008 si
643 1964 715 2008 vera
736 1949 880 2025 fatemur,
901 1954 994 2008 totum
1011 1949 1219 2026 inteiiigeutiae
1237 1953 1326 2026 patri·

248 2051 380 2111 monium
402 2049 488 2125 piam
509 2047 620 2122 diripit.
643 2047 719 2106 Nam
741 2050 864 2106 anenno
883 2053 913 2108 et
932 2049 1038 2106 mentis
1059 2047 1209 2108 meditatio
1231 2047 1326 2125 (qnae

248 2149 367 2208 nonnisi
385 2150 490 2208 iterata
505 2145 633 2222 quodum
651 2150 682 2204 et
696 2143 809 2204 obiaoto
827 2143 885 2204 uite
901 2143 999 2204 deiixa
1017 2147 1176 2204 attentione
1190 2147 1323 2223 onustat)

248 2250 328 2307 eirea
346 2263 382 2306 ea
399 2246 555 2305 dumtaxat
574 2246 702 2303 exemeri
718 2251 859 2319 morunt,
874 2257 949 2319 quae
965 2245 997 2301 in
1014 2246 1180 2321 cognitione
1194 2246 1253 2305 iam
1272 2260 1325 2304 ex-

249 2350 339 2404 stant.
361 2342 422 2403 Neo
439 2344 510 2402 novi
526 2341 638 2418 uiiqnid
653 2343 690 2401 iis
708 2342 891 2417 adiungunt3
906 2340 959 2400 sed
973 2348 1089 2401 tuntum
1108 2342 1145 2401 ed
1163 2358 1199 2401 ea
1215 2342 1325 2403 ciamus

249 2448 279 2502 ot
298 2441 464 2503 distinctius
483 2439 668 2516 percipienda
689 2440 806 2514 vatent,
827 2454 903 2515 quae
923 2441 982 2497 iam
1002 2438 1124 2498 eoniuse
1146 2440 1192 2498 vei
1216 2441 1324 2517 imper-

249 2539 324 2599 ierte
338 2543 474 2616 pereeptu
488 2542 569 2598 sunt.
591 2536 718 2597 Animus
736 2538 825 2615 igitur
840 2535 944 2597 barum
959 2536 1131 2597 iaonitatum
1145 2537 1325 2599 admiuteuio

248 2639 366 2698 nonnisi
378 2652 429 2695 eus
441 2638 521 2712 ipsus
540 2638 753 2712 pereeptiones,
768 2650 843 2711 quas
863 2633 1054 2695 sensibilitate
1067 2633 1190 2711 adeptos
1206 2643 1267 2712 est,
1283 2639 1325 2696 vi·

249 2735 346 2797 vidius
365 2734 422 2794 sibi
441 2733 580 2794 obiioeret
599 2740 629 2793 et
648 2734 737 2793 aitius
758 2734 907 2793 retineret.
930 2732 984 2793 Vei
1004 2734 1110 2805 etium,
1128 2740 1163 2791 nt
1182 2734 1324 2811 iurgitiosi

249 2835 359 2908 simus,
375 2832 432 2891 hoo
452 2830 586 2891 adderet:
602 2838 636 2891 nt
656 2832 817 2891 attentione
832 2830 870 2889 ad
884 2846 974 2889 anem
995 2846 1064 2906 prae
1083 2830 1150 2889 aiiis
1170 2838 1325 2908 mouente,

250 2928 444 3004 pertendite,
459 2944 537 3003 qnae
555 2930 588 2987 in
607 2931 770 3005 eomposito
791 2944 808 2986 a
828 2928 963 2988 sensibus
984 2928 1075 2988 reiato
1095 2931 1214 3004 insunt,
1230 2946 1325 2989 seuer-

249 3029 348 3100 neret‚
363 3025 415 3083 a'ut
435 3025 521 3099 piore
539 3025 694 3095 individua
714 3026 753 3086 eb
773 3024 875 3085 iisdem
890 3030 1042 3102 perceptu,
1058 3027 1145 3087 simui
1162 3027 1324 3102 eopuiuret.

248 3122 310 3181 Neo
332 3136 402 3181 veru
424 3122 621 3198 eousoientia,
643 3140 732 3199 quem
755 3122 873 3189 sens'um
900 3126 1037 3183 intimum
1061 3124 1206 3200 appensi,
1229 3128 1326 3185 meins

249 3218 394 3278 eonierret
412 3217 535 3295 aliquid.
557 3220 637 3279 liaeo
649 3225 727 3281 enim
744 3225 774 3280 in
789 3224 933 3282 sententie
952 3222 1053 3281 bookii
1070 3238 1128 3281 non
1143 3222 1223 3282 uiiud
1238 3223 1327 3299 piaue

249 3314 353 3390 reiert,
370 3318 426 3376 nisi
446 3318 626 3377 internorum
648 3319 899 3379 modificationem
921 3322 1105 3395 congeriem,
1128 3323 1157 3378 in
1178 3336 1237 3397 qne
1258 3336 1326 3397 pro·

249 3411 318 3470 inde
331 3414 360 3470 vi
376 3418 552 3491 systematis
563 3418 628 3492 ipsu
647 3419 739 3475 enimi
761 3418 842 3475 notio
864 3418 1022 3492 reponitur.
1045 3418 1142 3491 Quare
1160 3419 1185 3476 si
1205 3416 1327 3476 sensibi-

250 3506 317 3566 iiurs
337 3514 457 3569 externa
472 3518 502 3569 et
514 3511 634 3571 nedexio
655 3514 773 3574 altiores
793 3515 899 3572 meniis
915 3517 1073 3589 oonaeeptus
1086 3528 1145 3573 non
1159 3514 1326 3589 explicant,

249 3618 299 3661 eos
319 3605 411 3665 muito
432 3609 529 3667 minus
549 3610 709 3684 expiioabit
729 3625 834 3671 sensus
855 3612 986 3671 intimus.

310 3700 374 3761 lieo
393 3705 482 3779 igitur
502 3705 630 3767 admissa
650 3707 781 3767 idearum
801 3708 934 3784 origine,
957 3723 1015 3766 non
1034 3705 1115 3765 aliud
1137 3712 1329 3782 oognosoeret

250 3797 381 3875 animus,
396 3802 452 3859 nisi
471 3802 550 3877 quod
570 3819 589 3862 a
608 3803 741 3863 sensibus
755 3810 923 3880 perceptum
938 3810 998 3880 est,
1014 3808 1134 3879 totaque
1153 3806 1259 3865 mentis
1280 3806 1328 3863 ris

310 4017 317 4057 t
339 4012 414 4059 dreni
433 4014 539 4063 Concor.
557 4013 633 4063 l'rnt.
651 4014 724 4064 bum.
742 4016 784 4064 iis.
805 4022 832 4076 2,
850 4016 889 4065 eb.
914 4026 933 4065 ι,
