2892 4425
372 360 450 405 PARS
470 362 584 405 ΤΒΙΤΙΑ
605 376 617 389 ·
638 361 817 404 ausonouia
841 359 1018 406 ultumis
1176 355 1233 408 803

156 467 241 530 nohis
260 471 401 546 oomperti
420 471 499 546 sint,
520 485 615 546 nequa
634 486 675 531 an
694 487 808 546 semper
830 472 877 530 ita·
895 437 1041 532 senserint
1060 468 1145 532 nohis
1163 487 1233 532 non·

155 572 222 630 atat.
243 565 373 644 Deinde,
393 569 480 628 rnnlti
498 575 568 628 sunt
587 569 687 644 populi
705 575 735 626 et
754 567 941 644 philosophi,
962 571 1060 646 quiin
1079 567 1231 630 atheomm

155 681 278 726 numero
305 664 396 726 luisse
421 665 571 727 henaim.
603 665 732 741 Denique
760 667 859 742 opinio
886 664 1022 726 Numinis
1051 673 1148 728 ortum
1175 667 1230 728 dn·

155 779 221 824 uara
241 764 337 838 poturit
357 778 393 822 ax
416 765 582 840 ignorantia
602 779 759 822 causarum
783 762 981 838 naturalium,
1003 764 1049 822 uel
1071 781 1108 824 ex
1132 779 1230 825 sacar·

154 860 257 921 dotnm
281 867 333 920 ant
357 861 557 938 legislatorum
581 862 704 937 fraude,
726 862 771 921 uel
798 877 835 920 ex
863 861 1035 921 adunatione
1055 870 1107 924 ant
1128 866 1231 924 timore

154 958 283 1034 quodam
307 959 448 1018 naturali.
1046 1022 1056 1034 ¹,

214 1057 305 1133 amp.
322 1057 449 1132 Populos
461 1062 638 1136 generatim,
652 1066 797 1135 quotquot
810 1061 1015 1134 innotuerunt,
1031 1060 1061 1117 in
1076 1058 1228 1120 adstruen-

154 1155 194 1214 da
210 1155 366 1216 diuinitate
386 1157 508 1217 miriiloe
527 1161 707 1233 consentire,
721 1157 873 1233 exploratu
891 1164 920 1216 et
939 1157 1156 1218 manifestares
1173 1163 1227 1218 est.

155 1254 193 1315 lit
211 1270 283 1314 sane
302 1255 339 1314 de
357 1257 486 1331 antiquis
506 1256 673 1316 nationibus
694 1259 880 1332 perspicuum
900 1262 945 1316 est
961 1271 998 1315 eu
1016 1257 1068 1330 iis,
1083 1270 1166 1342 quae¹
1177 1271 1229 1316 an·

156 1355 314 1430 tiqnissimi
333 1357 489 1430 scriptores
507 1361 538 1415 et
556 1356 594 1415 de
612 1358 790 1431 populorum
812 1355 942 1418 moribus
961 1335 1129 1430 peritissimi
1152 1361 1229 1416 retn-

155 1453 263 1514 lernnt.
283 1451 455 1512 Cuiusmodi
471 1459 542 1514 aunt
554 1453 716 1530 Homerus,
731 1453 912 1528 Herodotus,
928 1451 1028 1528 Plato,
1042 1449 1228 1530 Aristoteles,

155 1548 274 1630 Ciooro,
296 1551 490 1628 Plntnrohns,
506 1551 657 1612 Maximus
672 1552 798 1629 Tyrius,
819 1551 985 1627 Epictetus,
1004 1549 1121 1626 alliquo.
1144 1550 1229 1624 Quod

155 1652 180 1708 si
202 1650 318 1726 aliquae
339 1657 441 1727 gentos
462 1651 570 1718 atheas,
588 1652 755 1710 nominatae
778 1656 867 1726 sunt,
888 1649 918 1708 id
940 1665 999 1710 uon
1021 1651 1091 1726 quia
1114 1648 1227 1710 nullum

154 1756 346 1824 ugnoeooeeut
365 1747 458 1825 Deum
477 1748 592 1808 dietum
610 1755 672 1825 est,
685 1749 737 1808 sed
756 1748 835 1824 quod
855 1750 982 1824 pessima
1003 1749 1137 1808 uiuerent
1157 1747 1228 1808 aiis·

154 1847 283 1923 ratisque
302 1848 432 1908 moribus
452 1853 623 1923 uterentur,
645 1847 690 1906 rel
712 1850 801 1906 etiam
821 1848 892 1923 quia
912 1861 1082 1906 communes
1104 1847 1228 1922 reliquo·

154 1959 220 2002 rnm
242 1946 417 2020 populorum
439 1945 517 2005 Dans
539 1961 599 2006 non
620 1945 817 2005 admitterent.
842 1945 909 2022 Sin,
932 1949 966 2004 ut
988 1943 1106 2021 aliquod
1129 1960 1226 2004 exem·

155 2042 235 2117 plum
255 2042 398 2119 elimam,
411 2042 528 2116 ludaei,
542 2046 613 2119 qnia
630 2042 710 2102 idola
729 2058 789 2102 non
806 2043 952 2118 solerent,
964 2058 1036 2118 pens
1049 2041 1228 2102 contumelio

153 2142 309 2200 minum
320 2143 449 2218 iusignia
464 2155 483 2200 a
500 2139 597 2200 Plinio
614 2138 685 2200 dieti
697 2148 779 2201 sunt.
800 2141 847 2202 Sic
863 2142 950 2202 etiam
968 2138 1141 2216 Christiani,
1157 2141 1227 2217 qnia

69 2290 76 2297 .
152 2238 244 2300 ialsos
260 2238 338 2299 Deos
357 2238 532 2316 ahiioerent,
545 2238 623 2299 athei
640 2254 726 2315 saepe
744 2240 781 2299 ah
797 2240 922 2301 ethnicis
940 2238 1138 2315 vocabantur,
1153 2244 1227 2299 teate

152 2335 285 2397 Arnohio
300 2342 331 2395 et
343 2336 470 2397 Minntio
487 2336 592 2397 Peliae.
613 2338 656 2397 lia
669 2337 837 2397 nationibus
856 2354 926 2397 vero
943 2338 1089 2397 recentius
1106 2336 1227 2397 drusus

152 2433 270 2494 adonin
286 2450 423 2511 praesens
436 2441 517 2493 nerto
530 2452 577 2493 res
591 2442 653 2511 est,
666 2443 700 2495 nt
720 2436 852 2511 pluribus
872 2434 1040 2499 confirmari
1058 2448 1116 2493 non
1130 2440 1224 2511 egatu.

151 2532 238 2604 Quod
257 2536 283 2592 sl
305 2534 434 2593 uiatores
457 2532 590 2592 nonnnlli
614 2540 714 2609 gentes
735 2532 849 2609 aliquas
872 2532 924 2593 liei
948 2534 1050 2591 notitia
1073 2530 1227 2591 destitutas

153 2645 185 2688 se
204 2631 345 2704 reperisse
364 2636 538 2706 narrarunt,
552 2630 609 2689 hoe
628 2646 665 2690 er
685 2630 882 2707 imprudentia
901 2628 1069 2691 eorumdem
1090 2636 1120 2689 et
1137 2634 1226 2689 mmo·

150 2728 240 2786 ritate
261 2730 420 2804 procassit,
441 2734 586 2805 quatenus
609 2744 709 2789 eornm
734 2730 908 2805 populorum
934 2726 1064 2787 morihns
1087 2742 1147 2787 non
1172 2728 1227 2787 rito

150 2826 348 2902 examinatis,
368 2828 441 2903 quin
463 2828 551 2887 ettam
577 2829 741 2902 sermonis,
762 2843 821 2903 quo
845 2828 886 2887 illi
912 2826 1090 2901 utebantur,
1112 2826 1225 2903 ignari,

151 2923 228 2983 laisa
246 2938 301 2999 pro
321 2925 399 2983 varis
417 2924 591 2985 retulerunt.
613 2925 710 2999 Quare
729 2928 779 3002 qui
802 2941 902 2985 eorum
918 2926 1107 3001 inpraesenti
1127 2929 1226 2985 nuato·

149 3024 237 3083 ritum
256 3020 432 3099 ooniideret,
453 3028 652 3099 oontemptnm
673 3040 733 3083 non
754 3025 846 3085 levem
872 3023 1082 3099 sibierearet,
1102 3022 1140 3081 oh
1160 3030 1225 3084 tan·

149 3127 212 3181 um
231 3136 307 3198 qnae
327 3136 407 3181 nuno
426 3123 507 3199 uiget
526 3120 722 3199 geographiae
741 3122 834 3183 luoern
855 3128 885 3181 et
904 3122 1071 3181 nommeroii
1093 3122 1227 3198 amplitu-

150 3218 249 3279 dinem
275 3234 311 3280 ao
335 3217 525 3297 iaoilitatam3
547 3220 626 3281 nnde
649 3227 694 3281 ast
718 3226 753 3280 ni
777 3220 833 3281 han
859 3226 954 3281 aetate
978 3220 1077 3281 nullus
1102 3218 1164 3279 lero
1187 3220 1228 3279 sit

149 3322 245 3377 terrae
263 3317 390 3394 angnlns
409 3320 460 3394 qui
481 3324 568 3378 notns
590 3334 647 3378 non
670 3318 822 3378 habeatnr.
846 3317 1042 3377 &intensione
1064 3321 1163 3377 autem
1182 3320 1227 3377 tot

149 3421 285 3475 notorum
306 3416 480 3491 popnlornm
501 3414 638 3493 firmata,
660 3416 747 3476 laniis
767 3416 803 3475 de
825 3415 962 3491 reliquis,
984 3416 1034 3491 qui
1055 3414 1131 3475 forte
1150 3430 1225 3475 non·

148 3511 222 3573 durn
239 3515 380 3589 oomperti
393 3520 479 3590 sunt,
493 3519 546 3574 ant
558 3514 595 3573 de
608 3512 787 3589 temporibus
800 3511 1016 3589 antiquioribus
1029 3511 1105 3572 idem
1120 3513 1226 3571 ooniloi

148 3616 253 3685 potant.
280 3610 394 3671 Natura
417 3614 496 3671 enim
521 3627 636 3688 semper
659 3618 689 3672 et
714 3608 950 3687 ubique-eadem
975 3616 1039 3687 est;
1066 3625 1225 3671 consensus

148 3724 221 3769 raro
239 3709 383 3769 eiusmodi
403 3726 463 3771 non
484 3712 542 3770 nist
556 3725 575 3769 a
590 3716 695 3769 natura
715 3708 860 3784 prodaisoi
880 3714 993 3785 potest,
1007 3725 1075 3769 oum
1094 3722 1224 3771 eommu-

145 3809 195 3867 nis
215 3808 256 3867 ait
274 3813 305 3867 et
327 3814 466 3869 oonaons
488 3810 700 3869 stantionis
724 3808 877 3883 principiis
902 3823 961 3868 non
988 3807 1150 3867 iniirmetur
1174 3804 1226 3865 sed

146 3902 349 3965 mnarmsmr.
370 3898 413 3965 lle
432 3905 615 3983 philosophis
634 3904 761 3981 denique
780 3906 860 3983 illis,
881 3910 931 3984 qui
958 3906 1132 3967 atheismum
1158 3918 1224 3977 pro·

147 4002 218 4065 imai
236 4020 301 4065 esso
319 4002 476 4081 dionntnr,
498 4008 556 4065 lam
581 4020 753 4082 responsum
775 4012 820 4065 est
843 4024 950 4083 supra;
972 4004 1021 4065 ubi
1046 4001 1226 4063 ostendimus
