2892 4425
237 328 293 381 iit
529 338 533 343 ⁴
564 331 809 377 lunensium*
824 330 984 377 sesctsnis

233 447 395 520 spontem
413 446 459 501 et
473 444 503 499 et
524 442 556 500 in
575 443 657 499 omni
676 456 790 517 semper
805 442 881 501 inest
898 442 1100 516 perceptione,
1120 440 1171 498 scd
1186 440 1237 499 iiia
1258 456 1311 499 ea·

233 540 373 615 poscitur,
387 552 462 613 quse
481 554 500 597 s
518 538 667 597 voiuntate
687 537 817 613 pmeedit
837 545 866 597 et
884 536 1024 596 refluum
1044 536 1203 613 quemdum
1219 554 1310 597 cona·

232 644 297 696 tum
315 637 407 694 enimi
430 636 527 711 quoad
543 636 650 696 obiecti
666 636 926 696 considerationem
944 634 1080 694 invoivit.
1104 635 1197 693 immo
1219 638 1309 695 eiiam

233 735 388 794 memoriae
400 735 542 793 tenacitas
555 733 696 809 gradibus
711 735 880 792 attentionis
895 731 1009 791 obiecto
1023 724 1174 792 adhibitae
1189 748 1309 809 respon·

232 826 301 891 dere
320 830 404 891 notet.
425 832 523 903 Quare
541 832 646 891 ceteris
668 829 808 906 peribus,
831 846 891 905 quo
910 832 1052 889 intentior
1072 828 1123 889 iiia
1144 829 1250 905 inerit,
1274 847 1311 889 co

231 928 347 989 &mins
363 944 410 987 res
428 928 608 1004 apprehensa
624 927 756 987 inhaeret
779 928 951 1001 memoriam
970 942 1029 1002 qno
1050 926 1101 986 iiia
1119 927 1254 1003 debilior,
1273 944 1311 986 co

230 1026 347 1087 incidias
370 1042 415 1085 rm
431 1026 582 1086 dilabitur.
604 1025 651 1087 Ad
670 1042 729 1085 rem
751 1026 901 1084 Baccnue:
928 1048 941 1075 ι
966 1024 1046 1097 Quae
1067 1030 1258 1099 expectantur
1278 1032 1308 1083 et

235 1147 249 1174 s
271 1124 461 1183 attentionem
486 1125 636 1198 excitant,
661 1122 765 1181 meiius
794 1122 914 1181 haerent
935 1138 1024 1197 quern
1045 1138 1120 1197 quee
1140 1127 1308 1197 pmetearu·

235 1244 249 1271 ι
273 1219 345 1279 iant.
361 1220 463 1296 ltaque
477 1223 502 1279 si
520 1223 662 1295 seriptum
682 1218 801 1295 aliquod
819 1222 907 1279 uicies
924 1220 1091 1297 periegeris,
1108 1236 1166 1277 non
1182 1227 1243 1279 mm
1262 1219 1307 1278 ta-

236 1317 327 1376 ·-ciie
348 1316 423 1375 iiiud
446 1319 611 1377 memoriter
632 1317 738 1391 disces,
760 1332 849 1391 qnam
871 1320 895 1375 si
917 1317 992 1375 iiiud
1012 1317 1093 1393 ieges
1113 1318 1220 1391 decies,
1245 1323 1309 1375 ten·

235 1438 247 1465 s
272 1416 363 1474 tando
380 1416 496 1473 interim
512 1414 586 1473 iiiud
603 1416 723 1473 recitare
743 1420 773 1473 et
785 1414 834 1499 uiti
853 1413 951 1473 delicit
971 1416 1110 1473 meritoria
1128 1415 1311 1489 inspiciendo

236 1536 249 1561 s
273 1510 380 1570 tibrum
402 1514 426 1570 ¹.
454 1536 466 1561 ι

291 1607 424 1668 Aitemm
437 1610 515 1684 qnod
529 1609 568 1669 ed
581 1609 826 1669 reminiscendum
840 1612 921 1673 iuvet
935 1617 979 1670 est
994 1613 1149 1671 associatio
1163 1610 1308 1669 idearum.

232 1706 303 1765 lude
322 1708 402 1764 enim
423 1706 459 1791 iit
477 1713 522 1783 ut,
540 1714 709 1765 occurrente
729 1706 854 1782 obiecto,
873 1708 952 1783 quod
976 1723 1035 1767 une
1051 1722 1118 1767 oum
1137 1708 1196 1766 aiio
1213 1714 1308 1767 etten-

231 1804 311 1862 tione
331 1802 460 1878 quedam
478 1810 646 1879 perceptum
661 1807 723 1880 sit,
743 1805 832 1863 huius
851 1808 939 1863 etiem
958 1804 1023 1863 idea
1044 1810 1174 1863 recurrat
1194 1806 1306 1863 enimn.

232 1898 319 1960 sicui
339 1901 481 1975 tempium
499 1902 627 1976 mesu,
645 1901 696 1961 ubi
718 1903 901 1978 eioqncntem
923 1902 1049 1963 audietis
1070 1904 1241 1961 concionem
1255 1910 1308 1961 eut

231 2014 372 2075 magnum
385 2001 570 2075 conspexeris
583 2002 693 2075 virum,
707 2003 847 2061 continuo
869 2001 974 2061 horum
990 2000 1072 2059 ideae
1085 2016 1144 2059 una
1158 1999 1308 2059 redibunt.
1342 2060 1353 2071 ,

233 2095 313 2156 ilaec
331 2098 532 2156 msoeieiionis
550 2096 596 2156 lex
616 2096 832 2173 edelinppio²
852 2101 894 2157 sic
915 2100 1106 2173 proponitur:
1126 2098 1225 2173 eiepsa
1245 2114 1309 2173 per-

232 2196 344 2271 ceptio,
371 2195 572 2272 sicompiesc
594 2203 674 2272 erat,
700 2198 814 2272 integre
835 2197 1035 2272 instauratur,
1053 2210 1122 2254 eum
1146 2208 1215 2270 pore
1244 2196 1310 2254 eius

233 2294 378 2352 excitatur
388 2295 420 2351 in
436 2297 546 2353 annno.
557 2293 705 2353 Eiusmodi
719 2308 806 2368 porro
817 2295 1009 2353 associatione
1023 2292 1154 2352 idearum
1164 2308 1214 2357 ets
1227 2297 1309 2351 mite·

232 2391 348 2450 otom'eu
365 2392 492 2467 nititur,
510 2405 586 2466 quse
600 2397 663 2450 totu
679 2397 791 2466 quanin
811 2397 855 2449 est
870 2397 1005 2450 versatur
1026 2391 1056 2449 in
1079 2389 1184 2449 mediis
1201 2403 1307 2465 suppe-

231 2487 383 2564 ditandis,
399 2487 506 2564 qnibns
527 2487 631 2548 ordine
647 2487 775 2564 quodam
792 2494 822 2546 et
842 2503 919 2547 nexu
943 2486 1024 2546 ideec
1039 2488 1223 2546 instruantur
1243 2499 1308 2544 mu·

231 2591 296 2660 too,
317 2591 352 2644 ut
365 2583 453 2644 facile
466 2585 559 2644 attere
585 2585 707 2646 oiieriiu
724 2584 903 2644 adminicuto
928 2589 1093 2644 revocetur,
1115 2583 1212 2658 Atque
1235 2582 1311 2642 haec

231 2679 269 2741 de
286 2683 427 2741 memoria
449 2684 523 2742 satis
535 2683 655 2759 quidem
670 2681 752 2742 dicte
769 2683 839 2741 sint.

632 2879 817 2940 Androunus
838 2879 904 2939 vii.

528 3075 573 3136 De
594 3079 770 3138 contemtu
791 3081 821 3138 ct
842 3076 1014 3155 reflexione.

292 3269 344 3326 ts.
363 3262 394 3323 si
416 3262 578 3339 perpendos
597 3265 658 3323 vim
679 3268 761 3325 vocis
778 3269 957 3326 conscientie
973 3266 1049 3325 idem
1070 3271 1115 3326 est
1133 3271 1221 3340 atque
1239 3279 1308 3324 euru

230 3364 365 3437 scientio,
378 3376 430 3421 seu
444 3361 565 3420 mentis
573 3376 649 3438 queo
661 3377 729 3422 cum
743 3378 830 3422 sensu
845 3365 937 3440 ipsius
951 3363 1073 3423 subiecti
1089 3363 1207 3422 scientis
1219 3361 1310 3420 socie·

231 3467 290 3520 tur.
303 3459 401 3532 Quare
415 3460 480 3518 aine
489 3465 573 3520 actm
582 3461 797 3535 perceptionem
812 3463 905 3536 ipsios
920 3460 1043 3521 subiecti
1055 3463 1224 3537 cogitantis,
1241 3473 1306 3534 seu,

231 3563 265 3618 at
283 3556 342 3616 diei
361 3557 448 3635 solet,
462 3559 507 3611 τοῦ
523 3573 578 3634 epo
591 3555 719 3637 (detdic)
735 3557 869 3618 involvet
887 3573 1004 3620 neeesse
1019 3565 1076 3634 est,
1096 3557 1134 3616 ad
1153 3557 1310 3632 ipsumque

229 3654 262 3714 id
276 3654 357 3730 quod
377 3656 569 3732 deprehendit
588 3655 694 3717 reterre
713 3655 924 3732 demumque
946 3655 1003 3716 hoc
1016 3671 1104 3715 omne
1121 3655 1193 3730 quie
1211 3651 1309 3712 reditu

113 3846 117 3851 ἡ
230 3749 358 3826 quodum
374 3755 408 3813 in
424 3756 618 3832 nosmetipsos
636 3769 827 3831 exercemus,
847 3755 913 3814 idco
930 3752 1097 3815 consciendi
1113 3750 1239 3812 incultos
1256 3748 1307 3808 de·

290 3855 383 3936 suevi
398 3887 497 3949 oreae
512 3886 556 3937 rin.
570 3897 594 3950 r,
609 3887 666 3950 spo.
680 3893 718 3937 us.

289 3966 420 4018 iustoci
436 3965 465 4017 di
480 3967 540 4029 loo.
553 3979 567 4016 e
580 3967 641 4017 idei.
655 3967 706 4016 voi.
719 3970 745 4028 i,
760 3966 803 4016 ion.
818 3971 857 4016 iio.
