2892 4425
424 367 501 409 PARS
522 365 641 408 nuum
662 380 674 393 ·
697 365 916 409 esiciiououin
1154 359 1206 410 ἢ]

130 481 162 538 in
182 460 239 537 boe
258 491 320 536 nno
340 482 523 550 cerneretur,
540 481 571 532 ut
587 476 769 534 sensationes
790 473 986 535 distincticres
1006 475 1148 553 efflueret,
1165 493 1211 538 ea·

133 590 256 651 rumque
274 574 313 634 ad
333 589 482 634 summum
503 572 616 631 obiectu
637 571 683 631 vei
706 574 737 631 iu
762 579 857 647 purtes
881 572 1087 650 distribueret,
1108 576 1156 634 vei
1181 578 1210 634 iu

132 689 211 732 nova
226 673 374 731 conilnrei
396 672 569 747 compositu.
597 671 640 728 Eu
665 669 797 747 nuaiysis
820 678 850 730 et
874 670 1023 747 synthesis
1046 671 1208 732 Lockians.

132 771 174 829 At
192 785 263 830 vero
282 785 386 830 sensus
406 785 465 829 non
487 768 566 827 aiiud
581 766 723 826 obiiciunt
741 769 798 826 nisi
818 774 1004 843 concretum,
1020 771 1209 847 contingens,

77 861 81 872 '
133 868 290 942 mutabiie3
307 870 336 926 in
351 869 480 944 ipsisque
499 864 670 942 corporibus
688 865 846 924 referendis
867 867 918 924 rix
938 872 1075 925 externus
1095 873 1211 927 tantum

133 965 289 1042 qualitates
312 963 544 1038 deprehendunt.
574 963 652 1038 Ergo
675 965 794 1022 nonnisi
819 963 892 1023 baec
916 961 1028 1022 obiecta
1053 966 1213 1041 perciperet

133 1065 266 1138 unimus3
285 1063 354 1122 iicet
372 1077 408 1121 ea
426 1062 552 1123 ciarinra
572 1060 696 1134 iaceret,
715 1068 745 1120 et
765 1063 923 1137 partiretur
945 1060 989 1118 uei
1011 1069 1209 1137 componeret.

132 1161 225 1221 Totus
248 1162 338 1235 igitur
362 1159 434 1219 ordo
456 1161 658 1236 cognitionum
683 1175 703 1216 a
721 1160 837 1234 priori,
861 1174 937 1234 quae
959 1161 1159 1219 necessitatem
1183 1167 1212 1218 et

79 1337 83 1341 ‚
134 1259 382 1318 universaiitntem
396 1257 571 1330 iuroivnni,
585 1256 720 1316 exularet
739 1256 777 1315 sb
798 1259 912 1332 auimo;
928 1257 1066 1332 nuiiaque
1085 1258 1211 1334 ampiius

132 1358 213 1416 notio
233 1361 398 1431 superasset
416 1371 492 1431 qnae
511 1354 647 1414 sensibus
667 1371 727 1413 non
752 1361 918 1429 usurpetur.
941 1355 1019 1428 Quid
1044 1357 1133 1431 igitur
1156 1357 1211 1415 erit

132 1452 171 1512 de
189 1453 350 1512 rationibus
370 1455 561 1527 existentiae,
575 1452 775 1527 substantiae,
791 1451 916 1528 induiti,
931 1469 1052 1530 causae,
1067 1454 1211 1530 iustitiae,

133 1551 263 1626 ordinis,
285 1551 530 1634 puicbritudinis,
551 1552 714 1626 ceterisque
739 1547 873 1608 omnibus
897 1565 973 1625 quae
995 1551 1084 1610 menti
1107 1549 1210 1610 obuer-

133 1656 237 1709 santur
256 1655 286 1708 et
304 1665 379 1725 quse
402 1665 456 1708 nec
477 1648 693 1708 seusutiouibus
716 1653 861 1720 constent,
876 1661 928 1706 nec
952 1663 974 1708 a·
995 1648 1211 1708 seusutiouibus

133 1747 238 1807 deduci
258 1747 404 1822 possuntt

196 1843 305 1903 Mirum
324 1842 455 1919 proiecto
477 1859 542 1902 esse
566 1859 626 1902 uon
649 1843 735 1902 debet
757 1845 782 1902 si
805 1858 861 1903 suu
884 1845 973 1903 nixus
996 1843 1129 1904 idearum
1153 1845 1211 1902 ori·

134 1943 218 2016 gine,
233 1942 366 2000 notiones
388 1940 533 1999 eiusmodi
553 1947 615 1999 tom
629 1940 756 2000 absurde
769 1939 898 2000 Locirius
915 1940 1051 2018 deinceps
1071 1942 1210 2017 erpiicet,

134 2045 169 2098 ot
187 2037 382 2097 substantiam
397 2039 428 2097 in
442 2038 614 2096 coiisctinne
632 2035 809 2112 quaiitatum'
822 2053 910 2096 sensu
930 2045 1129 2112 perceptarum
1149 2053 1212 2096 esse

134 2138 279 2212 positum3
300 2135 447 2196 infinitum
468 2151 505 2194 ex
525 2135 675 2196 iiuitorum
699 2134 898 2194 nddiinmento
919 2137 950 2192 in
970 2136 1136 2210 cognitione
1159 2149 1210 2192 nc-

133 2240 196 2295 stra
214 2250 380 2311 emergere3
401 2248 520 2294 causam
542 2236 572 2292 in
594 2234 650 2291 hoc
673 2234 755 2291 cerni
777 2233 876 2308 dicct,
898 2232 976 2307 quud
995 2249 1049 2307 ope
1072 2247 1210 2291 sensuum

41 2344 46 2349 ·
135 2331 279 2392 nonuuiiu
298 2347 330 2389 se
350 2334 478 2391 uicissim
503 2333 653 2408 excipere,
674 2338 704 2390 et
724 2332 783 2390 ciis
807 2337 874 2405 post
894 2331 1016 2389 aiicrum
1040 2330 1211 2407 uppiicatio·

134 2443 201 2489 nem
221 2432 329 2488 exoriri
349 2428 548 2489 observemus.
571 2429 654 2502 Quae
673 2429 791 2505 quidem
814 2432 838 2487 si
862 2444 931 2489 reru
951 2436 1062 2505 essent,
1077 2430 1132 2487 hue
1152 2436 1211 2495 tres

133 2528 307 2602 praecipuae
320 2529 469 2601 audonei,
484 2526 591 2603 quibus
608 2533 671 2587 tota
687 2527 747 2586 iere
763 2529 867 2587 nititur
882 2527 1082 2603 pbiiosnpbiu,
1097 2530 1212 2603 penitus

134 2632 353 2684 evanescerent.
374 2625 515 2685 Goiiectio
538 2628 616 2683 enim
639 2626 835 2701 quaiitntnm,
856 2624 1024 2685 eurumdem
1048 2626 1211 2701 congeriem

135 2736 194 2780 non
215 2720 408 2781 substantiam
430 2722 567 2798 exbibet3
588 2723 673 2781 iiniiu
697 2723 789 2782 iinitis
815 2721 914 2782 udditn
938 2724 1054 2787 nonnisi
1077 2721 1210 2798 finitum,

134 2821 326 2894 etsimeius,
347 2820 550 2897 suppeditant3
573 2822 720 2881 successio
745 2820 1011 2895 phoenomsnorum
1036 2821 1122 2879 unius
1147 2828 1213 2896 post

134 2918 232 2994 aliud,
248 2935 359 2978 merum
380 2919 513 2979 ordinem
534 2925 707 2996 externum,
724 2934 782 2978 uon
802 2921 949 2979 internum
967 2932 1075 2979 uerum
1094 2924 1125 2978 et
1143 2933 1212 2979 cou-

134 3018 312 3075 secutiouem
329 3019 477 3093 propriam
492 3016 617 3077 eiiectus
634 3022 842 3092 repraesentet.
863 3016 960 3089 Quare
976 3016 1110 3076 doctrina
1122 3014 1212 3092 baec,

134 3128 201 3170 cum
222 3119 380 3189 conceptus
400 3111 602 3186 substantiae,
622 3129 744 3188 causae,
766 3112 890 3189 induiti,
913 3113 1100 3189 pessumdei3
1121 3115 1213 3171 animi
1264 3106 1271 3117 ¹

134 3208 272 3285 bumeni,
287 3212 440 3270 exterioris
462 3210 581 3285 muudi,
597 3213 724 3284 supremi
739 3210 874 3270 Numinis
891 3213 1041 3271 scientium
1057 3210 1143 3286 pinne
1163 3210 1211 3269 dc

133 3310 231 3367 struit.
254 3307 302 3367 Sic
322 3308 448 3384 perbeiie
468 3308 587 3385 quidem
610 3310 784 3368 instauratio
806 3310 1006 3385 philosophiae
1026 3308 1186 3387 perficitur.

425 3585 429 3592 ι
492 3516 627 3585 Syrtenru
648 3511 856 3567 Coudiiiuciu'r'.

196 3704 264 3754 115.
288 3698 427 3756 Doctrina
447 3698 551 3757 Looirii
571 3698 852 3758 Condiiiacbisrirum
874 3702 976 3775 gennit
996 3702 1018 3758 ¹.
1041 3699 1113 3758 Cum
1135 3702 1212 3758 enim

132 3794 255 3855 reflexio
276 3796 393 3853 nonnisi
412 3794 506 3854 reditu
526 3796 653 3872 quodum
675 3796 810 3870 praeviae
831 3796 954 3857 eiicnius
975 3796 1123 3857 facultatis
1143 3812 1211 3855 con·

194 3935 204 3977 i
222 3926 340 3990 Appositc
356 3927 458 3977 cousin.
471 3946 484 3969 «
494 3927 562 3978 Ainsi
576 3927 651 3977 d’une
663 3926 742 3990 partic
755 3927 779 3977 ic
795 3928 918 3977 wnsaiiuu
931 3922 1048 3990 precedm
1061 3926 1092 3975 de
1109 3924 1209 3985 inuito,

134 4027 147 4048 a
164 4006 355 4058 i'eniendcment
371 4006 435 4056 n’est
450 4020 513 4069 pour
527 4007 620 4069 bocio,
634 4008 713 4069 qu’nn
726 4006 872 4059 instrument
883 4007 944 4056 doni
957 4008 1027 4057 ionic
1043 4005 1067 4054 in
1082 4004 1211 4068 puissunos
