2892 4425
262 374 318 424 196
597 378 816 422 nntrnrstcs
839 379 1013 424 GENEMUS

257 509 295 550 ex
310 506 370 551 une
382 495 464 565 purte
483 486 612 546 affirmat
631 487 792 547 realitatem
807 488 936 565 aliquam
956 489 1025 565 (qua
1044 495 1122 548 certe
1140 505 1192 550 ens
1211 493 1336 568 quodvis

258 593 393 648 constare
413 585 533 660 debet),
549 601 588 643 ex
616 585 675 644 ulla
694 592 827 645 removet
849 587 1012 646 ulteriorem
1034 587 1254 664 perfectionem,
1276 608 1335 668 qna

258 703 323 762 ens,
342 686 451 761 dequo
471 686 580 760 agitur,
594 689 685 742 earet.
707 683 840 743 Alterum
861 701 930 743 vero
948 682 1099 760 probatur3
1118 689 1188 762 quie
1205 692 1335 768 negatio,

258 800 348 860 quem
367 782 502 859 includit,
518 783 590 842 satis
610 787 655 840 est
671 788 705 839 ut
720 780 861 840 fundetur
880 784 909 840 in
932 785 1114 857 perceptione
1134 784 1253 844 alterius
1274 803 1336 846 reo-

260 870 362 957 fltatis,
383 898 442 958 qua
462 897 514 940 ens
527 878 651 955 quodvis
666 877 782 936 finitum
795 879 964 940 destituitur
982 880 1105 955 aliisque
1118 882 1261 942 concedit.
1278 884 1337 942 lle-

258 980 320 1039 bita
344 995 414 1038 vero
432 976 509 1036 finiti
528 979 664 1050 notione,
691 975 730 1034 ed
749 976 857 1035 inflnltl
878 985 1050 1052 conceptum
1073 981 1253 1054 assurgimus
1277 997 1336 1040 aon

257 1093 310 1154 per
329 1080 426 1154 iugem
446 1075 621 1134 additionem
642 1073 734 1148 flulti,
756 1081 789 1132 ut
808 1075 905 1134 Looke
925 1077 1061 1149 opinatur
1077 1079 1104 1149 ¹,
1120 1069 1171 1134 scd
1191 1094 1246 1152 ope
1267 1078 1336 1137 abs·

256 1177 410 1234 tractionis
428 1187 503 1248 quae
524 1174 553 1228 ln
569 1187 612 1246 re,
632 1187 723 1246 quam
744 1171 985 1246 contemplamur,
1005 1171 1110 1230 limites
1128 1173 1212 1248 plane
1233 1189 1335 1234 omnes

257 1289 294 1331 ee
312 1272 455 1332 terminos
476 1269 605 1328 obiiciat.
630 1268 667 1325 Et
690 1284 760 1326 sane
780 1267 886 1327 induiti
908 1271 988 1328 notio
1015 1271 1261 1344 simplicissimum
1285 1272 1335 1330 ob·

256 1372 363 1428 iectum
385 1367 474 1426 offert
492 1373 522 1424 et
540 1366 674 1424 terminis
694 1365 823 1440 undique
843 1365 1026 1442 absolutum;
1049 1368 1127 1443 quod
1149 1373 1246 1427 aulem
1272 1370 1337 1444 pln-

258 1469 334 1526 rlum
354 1465 563 1524 elementorum
585 1461 785 1521 additamento
807 1462 968 1538 conflatur,
994 1467 1121 1522 maxime
1141 1468 1335 1540 compositum

257 1571 302 1622 est
320 1569 351 1621 et
370 1577 389 1621 a
409 1559 549 1620 limitibus
570 1562 690 1618 omnino
711 1576 769 1618 non
791 1566 887 1619 vacat.
910 1561 987 1637 Ergo
1007 1564 1032 1620 sl
1049 1562 1183 1638 synthesi
1206 1564 1332 1638 plurium

256 1659 406 1719 finitarum
420 1657 628 1733 perfectionum
643 1657 749 1716 infiniti
766 1659 846 1716 notio
864 1657 1017 1717 formanda
1037 1666 1125 1734 esset,
1136 1675 1171 1718 ea
1185 1675 1336 1736 nunquam

256 1757 387 1832 exsculpi
406 1758 437 1814 in
452 1757 550 1815 auimo
568 1761 675 1831 posset;
686 1754 737 1813 sed
751 1757 944 1830 compositum
966 1773 1078 1831 semper
1093 1757 1210 1833 ediquod
1224 1764 1253 1816 et
1269 1756 1335 1816 fini·

256 1864 321 1916 tum
345 1855 532 1930 cogitaretur.
554 1853 620 1911 Non
641 1855 684 1911 sie
709 1854 799 1928 igitur
822 1852 872 1912 sed
892 1853 1006 1930 aridyri
1026 1857 1135 1928 potius,
1154 1870 1211 1930 qua
1230 1871 1335 1914 avoce-

256 1955 337 2013 tione
351 1953 457 2010 mentis
476 1953 507 2009 in
520 1955 662 2036 conceptu
676 1952 731 2025 rei,
751 1964 841 2026 quam
860 1950 1102 2027 contemplemur,
1115 1951 1221 2010 limites
1235 1968 1337 2012 omues

257 2057 288 2110 et
303 2049 433 2109 defectus
453 2053 637 2123 resecentur,
658 2048 724 2107 idea
743 2048 850 2107 inliniti
871 2047 1031 2124 perficitur.

316 2147 411 2206 Huius
430 2145 624 2205 abstractivac
645 2145 794 2207 facultatis
815 2145 992 2205 adminiculo
1005 2162 1064 2204 non
1079 2145 1165 2204 modo
1179 2147 1272 2206 ideam
1295 2149 1338 2206 ln·

249 2244 333 2305 'liniti
355 2244 597 2327 indeterminato
618 2260 739 2320 genere,
761 2259 809 2302 ex.
838 2260 884 2321 gr.
907 2246 1040 2320 vinctis,
1062 2246 1256 2321 extensionis,
1281 2245 1336 2305 du·

257 2346 396 2419 rationis,
409 2342 461 2402 sed
480 2344 567 2401 etiam
585 2341 691 2400 infiniti
710 2341 838 2418 nudique
855 2340 980 2401 absoluti
1001 2343 1137 2417 omnique
1151 2348 1232 2417 parte
1254 2328 1337 2401 com-

256 2442 325 2518 pleti
339 2434 488 2500 notionem
504 2440 701 2515 procudimns.
723 2440 797 2499 Cum
812 2443 888 2498 enlm
902 2440 1018 2499 realites
1032 2445 1062 2498 et
1075 2440 1213 2515 perfectio
1233 2448 1338 2517 suapte

256 2542 287 2597 vl
307 2538 346 2599 ed
366 2538 445 2597 hunc
461 2541 557 2614 potius
578 2538 705 2596 aliumve
719 2537 841 2613 gradum
866 2553 924 2595 non
945 2537 1159 2613 adstringatur,
1181 2554 1199 2596 e
1219 2541 1339 2599 notione

256 2640 333 2696 entis
358 2636 467 2695 limites
494 2650 691 2710 quoscumque
719 2641 771 2695 aut
797 2633 927 2693 defectus
955 2638 1144 2712 secernimus,
1169 2643 1256 2711 atque
1283 2652 1338 2697 ens

160 2759 163 2763 ·
256 2732 403 2811 quoddam
426 2731 510 2791 nobis
530 2738 796 2808 repraesentemus,
818 2731 897 2807 quod
925 2748 1039 2792 omnem
1061 2748 1164 2809 puram
1186 2734 1337 2809 perfectio

257 2848 323 2891 nem
344 2830 563 2906 realitatemqne
583 2834 614 2888 in
634 2846 666 2891 se
686 2832 728 2888 ita
748 2818 961 2905 simplicissime
984 2831 1204 2907 complectatur,
1225 2838 1257 2891 ut
1278 2839 1336 2891 ter·

256 2931 344 2987 minis
363 2928 451 2986 nullis
471 2934 645 2986 coarctetur.
668 2929 763 3009 Huius
777 2944 847 2987 vero
866 2928 1001 3003 deinceps
1022 2928 1128 2987 realem
1149 2930 1337 2988 existentiam

256 3043 292 3085 ex
314 3028 424 3084 entium
444 3024 594 3084 finitorum
612 3028 766 3085 existentia
786 3026 935 3085 evidenter
954 3025 1124 3102 inferimus,
1146 3025 1335 3102 quemadmo-

256 3123 327 3183 dum
345 3126 376 3181 ln
398 3123 557 3200 Theologia
577 3124 703 3184 naturali
727 3121 848 3199 patebit.

315 3220 613 3280 Nihilominusmens
633 3228 734 3280 nostra
755 3227 848 3297 polest
868 3220 923 3278 hac
944 3222 974 3279 ln
995 3236 1027 3278 re
1044 3220 1163 3279 inverso
1181 3222 1268 3279 etiam
1288 3222 1337 3278 iti·

256 3334 325 3377 nere
345 3318 498 3403 pmgredi3
523 3324 667 3394 quatenus
688 3325 842 3394 postquem
864 3317 958 3376 ideam
979 3320 1055 3375 entis
1073 3317 1285 3392 generalissimi
1306 3324 1338 3377 et

256 3415 473 3475 indeterminati
492 3431 511 3473 a
531 3416 617 3475 rebus
638 3416 831 3499 abstraprerit,
859 3430 928 3475 mox
954 3413 991 3472 ab
1012 3414 1062 3473 illa
1083 3414 1120 3473 ad
1141 3412 1287 3473 inlinitum
1308 3422 1340 3475 et

255 3512 370 3573 linitum
391 3514 477 3572 simul
499 3513 720 3588 concipiendum
742 3512 887 3573 deveniet.
910 3512 983 3571 Cum
1004 3515 1081 3571 enlm
1103 3528 1121 3570 a
1142 3515 1271 3571 maxima
1286 3512 1339 3571 ilfa
1434 3558 1440 3575 ..

256 3608 526 3669 indeterminatione
545 3610 650 3669 obiecti
675 3609 713 3669 ad
734 3609 844 3686 aliquid
865 3609 1053 3685 cogitandum
1072 3626 1104 3668 se
1130 3608 1232 3684 flectit,
1255 3610 1337 3685 quod

256 3706 401 3783 possibilis
413 3708 518 3767 sutem
532 3711 680 3767 notionem
694 3706 824 3783 obiiciat,
839 3708 937 3765 statim
960 3706 1014 3765 sibi
1036 3707 1181 3782 duplicem
1196 3708 1340 3767 rectitatis

256 3804 387 3863 ordinem
406 3804 554 3865 obversari
576 3808 733 3881 conspicit:
750 3805 881 3884 ordinem
895 3792 970 3864 entis
988 3806 1140 3864 necessarii
1163 3811 1193 3863 et
1216 3805 1337 3881 infiniti,

316 4024 325 4065 t
345 4016 526 4079 aucipastas.
547 4030 618 4067 corre.
641 4015 774 4066 ferrlead.
792 4015 865 4067 lum.
882 4015 1017 4076 liv.‘t‚olr.
1038 4022 1073 4066 15.
