2892 4425
436 375 516 419 rsss
537 373 656 420 ssrsas
676 389 689 404 ·
709 373 927 420 asrasosoars
1162 369 1217 425 itt

143 487 288 561 stituitnr,
308 486 416 545 mentis
438 486 502 544 acie
521 483 751 561 complectimur.
772 485 833 548 Nec
852 501 921 544 varo
941 489 1113 560 conceptam
1134 486 1218 546 ilium

143 576 181 645 a'd
203 585 361 644 existentes
387 591 503 644 tantum
523 583 666 644 eburneos
690 581 792 659 globos
819 585 1035 659 rastmngimus3
1059 582 1110 641 sed
1136 597 1220 658 prse-

143 687 224 740 terea
239 679 277 740 ad
289 680 454 756 possibiles,
467 682 519 756 qui
532 679 641 740 iniinltl
661 686 745 755 sunt,
767 678 936 740 dilatamus.
961 679 1056 739 Immo
1070 682 1159 740 etiam
1184 681 1222 739 als

143 777 241 836 eliorla
260 779 382 836 materia
405 784 495 852 atqua
517 777 692 852 apecnliari
716 776 769 836 iiia
792 776 995 852 dimensione,
1015 778 1221 852 coginuonen

144 880 314 951 avocantes,
329 879 423 951 ipsam
436 877 592 936 assentiam
608 874 691 952 globi
702 878 734 933 ln
752 891 784 934 se
797 880 958 950 spectatam
976 875 1219 950 contemplamur.

144 973 280 1032 Iamvcro
290 971 435 1033 eiusmodi
448 973 596 1049 cogitandi
615 974 690 1032 ratio
705 971 928 1049 intelligentiam
947 971 1076 1030 hominis
1089 986 1149 1030 uon
1160 985 1223 1031 esse

144 1070 315 1130 laenitatem
336 1074 523 1148 organicam,
546 1087 600 1130 scu
618 1071 656 1130 ab
675 1071 795 1147 organis
813 1072 989 1129 intrinsecus
1012 1068 1223 1144 dependentem

145 1167 309 1227 luculenter
328 1167 466 1228 ostendit.
485 1167 622 1227 Facultas
646 1169 725 1226 enirn
747 1183 822 1243 qnae
845 1169 891 1226 sio
909 1165 1117 1242 dependendis
1135 1169 1171 1226 iis
1192 1183 1223 1224 se

145 1267 273 1324 emmam
291 1267 393 1341 nequit
409 1264 636 1340 conditionibus,
652 1264 759 1340 quibus
780 1279 892 1340 organa
913 1271 942 1322 et
958 1262 1071 1322 obiecta
1088 1269 1224 1324 concreta

145 1366 178 1422 in
198 1377 310 1440 organa
329 1365 526 1439 imprimentia
548 1365 770 1438 circnmscripta
787 1367 875 1438 sunt,
893 1359 1139 1438 quemadmodum
1157 1375 1222 1420 sen·

146 1457 229 1518 sibus
248 1458 366 1519 accidit.
384 1459 424 1519 At
444 1462 468 1519 si
489 1459 682 1536 intelligentia
699 1458 862 1534 spiritualis
877 1465 935 1534 est,
956 1456 1118 1533 spiritualia
1134 1457 1224 1518 mam

146 1562 192 1616 cst
212 1558 345 1633 animus,
366 1557 491 1618 iacnltm
510 1559 588 1616 enim
607 1555 776 1634 supergredi
800 1557 900 1633 nequit
919 1561 1058 1616 numiam
1076 1557 1223 1632 pmuclpii,

147 1653 227 1714 unda
246 1653 324 1714 linit.

207 1750 299 1811 hoo.
319 1750 530 1828 lll.1dipsnm
542 1755 692 1812 evincitur
702 1768 740 1812 es
756 1745 947 1828 amplitudine
960 1759 991 1813 et
1001 1755 1137 1814 uastltme
1149 1751 1226 1811 oisia-

149 1850 203 1924 cti,
225 1851 304 1909 eirca
320 1849 399 1926 qnod
412 1855 545 1910 versatur
562 1867 644 1910 mens
660 1850 801 1910 hamana.
818 1849 894 1910 liam
915 1851 990 1910 nilril
1003 1856 1049 1910 est
1062 1848 1141 1926 qnod
1162 1850 1226 1908 eius

147 1947 329 2006 densitatem
353 1954 526 2025 praetereat,
552 1949 695 2025 siqnidem
720 1951 784 2008 eius
807 1952 883 2009 aclea
905 1947 946 2008 ad
966 1947 1129 2024 quamlibet
1150 1949 1226 2006 veri·

147 2049 252 2120 tatem,
272 2060 349 2121 quac
373 2046 500 2105 natarali
522 2047 684 2123 cognitioni
698 2044 827 2105 obnoxia
843 2048 894 2120 sit,
915 2045 1015 2122 aliqua
1035 2047 1146 2104 ratione
1160 2059 1227 2118 pro·

148 2140 289 2202 tenditur.
303 2142 352 2203 Sic
371 2146 533 2223 cogitamus
547 2142 653 2221 licurm
676 2142 896 2220 intelligentias,
910 2157 1047 2219 corpora,
1067 2139 1226 2218 etquidem
1285 2171 1288 2178 ·

145 2243 182 2319 in
202 2240 251 2301 isis
267 2248 332 2301 inm
352 2242 548 2304 snbstanuam
567 2248 630 2302 tum
652 2242 896 2301 modificationes.
918 2240 954 2299 iia
976 2254 1030 2299 nes
1057 2244 1155 2299 autern
1175 2254 1226 2313 par

149 2341 357 2399 conscentiam
385 2346 579 2417 revertentes,
605 2346 720 2399 nosmet
742 2343 820 2415 ipsos
844 2342 1020 2413 nostrasque
1046 2336 1228 2412 operationes

150 2434 251 2494 sabtiii
268 2436 394 2512 quadem
413 2426 552 2513 indagine
571 2442 800 2513 perscrutamur.
821 2435 866 2495 Ex
885 2451 947 2512 quo
967 2435 1061 2493 eitrcet
1082 2432 1228 2492 obiectum

150 2532 364 2609 intelligentiae
385 2534 532 2593 humanas
552 2550 616 2593 esse
643 2550 694 2593 esus
716 2540 747 2593 et
766 2550 868 2593 uuum
891 2533 979 2593 nullis
1003 2535 1034 2591 iu
1055 2530 1158 2590 ordine
1179 2546 1229 2590 na·

150 2630 240 2689 turall
257 2629 412 2692 definitum
433 2631 594 2708 limitibus,
615 2632 760 2708 siqnidem
778 2630 922 2708 quidquid
942 2632 1018 2690 entis
1036 2634 1066 2689 et
1083 2629 1146 2687 aeri
1159 2642 1228 2687 oon·

149 2730 225 2788 dnm
246 2730 389 2787 rationem
409 2734 440 2788 et
456 2745 525 2788 com
544 2736 667 2789 naturas
685 2731 836 2805 principiis
855 2728 1028 2803 colligatum
1041 2730 1175 2803 apparet,
1198 2724 1230 2785 id

149 2828 213 2885 aeis
228 2828 336 2886 mentis
348 2832 477 2902 nostrae,
498 2828 555 2885 nisi
575 2826 690 2903 aliquid
706 2826 815 2901 obstet,
835 2840 1026 2901 usurpamus.
1304 2821 1309 2831 “

210 2924 251 2983 At
269 2940 340 2983 vero
360 2922 434 2984 haec
453 2922 633 3000 amplitudo,
654 2923 728 2983 adeo
749 2924 835 2999 longe
855 2921 971 2999 lateque
990 2928 1117 2999 patens,
1138 2920 1230 2981 anim

149 3022 388 3096 spiritualitatem
407 3023 486 3082 clare
505 3021 696 3081 demonstrat.
719 3019 795 3080 liam
819 3021 966 3095 consitas,
987 3033 1064 3095 qnae
1080 3034 1118 3077 es
1140 3022 1230 3077 mata·

62 3165 71 3177 .
150 3119 196 3177 ris
215 3117 332 3196 pendet,
348 3118 512 3179 nonhabet
529 3121 586 3179 nisi
599 3116 739 3194 operandi
756 3116 910 3192 sphaeram
926 3117 1059 3194 angustis
1073 3112 1230 3173 admodum

150 3214 289 3275 maliniis
307 3216 438 3277 clausam
460 3222 490 3276 et
518 3215 605 3276 vaide
623 3216 830 3297 terminatam3
853 3214 950 3290 qualis
970 3214 1108 3273 uimlmm
1126 3226 1230 3287 suppe-

150 3311 240 3371 ditari
265 3319 360 3388 potest
380 3330 416 3373 ex
441 3314 636 3390 peculiaribus
662 3328 759 3371 rernm
784 3310 930 3371 adiunctis
951 3318 981 3369 et
1004 3310 1142 3369 materiae
1164 3322 1232 3369 con·

149 3408 338 3487 ditionilms,
358 3409 466 3488 quiban
496 3410 648 3486 afficitur,
675 3416 705 3468 et
728 3424 853 3485 quorum
881 3406 1060 3467 adminiculo
1086 3407 1229 3467 amionem

150 3512 279 3566 exercet.

212 3603 306 3665 Ρνοῠ.
322 3601 344 3663 1
347 3604 381 3664 V.
398 3604 608 3681 llaecqnidem
627 3602 725 3679 quoad
742 3608 884 3677 mentem,
900 3600 938 3661 ad
958 3602 1136 3661 voluntatem
1152 3616 1230 3660 nunc

149 3707 305 3778 pergentes
323 3703 355 3761 in
375 3703 478 3779 primis
498 3708 702 3778 argumentum
716 3699 790 3759 iilud
805 3698 969 3773 ailarimus,
981 3697 1061 3773 qnod
1077 3699 1232 3773 praecipue

150 3798 276 3859 attulere
294 3798 454 3875 Platonici,
480 3802 625 3875 sapienter
649 3800 852 3857 existimantes
872 3810 932 3856 non
952 3810 1037 3872 posse
1062 3808 1233 3869 corporeum

150 3912 214 3959 (sse
233 3904 286 3958 ant
305 3914 324 3956 a
344 3900 468 3957 materia
484 3895 650 3973 dependens
670 3896 712 3972 ld,
734 3893 813 3971 quud
834 3895 952 3954 nonnisi
970 3892 1148 3967 incorporeis
1166 3896 1195 3948 et
1214 3905 1233 3949 a

152 3997 276 4057 materis
289 3993 552 4071 independentibna
563 3993 650 4055 boun
660 3995 861 4069 maximopere
871 3991 1041 4053 delectum.
1057 3988 1132 4048 Nam
1147 4001 1234 4063 quaa·

297 4090 362 4153 Vol.
379 4090 428 4153 II.
1055 4094 1091 4144 aa
