2892 4425
225 347 282 399 224
554 349 774 393 munimen
794 349 968 392 diminui!
997 341 1002 348 ’

225 459 325 520 mandi
347 475 383 519 cn
404 452 606 536 pbeennm
627 475 665 517 ex
688 459 839 518 ecdvltete
863 461 980 518 interna
1006 457 1122 518 illerum
1149 475 1304 523 masuam

225 572 327 616 revere
350 555 517 631 procedere.

285 653 413 712 Accedet
432 653 492 712 buc
516 655 610 728 ratio,
631 669 667 711 cx
690 653 833 727 sapientia
858 650 911 711 Dei
931 653 1091 712 conditoris
1111 661 1141 714 et
1161 654 1306 732 gnberna-

224 752 296 810 torls
314 749 497 825 deprompta.
524 749 600 808 Nem
618 765 685 808 cnm
705 764 829 824 corpora
852 755 1014 824 spectemus
1040 751 1145 828 ingiter
1166 761 1304 812 constan-

224 855 326 924 terqne
345 847 383 906 ad
405 847 614 910 determinatos
634 846 762 906 edendos
784 846 908 906 eliectus
926 846 1082 924 adbiberi,
1106 856 1183 908 recte
1202 849 1304 911 inferri

223 946 312 1008 debet
329 948 394 1022 ipse
410 945 578 1005 eorumdem
598 962 683 1004 verae
698 961 762 1004 esse
781 961 907 1021 causas3
928 946 1050 1005 stultum
1072 947 1216 1023 siquidem
1229 948 1307 1010 foret

227 1047 416 1120 ineptumque
429 1043 516 1103 rebus
530 1045 573 1102 nti
584 1045 615 1101 ia
627 1042 788 1118 operando,
800 1057 876 1120 quae
890 1057 991 1119 reapse
1005 1043 1041 1102 ed
1056 1044 1220 1120 ponendum
1232 1046 1304 1106 elie·

224 1147 305 1202 aum
327 1143 356 1200 vl
373 1157 429 1200 aaa
448 1140 520 1200 nibil
540 1140 711 1216 conferent,
728 1156 783 1198 nce
809 1141 899 1200 ullam
918 1143 1062 1200 actionem
1083 1150 1229 1202 exercent,
1247 1143 1306 1202 ltu·

225 1238 324 1298 diattu
347 1238 380 1298 S.
396 1238 546 1297 Thomas:
570 1262 583 1288 ι
609 1237 717 1296 Contra
738 1240 880 1296 rationem
903 1240 1062 1312 saptentiae
1085 1246 1130 1297 est
1147 1244 1180 1298 ut
1200 1239 1306 1299 sitell-

229 1336 330 1413 ·quid
353 1335 462 1396 frustra
481 1337 512 1394 in
531 1334 668 1410 operibus
689 1337 840 1410 sapientis.
864 1334 895 1394 Si
915 1343 1012 1395 autem
1034 1351 1079 1394 res
1096 1343 1211 1395 creetae
1223 1337 1306 1397 nullo

229 1459 242 1483 ·
260 1434 347 1523 modo
368 1439 526 1508 operentur
546 1433 585 1492 ed
602 1432 727 1492 ellectus
745 1432 960 1507 producendos,
979 1432 1031 1491 sed
1050 1433 1129 1492 selus
1149 1431 1226 1491 Deus
1241 1449 1307 1508 ope·

230 1538 364 1605 «ratur,
391 1531 502 1590 trustra
528 1537 626 1590 errent
653 1529 801 1589 adhibitae
825 1529 863 1590 ab
889 1531 953 1606 ipso
978 1529 1053 1590 allae
1074 1545 1120 1589 res
1141 1529 1179 1590 ad
1200 1531 1307 1606 produ·

229 1653 243 1678 «
260 1628 522 1688 ecndeeeeiiectus.
540 1654 553 1678 ι

285 1725 418 1801 Denique
431 1726 503 1802 quid
523 1727 629 1802 plural
648 1726 679 1786 Si
700 1743 802 1786 verum
819 1733 896 1787 esset
911 1727 1143 1787 occasionaliemi
1161 1734 1304 1805 systema,

225 1825 322 1882 omnis
345 1839 442 1882 rerum
463 1824 640 1882 naturalium
665 1827 789 1883 scientia
808 1841 824 1882 e
845 1825 940 1883 medio
964 1825 1219 1900 petieretnmnec
1243 1825 1306 1884 ulle

225 1923 301 1980 ratio
319 1920 402 1980 nobie
423 1921 545 1998 postbnc
564 1929 731 1998 suppeteret
751 1921 788 1980 ad
808 1939 904 1982 rerum
919 1928 1084 1982 creatarum
1105 1926 1246 1982 essentias
1261 1926 1306 1982 ln·

226 2019 442 2078 ternosoendas.
464 2019 522 2079 Eas
539 2022 619 2080 enlm
641 2035 702 2078 non
722 2019 807 2079 aliter
825 2022 1048 2096 cognoscimus,
1070 2021 1128 2079 niel
1146 2035 1198 2096 per
1223 2022 1305 2078 attri-

226 2115 299 2176 buta
319 2124 349 2176 et
369 2120 581 2195 proprietates3
601 2117 807 2194 proprietates¹
821 2123 919 2176 entem
942 2133 994 2192 per
1015 2116 1138 2177 effectus
1156 2125 1186 2178 ct
1205 2133 1305 2193 epern-

224 2218 320 2275 tiones
333 2220 516 2295 attingimus.
528 2218 569 2278 At
582 2217 823 2277 occasionalismo
837 2218 924 2277 semei
941 2216 1081 2293 admisse,
1096 2216 1195 2276 nullus
1210 2232 1304 2277 nexus

227 2319 400 2377 intrinsecus
423 2318 500 2376 inter
520 2316 714 2391 operationes,
739 2330 812 2403 ques
840 2316 1057 2391 conspicimus,
1076 2320 1104 2373 ci
1126 2314 1306 2375 substantias

225 2422 338 2476 orentes
360 2421 489 2475 exstaret
513 2416 650 2489 amplias.
675 2416 776 2490 Inepta
799 2416 889 2490 igitur
913 2420 943 2473 ct
969 2414 1078 2472 iniuria
1102 2428 1139 2469 ex
1161 2401 1307 2489 operatio·

225 2514 325 2591 nibus,
346 2530 420 2592 qaas
439 2515 571 2589 eliciunt,
591 2520 728 2573 naturam
748 2528 844 2571 rernm
871 2518 1034 2573 creatarum
1052 2526 1252 2587 argueremus.
1268 2510 1308 2571 iit

223 2629 299 2673 'sanc
314 2615 344 2671 in
358 2619 530 2691 systemate,
544 2612 624 2688 qnod
641 2611 813 2687 refellimus,
829 2610 951 2669 ellectus
965 2612 1206 2697 operationesque
1220 2625 1306 2668 mun·

226 2710 321 2770 danae
342 2726 526 2786 nequequam
553 2727 571 2769 a
600 2702 705 2770 natura
732 2715 1005 2768 rerum‘creatarum
1027 2706 1234 2785 procederent,
1255 2706 1308 2775 sed

226 2815 340 2869 tantum
361 2808 469 2884 allon,
488 2811 609 2884 eiusque
631 2807 722 2867 libera
743 2807 909 2881 vuluntatc3
931 2808 982 2882 qni
1002 2805 1119 2865 entibus
1140 2806 1259 2880 creatis,
1276 2806 1306 2863 vi

226 2908 344 2981 propria
368 2906 406 2965 ad
426 2906 564 2965 ellectum
586 2905 627 2963 nil
648 2903 878 2977 conterentibus,
896 2910 1048 2978 tamquam
1074 2904 1159 2961 meris
1181 2903 1307 2960 occasio·

228 3002 315 3063 nibus
333 3010 473 3078 uteretur,
494 3005 602 3079 quique
620 3003 741 3077 proinde
763 3002 906 3061 arbitratu
924 3016 977 3059 suo
990 3000 1173 3077 quibuslibet
1193 3002 1236 3059 uti
1254 3016 1306 3075 pc·

226 3105 341 3162 luisset.
365 3103 408 3161 Ex
432 3117 468 3161 eo
488 3104 600 3179 igitur,
624 3102 703 3177 qnod
724 3103 815 3159 animi
838 3102 987 3177 cogitent,
1010 3114 1068 3157 non
1094 3100 1186 3175 magis
1208 3099 1309 3157 liceret

226 3202 333 3262 inferre
355 3201 474 3260 iliorum
491 3199 718 3275 simplicitatem,
738 3216 827 3276 quam
849 3201 1149 3276 coagmentationem
1168 3204 1198 3257 et
1220 3198 1308 3256 vicis·

226 3302 281 3359 sim
300 3316 337 3359 ex
356 3296 581 3375 proprietatibus
598 3313 751 3372 corporum
774 3304 872 3356 uuum
894 3297 1055 3371 composita
1075 3298 1135 3355 sint
1156 3292 1307 3352 necnede·

225 3397 304 3456 lintri
324 3412 382 3455 non
403 3404 510 3472 posset.
534 3394 592 3456 Sed
610 3395 667 3453 boc
683 3401 832 3454 coristaret
853 3394 1026 3469 dumtaxat,
1049 3390 1245 3467 superioribus
1269 3390 1308 3449 ad

132 3512 135 3515 ’
226 3497 372 3571 simplices
386 3496 510 3557 allectus
524 3493 663 3568 edendos,
672 3491 879 3568 posterioribus
893 3492 1122 3567 ad·oompcsltos
1132 3488 1223 3548 mum
1234 3494 1308 3546 tem-

226 3610 315 3671 qnam
329 3592 532 3653 occasionibus
546 3594 601 3651 nti.
615 3592 697 3664 Quae
711 3591 898 3649 ratiocinatio
918 3605 985 3648 cum
1001 3604 1053 3664 pro
1072 3588 1195 3663 singulis
1210 3602 1307 3646 rerum
1434 3604 1437 3608 ·

226 3692 380 3770 generibus
398 3693 505 3767 valeat,
527 3690 713 3750 manifestum
735 3688 841 3747 exinde
860 3687 904 3763 tlt,
926 3685 1054 3745 absurdo
1075 3684 1310 3744 occasionaliemi

193 3814 198 3821 ¹
226 3797 390 3851 commento
412 3790 601 3849 deterrimum
621 3790 653 3847 in
674 3789 810 3846 scientias
830 3786 1043 3860 scepticlsmuin
1065 3782 1177 3843 induci.

286 3890 382 3949 Immo
401 3889 550 3950 inducitur
574 3886 788 3964 pantheismus3
812 3886 838 3944 sl
862 3886 939 3943 enlm
962 3881 1040 3941 Dens
1065 3884 1151 3943 unice
1165 3870 1309 3956 egit,'cnr

225 4002 284 4047 non
304 3985 429 4048 dictem
449 3986 542 4047 mam
563 3985 649 4055 unice
665 3986 808 4055 existere,
830 3988 980 4043 creaturas
1001 3994 1071 4039 vero
1089 3994 1148 4037 non
1170 3992 1233 4039 cese
1252 3977 1310 4035 nbi
