2892 4425
455 408 536 493 ¹Pali!
557 408 662 451 ΡΙΙΙΑ
682 422 694 435 ·
715 406 915 451 ensunnocta
1188 397 1224 447 63

201 522 288 581 lianc
305 516 483 595 monacendi
505 516 625 576 mom
647 515 769 575 inflanti
789 523 860 575 sunt
880 514 1121 591 pmtmophorum
1145 519 1228 573 vetu-

142 619 281 691 stissimi,
302 617 404 675 tritum
427 614 500 673 iiind
528 613 651 673 citatum
680 612 866 671 obiicientem
893 628 932 671 ere
951 611 1049 673 nihilo
1068 610 1149 671 auri
1164 612 1226 687 βω·

143 730 202 790 quo
217 717 246 771 in
271 717 402 771 nnmero'
414 710 506 770 fnisse
516 709 726 785 Xenophanem
746 724 834 784 supra
855 711 1161 769 commemoravimus.
1186 709 1226 768 iis

143 818 241 870 autem
260 812 304 867 sic
321 807 510 884 opinantibus
531 808 609 869 nitro
624 812 836 865 consenserunt
859 806 1050 881 pantheistae.

203 907 313 964 Verum
333 906 521 977 creationem,
543 910 630 977 prout
651 902 700 961 hic
726 918 743 961 a
769 902 853 961 nobis
868 902 1013 977 cxpiicata
1032 910 1095 978 cat,
1117 902 1229 963 nuliam

144 1002 202 1062 sibi
214 1002 364 1076 implicare
377 1005 573 1074 conceptuum
586 1013 727 1074 pugnam,
742 998 793 1058 scd
808 1013 871 1059 esse
885 998 1063 1073 posstbiicm,
1078 1002 1149 1057 satis
1164 999 1226 1059 eiu·

143 1105 192 1157 cet
209 1097 364 1171 omnibns,
384 1100 434 1173 qui
457 1098 609 1156 vennam
631 1110 689 1155 non
707 1094 745 1154 de
763 1096 908 1155 industris
927 1095 1086 1155 obscurare
1105 1094 1156 1155 scd
1176 1110 1226 1154 ca·

144 1210 260 1271 pesscre
281 1196 413 1269 cupiunt.
434 1192 511 1252 Nam
531 1208 607 1267 quan
629 1194 824 1267 repugnantia
841 1190 914 1268 tingi
933 1194 1028 1267 potest
1046 1194 1075 1249 in
1095 1208 1130 1251 eo
1148 1190 1228 1267 quorl

145 1290 301 1367 quaedam,
318 1297 405 1349 antea
425 1290 507 1350 nuiio
521 1296 607 1365 pacto
624 1291 784 1364 emtautia,
798 1296 914 1349 exstare
929 1290 1072 1365 incipiant
1093 1304 1143 1363 per
1162 1286 1228 1347 iati-

146 1390 239 1447 nitam
261 1389 390 1462 supremi
407 1386 562 1445 cniusdam
585 1387 699 1461 agentis
719 1386 880 1446 virtutem?
898 1385 1033 1445 Proiecto
1055 1388 1161 1445 iactata
1183 1400 1227 1445 re·

145 1485 363 1559 pugnantiam
386 1498 483 1541 mum
504 1481 758 1557 producendarum
778 1482 922 1543 cristemii
942 1484 1072 1553 novitate
1090 1496 1148 1539 non
1167 1484 1226 1541 ori·

146 1587 209 1657 tur,
224 1580 367 1657 siquidem
387 1583 542 1640 innumera
561 1582 668 1656 ingiter
687 1581 890 1655 perspicimus,
905 1595 980 1656 qnae
1002 1581 1116 1639 actione
1138 1580 1227 1639 etiam

147 1678 297 1737 initorum
311 1679 461 1752 agentium
476 1692 543 1737 esse
563 1678 720 1752 mmpinnt,
737 1692 805 1735 cum
825 1684 911 1737 antea
926 1690 1027 1737 revere
1046 1692 1104 1735 non
1120 1684 1226 1741 ment.

147 1774 197 1834 Sic
220 1778 336 1833 animus
356 1772 545 1849 quamplures
567 1772 685 1833 maitiae
704 1776 736 1832 in
758 1780 848 1833 semet
868 1777 1059 1851 cogitationen
1081 1776 1230 1849 appetitio·

146 1888 258 1947 nmque
281 1874 397 1947 gignit,
424 1870 533 1947 quibus
555 1876 625 1931 ante
646 1870 730 1931 nulio
757 1878 842 1947 pacto
874 1870 1068 1931 afficiebatur.
1099 1871 1231 1947 Itemque

146 1971 318 2028 exteriorem
340 1976 478 2028 naturam
503 1971 532 2026 in
551 1967 614 2029 dies
634 1975 664 2027 ct
689 1968 778 2029 horas
809 1970 895 2027 uovis
917 1968 1071 2028 eiicctihus
1093 1972 1230 2029 exornari

147 2065 424 2141 locupietiorcmqnc
444 2064 507 2123 iicri
527 2072 710 2125 contuemur.
726 2065 765 2125 111
785 2070 862 2125 certe
886 2064 1008 2125 eiiectus
1030 2064 1141 2140 aliquid
1159 2067 1228 2123 novi

147 2161 365 2239 attenuasse
380 2168 538 2238 antequam
563 2161 669 2224 tierent
687 2161 817 2238 proiecto
839 2178 898 2226 non
923 2168 1017 2222 erant.
1041 2160 1229 2236 Expericntin

148 2262 239 2337 igitur
256 2265 320 2336 ipsa
339 2263 480 2336 magistra
499 2277 536 2320 ac
553 2259 628 2321 duce
653 2275 825 2334 monemur,
845 2259 918 2318 nihii
947 2257 1138 2318 absurditatis
1165 2275 1229 2334 per·

148 2361 224 2434 spici
251 2362 281 2416 in
304 2358 447 2418 exnoendi
473 2350 615 2419 novitate.
641 2357 719 2435 Ergo
744 2358 854 2416 creatio
875 2372 910 2414 cx
941 2355 997 2415 hac
1016 2361 1096 2430 parte
1117 2355 1229 2423 nuliam

148 2455 279 2516 includit
298 2459 533 2531 repugnantiam.

210 2551 263 2626 At,
276 2552 353 2610 dicct
366 2553 482 2628 atiquis,
495 2555 718 2629 repugnantiam
734 2553 873 2612 creationi
889 2566 947 2610 nou
962 2549 1028 2610 inde
1042 2552 1135 2610 inesse
1148 2549 1229 2625 quod

150 2665 230 2710 nora
248 2648 335 2726 flant,
345 2649 395 2708 sed
417 2651 496 2726 qnod
510 2654 554 2711 ita
571 2649 656 2724 flant,
674 2658 707 2710 ut
730 2651 842 2710 nulium
855 2657 942 2710 antea
959 2649 1121 2708 subiectum
1137 2646 1227 2720 adsit,

150 2762 187 2805 eu
208 2763 267 2822 qao
285 2764 361 2807 nove
380 2747 431 2806 iiia
449 2747 645 2822 deducantur,
669 2748 727 2807 hoc
752 2754 840 2821 certe,
864 2749 959 2822 munt,
984 2761 1081 2806 secum
1105 2751 1227 2820 pugnat.

150 2845 260 2904 Verum
278 2848 330 2921 qui
350 2850 390 2904 ita
414 2845 538 2920 obiicit,
553 2848 578 2904 is
599 2863 636 2904 nc
656 2862 691 2904 en
709 2845 846 2921 quidem,
867 2861 942 2920 quac
961 2845 1082 2920 proiert,
1106 2842 1228 2902 fortasse

150 2943 297 3018 inteiligit.
317 2943 392 3002 Nam
416 2960 515 3019 pugna
532 2951 738 3020 conceptuum,
752 2949 785 3002 ut
799 2943 885 3004 rudes
906 2946 994 3004 etiam
1017 2945 1046 3000 iu
1062 2944 1157 3018 iogice
1177 2956 1230 3000 uo-

150 3046 241 3112 ruut,
262 3046 332 3098 tuac
360 3039 496 3115 habetur,
524 3057 591 3100 curn
615 3041 727 3116 aliquid
758 3057 876 3117 prorsus
903 3041 978 3100 idem
1009 3040 1174 3108 aissrmatur
1200 3045 1231 3098 et

150 3142 290 3210 negatur,
318 3153 371 3196 scu
395 3153 464 3196 curn
490 3137 602 3212 aliquid
622 3137 723 3198 codcru
756 3147 884 3214 tempore
909 3139 1067 3213 eodemque
1098 3143 1228 3212 respectu

150 3232 181 3288 in
203 3247 235 3289 re
254 3235 374 3306 ponitur
394 3234 541 3310 simulque
561 3234 699 3294 demitur.
720 3236 761 3294 At
781 3251 849 3294 vcro
863 3239 892 3294 in
907 3237 1054 3294 creatione
1074 3251 1163 3310 quam
1183 3233 1231 3290 de-

151 3327 312 3403 fendimus,
337 3331 377 3388 nii
396 3331 454 3390 tale
474 3331 512 3390 ab
530 3331 707 3391 adversariis
723 3333 838 3392 ostendi
860 3341 964 3407 potent.
985 3331 1050 3390 Non
1069 3333 1147 3390 enim
1162 3331 1231 3388 dum

152 3423 277 3484 eftectus
294 3425 382 3485 cnudi
401 3443 418 3486 e
438 3427 533 3486 nihilo
561 3427 689 3503 dicitur,
720 3429 882 3504 putandum
909 3432 954 3488 cst
978 3431 1075 3503 ipsum
1107 3427 1231 3486 nihilum

154 3524 305 3582 materiam
327 3539 393 3583 ease
410 3522 488 3584 unde
511 3525 560 3584 iiic
583 3523 748 3600 confletur,
767 3540 861 3600 neque
886 3523 963 3584 credi
985 3523 1080 3598 debet,
1100 3523 1130 3582 id
1154 3522 1233 3599 quod

152 3725 163 3746 κ
177 3704 280 3768 quidem
296 3707 389 3770 duplex
409 3707 499 3757 modus
517 3707 644 3758 mamurii.
666 3711 736 3759 Unus
757 3707 869 3772 quidem,
879 3694 940 3770 'qun
958 3707 1053 3770 aliquid
1072 3707 1099 3756 tit
1119 3719 1233 3770 praesup-

152 3803 165 3824 «ι
179 3785 259 3846 posito
278 3786 365 3835 altero.
386 3790 417 3837 Et
434 3787 482 3837 hoc
496 3787 571 3837 modo
590 3787 681 3837 dicitur
696 3788 750 3838 iicri
773 3787 868 3850 aliquid
888 3801 930 3849 per
952 3788 1163 3848 informatioucn15
1175 3786 1234 3848 quia

152 3883 164 3905 κ
178 3863 241 3913 iiind
259 3865 328 3927 quod
348 3867 470 3928 posteritas
488 3867 599 3927 advenit,
614 3881 641 3917 sc
660 3867 735 3918 habet
754 3867 876 3929 anitiae,
894 3867 963 3930 quon
983 3865 1232 3930 praesuppnncbatur,

153 3962 166 3984 ι
180 3957 224 4004 per
244 3944 346 3994 modum
364 3946 465 3996 formae.
486 3945 541 3997 Atio
557 3947 633 3998 modo
651 3951 767 3998 causatur
785 3947 889 4010 mincii,
912 3947 980 3998 nuiio
998 3945 1190 4008 praesupposito.
1204 3947 1234 3993 Et

152 4043 166 4066 «ι
178 4023 227 4074 troc
237 4023 313 4074 modo
324 4025 416 4076 dicitur
430 4026 525 4089 aliquid
545 4027 598 4078 tieri
617 4042 659 4091 per
679 4029 837 4078 creationem.
851 4047 862 4070 υ
875 4030 904 4078 ia
921 4026 966 4076 lib.
981 4029 1018 4076 Dc
1028 4027 1117 4076 cautu
1133 4023 1178 4074 icc.
1196 4031 1230 4074 is.
