2892 4425
228 359 288 418 aaa
554 367 796 414 mannassen
815 366 976 422 ancianis

227 444 296 558 quis
315 495 335 540 a
353 493 444 540 caum
461 481 569 555 quasis
588 487 687 540 croam
707 482 908 558 progignitur,
926 487 1023 540 cartus
1042 483 1130 542 mam
1142 441 1310 559 ⁸supremae

227 590 334 642 mutae
353 577 414 636 iiiic
432 576 594 638 intercedat
614 577 756 637 innoxos.
777 578 819 638 At
838 593 909 638 veru
928 578 961 638 id
980 577 1061 637 aiiud
1076 594 1137 638 non
1156 587 1201 639 est
1219 583 1310 657 quid·

226 693 333 752 qaam,
348 678 405 735 nisi
421 676 515 735 iienm
533 677 565 735 in
581 677 705 753 singuiis
723 683 925 738 ereaturarum
943 678 1110 740 acconibus
1127 695 1309 740 concorrem

226 781 287 836 tem
307 773 456 836 inducere.

287 873 440 936 Praeterea
461 883 660 951 marmiae,
680 871 752 935 dum
773 882 883 952 agunt,
905 878 969 951 ipso
987 879 1146 936 activitatis
1165 879 1308 936 exercitio

228 979 391 1050 arguant
411 973 647 1049 quodammodo,
668 989 704 1033 ac
723 977 835 1034 ratione
855 974 954 1050 aiiqua
973 974 1077 1034 adtcm
1097 974 1220 1052 physice
1241 991 1306 1050 pcr-

173 1144 178 1152 Ι
227 1069 378 1132 Mutua.
393 1055 555 1130 Pius⁰euim
569 1072 700 1148 protecte
712 1077 759 1129 est
771 1079 838 1131 actu
853 1088 939 1149 agere
949 1115 958 1148 ,
968 1088 1057 1148 quam
1071 1071 1203 1130 nondum
1219 1089 1307 1149 agere

226 1168 279 1228 sad
296 1169 361 1230 noia
378 1168 484 1245 agendi
502 1177 645 1244 potestate
662 1169 801 1247 paudere.
824 1170 864 1229 At
882 1186 954 1230 veru
973 1168 1058 1230 uuiia
1079 1185 1125 1229 res
1143 1173 1206 1229 aina
1225 1171 1306 1230 ieeu-

198 1300 204 1310 ·
227 1266 358 1345 pietioris
373 1283 481 1327 musae
499 1267 678 1327 adminiculo
695 1269 796 1345 largiri
814 1268 870 1327 sibi
886 1273 982 1344 potest
996 1267 1044 1342 id,
1058 1268 1137 1344 qnod
1156 1283 1218 1328 non
1236 1273 1305 1328 acta

227 1365 285 1427 ted»
297 1369 429 1443 potentia
449 1373 563 1426 tantum
584 1367 691 1439 haben
712 1373 797 1427 actus
818 1369 897 1427 enim
918 1365 1048 1441 procedit
1067 1365 1105 1426 ab
1125 1371 1205 1426 actu.
1228 1365 1337 1444 Ergo,

227 1462 385 1525 matta
402 1466 525 1540 quaevis
541 1470 640 1524 ereata
659 1471 694 1524 ut
708 1472 815 1540 agant,
830 1464 868 1524 ab
887 1463 992 1524 altiore
1008 1463 1134 1541 quadam
1155 1479 1244 1523 eausa
1263 1467 1307 1524 iu·

228 1564 293 1622 rari
310 1569 407 1638 spent.
430 1562 511 1620 iiaec
531 1570 647 1639 autem,
668 1571 703 1623 ut
721 1566 906 1639 perspicuum
926 1569 988 1638 ost,
1010 1563 1126 1622 nannai
1144 1561 1224 1622 Deus
1244 1578 1308 1623 ease

228 1665 342 1735 peteat3
362 1658 507 1735 siquidem
524 1665 640 1719 tantum
657 1660 736 1720 Deus
755 1669 839 1720 extra
859 1663 1009 1738 agentium
1026 1665 1191 1720 creatorum
1212 1661 1307 1720 ambi·

227 1762 291 1817 taur
313 1757 474 1832 reperitur,
495 1772 531 1816 oc
554 1757 762 1832 perfectionem
785 1775 902 1817 omnam
927 1765 957 1818 et
978 1757 1139 1820 reaiitatem
1164 1759 1306 1818 eminenti

227 1852 356 1930 quadam
377 1857 491 1913 ratione
506 1837 720 1932 compisetitur.
743 1856 804 1916 Nec
822 1873 893 1916 vcro
908 1859 976 1934 quis
993 1858 1109 1932 inquiat
1129 1871 1175 1916 rea
1193 1865 1310 1918 creatas

227 1949 386 2014 metenti
406 1954 557 2013 aetivitatc
575 1955 734 2014 incunctas
754 1971 837 2032 mse,
858 1957 943 2015 euius
962 1970 1020 2032 ope
1040 1957 1168 2016 actiones
1188 1956 1310 2016 eliciant

227 2055 323 2111 marte
341 2065 415 2126 arao,
435 2052 507 2128 quia
529 2051 639 2112 eisdem
659 2068 812 2128 supremae
834 2068 942 2113 causae
963 2052 1121 2113 subnatat
1142 2053 1307 2114 adminicu-

228 2146 303 2210 iaaa.
324 2147 401 2210 Nam
421 2149 502 2227 quod
521 2156 659 2210 actuoeac
675 2153 753 2227 sint,
768 2151 798 2210 id
817 2153 926 2228 optime
942 2151 1049 2229 probat
1063 2167 1113 2211 eas
1130 2153 1162 2212 in
1183 2153 1309 2211 aedoni-

227 2246 285 2309 ltas
301 2247 362 2308 iiiia
381 2265 484 2309 revera
502 2264 609 2327 agere,
630 2257 662 2310 at
680 2252 800 2311 minime
821 2249 966 2311 initurum
981 2238 1039 2310 ‘itu
1060 2250 1232 2326 opitulantis
1252 2266 1308 2309 ex·

227 2344 332 2407 ciudit.
353 2347 448 2407 Immo
464 2349 561 2424 potius
578 2364 681 2408 mucra
698 2348 798 2409 infert.
820 2348 897 2408 Nam
915 2350 962 2409 eia
979 2348 1101 2427 agendi,
1115 2350 1225 2408 viriam
1240 2354 1311 2408 tan·

171 2458 174 2462 ·
228 2450 292 2505 tum
316 2446 460 2505 actionem
485 2445 628 2522 possidet.
652 2446 732 2506 Hace
757 2452 854 2507 autem
876 2445 1018 2507 virtualis
1042 2447 1186 2523 possem
1211 2448 1311 2505 minor

229 2540 361 2619 proiecto
377 2548 424 2603 est
438 2546 621 2630 possessiom
641 2545 766 2621 sotusii,
785 2560 874 2621 quam
895 2560 1002 2605 causae
1021 2527 1131 2603 natam
1149 2558 1218 2603 enm
1238 2550 1310 2604 actu

101 2626 112 2649 ⁴
228 2643 428 2717 operationem
447 2640 579 2702 eliciunt.
601 2642 637 2701 id
658 2644 737 2701 euim
761 2646 785 2701 ai
807 2658 867 2701 uon
889 2649 982 2719 maci,
1003 2656 1154 2718 nunquam
1178 2640 1247 2703 iliae
1270 2640 1309 2701 ad

229 2738 376 2817 agendam
395 2738 563 2817 prosilirent
582 2755 637 2801 nac
655 2724 791 2816 ιιιιοιιὶ,
812 2756 902 2817 quam
921 2746 1064 2815 exerunt,
1085 2738 1309 2815 perficerentur.

228 2837 328 2912 Quare
346 2840 444 2899 omnis
465 2846 564 2899 creata
588 2840 724 2900 nativitas
748 2840 852 2899 mixtio
874 2837 1018 2914 quaedam
1040 2843 1086 2897 est
1110 2840 1255 2914 potentiae
1279 2844 1311 2897 ct

229 2941 333 3012 aetua3
352 2942 499 3019 quatenus
519 2939 550 2994 vi
570 2936 690 3012 quidem
712 2942 831 2997 cunstat
851 2935 903 2996 sed
922 2936 985 3013 iia,
1005 2940 1039 2995 ut
1057 2937 1121 2995 eiua
1146 2932 1311 2995 efficacitas

229 3035 345 3091 actione
362 3032 525 3093 cxcroeada
545 3033 666 3095 uitcrms
689 3036 882 3111 compieatur.

291 3128 423 3207 Denique
444 3144 605 3190 concursus
630 3132 773 3193 eiusmodi
790 3138 977 3211 'magnopere
1000 3129 1186 3192 commendat
1207 3128 1312 3205 ampli·

230 3226 361 3287 tudinem
385 3226 505 3286 divinae
529 3232 676 3305 potentiae
695 3238 726 3290 et
746 3232 783 3291 ad
805 3234 964 3290 maximam
985 3232 1047 3290 cius
1067 3231 1194 3306 pertinet
1215 3226 1312 3303 peric·

231 3328 369 3385 otiensm.
384 3325 469 3401 Quod
483 3334 582 3388 autem
596 3327 656 3389 tale
669 3336 726 3405 est,
738 3328 768 3388 id
782 3332 846 3389 iure
859 3330 1021 3405 meritoque
1032 3326 1093 3387 Deo
1106 3326 1196 3386 tribui
1210 3324 1311 3386 dehet.

274 3430 363 3519 stta.
384 3422 426 3485 Ut
450 3431 547 3485 autem
576 3429 631 3486 rite
654 3427 836 3504 iuteiiigatar
860 3426 965 3487 modus
981 3416 1048 3502 *quo
1073 3438 1233 3484 macareus
1261 3423 1315 3483 irie

231 3520 427 3582 adstruendae
443 3526 497 3599 sit,
511 3538 652 3602 errorque
671 3528 768 3585 omnis
789 3525 891 3585 sedulo
910 3531 1067 3599 caveatur,
1084 3520 1247 3582 notandum
1266 3528 1314 3582 est

231 3621 263 3679 ia
280 3620 385 3697 primis
402 3622 589 3697 perperam‘a
606 3623 756 3683 nonauiiis
775 3626 921 3682 nominari
937 3620 1246 3701 promeruissem
1260 3634 1315 3679 eus

232 3736 355 3798 omnes,
375 3722 428 3799 qai
447 3723 604 3796 positivam
625 3720 877 3783 conservationem
897 3728 927 3781 et
944 3719 1147 3781 immediatum
1169 3718 1222 3777 Dei
1241 3732 1312 3778 eon-

231 3834 349 3877 eursura
369 3825 499 3877 mentor.
521 3819 661 3897 Quisquis
678 3824 757 3880 caim
775 3820 812 3880 de
828 3838 859 3881 re
874 3820 1039 3898 theologica
1056 3817 1102 3877 vai
1123 3818 1228 3877 ieviter
1247 3829 1314 3876 em·

231 3912 311 3975 ditas
331 3922 394 3992 est,
414 3916 552 3990 ignorare
574 3910 813 3996 minime'potest
835 3936 940 3979 nomen
964 3915 1109 3978 eiusmodi
1131 3930 1192 3974 nau
1214 3915 1311 3973 omni·

231 4008 305 4086 ios,
325 4017 377 4088 qui
397 4014 472 4074 duas
495 4012 561 4075 iiias
584 4018 735 4091 opiniones
757 4018 935 4094 defendunt,
957 4016 1008 4077 sed
1029 4010 1311 4091 pacatioriooidun
