2892 4425
417 352 495 399 ΗΜ
517 352 637 398 sunan
657 367 670 383 ·
691 348 908 400 nrcnutnetn
1150 351 1207 403 279

123 480 184 528 seu
198 461 396 528 Quemne
411 465 519 524 meatu
537 463 678 532 mount.
697 463 783 526 Mens
803 468 883 526 enim
899 467 1008 542 optima
1025 471 1120 543 poter
1137 483 1206 530 oon·

123 565 264 640 captione
275 578 332 626 rua
347 577 495 640 seperare,
509 577 586 639 qnae
598 578 659 624 nun
671 569 743 624 snut
754 563 893 625 &uncta
907 567 938 624 in
953 571 1070 626 natura.
1087 567 1125 627 iit
1137 582 1208 628 sana

124 679 201 723 cuna
224 662 337 722 iudicat
355 664 533 722 lotometra
551 663 648 722 meter
667 665 777 740 purte,
807 661 1004 724 affirmatione
1027 667 1207 744 coniungens

124 761 206 822 duas
221 761 326 821 ideasz
348 763 443 821 totmrr
456 766 487 821 et
502 762 600 820 moins
614 765 722 839 φονέες
737 777 809 822 num
830 761 972 823 obiectire
991 763 1065 824 iclcts
1084 765 1142 824 iilis
1161 781 1205 825 re·

125 859 276 938 emanent
298 875 348 919 res
375 858 553 920 distinctae?
577 860 779 937 Nequaquam.
802 861 876 921 Nam
897 861 1041 924 abiectius
1069 870 1099 923 et
1122 865 1152 922 in
1176 881 1208 924 re

125 959 208 1018 idem
227 962 273 1019 est
294 961 388 1018 totum
410 972 446 1017 ee
467 950 563 1022 maius
578 962 679 1034 porte.
697 958 834 1018 Attamen
853 975 936 1019 mens
955 961 1051 1037 potuit
1070 963 1132 1022 acie
1150 977 1205 1022 sua

127 1059 162 1117 in
174 1057 250 1118 duas
263 1057 397 1116 notiones
410 1056 487 1116 tuom
502 1055 578 1116 iliurl
590 1057 765 1134 discerpere;
780 1073 882 1134 naam,
896 1073 973 1135 quae
985 1057 1119 1133 contuso,
1135 1060 1204 1119 alte·

127 1171 196 1216 ram
218 1169 295 1231 quae
310 1153 448 1214 dbtinm
462 1170 524 1214 rem
544 1155 675 1214 eamdem
690 1153 822 1215 referret.
845 1156 923 1229 Quid
944 1157 1034 1233 igitur
1052 1159 1161 1236 mirpm
1180 1159 1205 1218 si

127 1254 208 1314 ibera
227 1252 318 1313 iaciat
337 1253 433 1330 quoad
452 1253 641 1329 quiddltates,
662 1269 712 1314 eas
731 1253 893 1331 separando
911 1253 950 1314 ab
969 1252 1207 1314 individualitatis

127 1369 220 1430 quam
243 1351 353 1412 babent
371 1353 401 1410 in
425 1358 505 1412 statu
526 1351 672 1430 pbyeieoi
686 1352 860 1413 Praesertim
881 1369 952 1412 vero
969 1367 1035 1412 cum
1056 1352 1143 1412 buius
1161 1367 1205 1412 se·

128 1452 290 1529 peratiouis
309 1465 361 1510 seu
379 1451 516 1510 mentalis
535 1452 724 1526 praecisionis
744 1450 836 1530 adest,
849 1453 878 1510 in
898 1451 984 1511 rebus
1008 1453 1088 1527 ipsis.
1099 1449 1206 1510 sunda·

128 1553 274 1624 mutum,
286 1547 366 1624 qnod
385 1549 538 1608 virtualem
553 1547 769 1608 distinctionem
784 1549 961 1626 suppeditet.
976 1542 1118 1608 ilam'etsi
1134 1550 1206 1627 phy·

128 1649 191 1707 sioe
203 1661 262 1705 non
279 1648 319 1706 sit
330 1645 443 1722 aliquid
454 1646 603 1706 diversum
617 1663 685 1707 roso
698 1647 736 1706 ab
753 1645 811 1706 leuc
829 1663 911 1722 rose;
923 1655 1022 1707 tamen
1035 1647 1072 1706 da
1083 1663 1114 1706 se
1131 1651 1206 1708 ratio

127 1751 161 1806 et
178 1745 306 1805 muna
330 1758 495 1804 rusae-non
512 1745 642 1820 postolat
660 1751 695 1804 ut
715 1746 746 1804 ia
767 1746 824 1805 boc
844 1745 909 1805 ioco
933 1752 985 1806 aut
1006 1751 1136 1821 tempore
1155 1753 1207 1805 aut

129 1842 284 1903 inrilririuo
299 1844 461 1929 reperiatur
478 1838 683 1920 potiusquam
700 1845 732 1902 iu
752 1844 820 1903 aiio.
842 1844 870 1904 Si
890 1847 968 1904 enim
987 1847 1028 1905 ita
1045 1851 1130 1922 esset,
1146 1861 1206 1904 unu
1301 1911 1319 1940 ο

129 1948 246 2002 uotum
264 1956 334 2001 rosa
357 1942 518 2016 misceret,
536 1941 615 2015 quod
636 1941 745 2000 falsum
766 1949 821 2002 est.
842 1943 919 2018 Ergo
940 1943 1126 2019 intellectus,
1154 1944 1205 2020 qui

129 2042 233 2100 initum
259 2044 394 2116 penetret
413 2044 444 2100 et
470 2039 577 2099 luebat
599 2055 660 2098 rem
684 2055 773 2115 quam
795 2041 941 2115 concipit,
962 2038 1205 2114 apprehendendo

130 2155 228 2202 rorem
241 2155 302 2200 non
315 2137 508 2215 adstringitur
521 2138 560 2197 ari
575 2153 639 2197 eam
658 2138 797 2212 peculiari
817 2136 946 2196 subiecto
966 2135 1162 2195 tribuendam.

188 2238 275 2297 ilices
294 2238 349 2295 lii.
374 2237 458 2297 biens
473 2237 513 2297 ari
530 2238 608 2297 banc
632 2235 856 2296 abstractionem
872 2232 1063 2293 exercendam
1086 2234 1206 2293 deberet

130 2334 168 2394 ab
187 2334 302 2394 obiectu
325 2335 460 2395 sensibus
480 2341 618 2411 percepto
642 2334 840 2393 determinari.
867 2332 957 2408 Atqui
980 2331 1011 2391 iri
1038 2327 1205 2408 contingere

130 2434 239 2509 nsqou
265 2432 340 2493 ilem
364 2433 508 2495 obiectum
532 2448 621 2493 sensu
644 2436 815 2508 perceptum
835 2438 881 2491 est
899 2412 1058 2505 materiale
1080 2438 1109 2489 et
1125 2432 1203 2490 obie-

127 2538 208 2592 ctum
236 2530 387 2591 materiale
405 2546 492 2608 ugare
512 2534 615 2608 nequit
638 2533 670 2589 iu
697 2530 857 2605 potentiam
885 2526 1086 2605 spiritualem,
1107 2530 1203 2605 qualis

129 2635 176 2691 et
198 2644 291 2689 mens.

189 2728 277 2803 Rcsp.
292 2728 373 2789 Diri.
397 2729 506 2789 lictor.
528 2726 652 2789 baberet
667 2728 857 2787 determinari
875 2742 926 2803 per
940 2725 1099 2801 simplicem
1118 2740 1201 2801 prac-
1282 2725 1287 2734 '

129 2828 264 2901 mntem,
283 2842 386 2901 corum
405 2828 623 2902 peractionem
642 2827 771 2903 aliquam
791 2826 882 2901 ipsius
902 2824 1020 2899 obiecti,
1042 2840 1127 2899 nepo.

189 2924 297 2985 lleoole
315 2940 351 2985 ea
375 2924 599 3001 quaeritatum
618 2926 649 2982 in
668 2925 804 2983 lemmate
820 2924 846 2999 I,
866 2922 906 2998 ii,
926 2922 969 2980 lii
986 2926 1017 2980 et
1038 2922 1080 2981 IV
1099 2922 1135 2981 de
1151 2938 1204 2981 aa·

131 3028 197 3084 tura
213 3026 278 3083 sire
294 3022 445 3083 inuitatis
458 3024 490 3081 in
509 3038 626 3099 genere,
638 3023 701 3081 sire
714 3020 863 3081 facultatis
879 3021 1093 3098 cognoscitirac
1106 3020 1204 3096 quoad

130 3121 349 3195 applicationem
371 3119 479 3179 obiecti
504 3134 594 3196 quam
623 3120 725 3195 erigit.
754 3116 870 3178 Suiflcit
897 3119 979 3175 enim
1002 3122 1036 3176 ut
1057 3116 1203 3177 obiectum
1251 3148 1255 3157 ·

127 3232 261 3292 premens
280 3220 320 3276 sit
338 3217 493 3293 iacuiteti,
516 3224 551 3276 ut
569 3216 642 3275 baec
662 3218 742 3276 eirca
761 3218 858 3291 ipsum
879 3218 992 3292 operari
1015 3218 1115 3290 possit.
1139 3214 1202 3273 lam
1250 3207 1257 3227 '

131 3326 198 3371 sero
211 3311 357 3373 obiectum
369 3330 404 3374 eo
415 3317 479 3391 ipso
492 3314 572 3391 quod
585 3314 720 3374 sensibus
740 3316 914 3390 percipitur,
934 3314 1093 3373 intellectui
1116 3330 1200 3389 prae·

129 3424 195 3470 sens
217 3414 280 3485 eat,
304 3418 455 3485 proptema
480 3412 560 3488 quod
582 3416 647 3471 tum
673 3412 837 3473 intellectus
855 3418 919 3471 tum
944 3426 1046 3471 seusus
1072 3412 1202 3472 radicem

130 3506 237 3570 babent
253 3509 285 3565 in
306 3507 406 3567 eodem
426 3511 544 3587 animo,
563 3516 593 3571 et
606 3510 772 3571 intellectus
793 3513 831 3569 sit
851 3509 975 3569 incultas
999 3513 1203 3585 cognoscitiva

128 3606 280 3685 generalis,
295 3620 389 3684 quae,
409 3609 487 3667 eirca
502 3608 628 3684 quadus
648 3624 713 3686 ens,
727 3608 814 3667 modo
831 3624 903 3683 suo,
918 3610 1028 3666 versari
1049 3610 1152 3682 possit.
1167 3606 1204 3667 Et

128 3720 198 3766 sans
214 3703 367 3765 facultates
382 3709 501 3766 interne
518 3707 670 3781 ordinatae
683 3718 857 3767 consensum
873 3706 1000 3781 aliquem
1016 3704 1127 3770 habent
1149 3708 1203 3779 ita,

128 3811 161 3866 ut
172 3820 232 3865 una
246 3812 385 3881 operante
398 3806 527 3882 operatio
543 3808 631 3867 etiam
644 3806 765 3865 alterius
780 3811 986 3880 consequatur.
1003 3802 1052 3863 Sic
1065 3806 1203 3877 operante
1230 3855 1240 3879 Ι

128 3902 275 3963 intellectu
291 3905 371 3964 circa
391 3903 510 3981 aliquod
528 3905 686 3982 obiectum,
701 3902 841 3964 voluntas
858 3901 914 3961 boe
931 3905 994 3978 ipso
1011 3900 1155 3961 excitatur
1174 3904 1204 3956 et

129 4000 337 4063 determinatur
356 4002 393 4063 ad
413 4005 611 4081 operationem
635 4018 719 4063 suam
738 3998 942 4076 exercendam,
956 3996 1082 4057 amando
1099 4002 1132 4055 ut
1149 3993 1201 4053 bo·
