2892 4425
263 343 317 392 152
590 346 807 392 utramtstct
829 349 1002 391 centannis

259 462 367 518 donem
395 456 594 516 animalitatis.
628 459 820 517 Rationalitns
845 460 922 517 enim
948 476 994 517 ex.
1020 475 1065 536 gr.
1093 473 1167 535 qnae
1193 456 1320 533 specifica

259 557 426 616 differentia
446 555 573 613 hominis
595 564 650 630 est,
672 573 731 615 non
753 563 901 632 tamquam
919 558 986 633 pars
1003 556 1192 617 animalitatis
1207 556 1320 632 cogitari

259 654 354 729 debet,
371 653 421 712 sed
440 652 593 728 cogitanda
608 660 651 711 est
674 661 707 712 ut
727 657 886 729 proprietas
911 656 995 731 longe
1014 655 1152 731 nobilior,
1173 671 1247 731 quae
1265 653 1320 710 anl-

258 751 418 810 malitatem
436 750 567 825 perficiat
584 757 670 826 atquc
693 752 731 809 ad
750 752 871 826 gradum
891 753 996 810 evehat
1015 753 1158 811 altiorem.

320 851 352 907 ld
373 851 431 919 dici
456 866 513 907 non
538 857 631 925 potest
652 850 688 908 de
710 857 852 924 conceptu
876 852 973 925 entis3
995 854 1045 925 qui
1071 852 1111 908 ita
1139 850 1178 908 ad
1201 846 1322 923 singalas

260 951 368 1006 entium
386 948 534 1006 descendit
552 949 671 1024 classes,
689 956 721 1006 ut
742 948 796 1006 hae
818 950 847 1005 in
867 951 929 1023 ipsa
946 951 1057 1007 ratione
1075 949 1150 1007 entis
1168 949 1320 1005 varientur.

260 1047 446 1107 Differentiae
466 1050 564 1122 enim,
586 1048 693 1123 quibus
722 1048 942 1121 determinatur,
963 1064 1021 1104 non
1046 1046 1163 1105 aliunde
1186 1058 1323 1129 arcessun-

261 1154 318 1221 tnr‚
338 1147 387 1205 sed
405 1150 497 1222 ipsam
517 1150 658 1205 rationem
680 1148 754 1203 entis
772 1148 959 1222 participant,
980 1153 1062 1204 extra
1081 1162 1170 1221 quam
1189 1143 1258 1203 nihil
1273 1146 1321 1199 est.

260 1244 395 1313 Siccam
420 1246 581 1303 substantia
602 1244 720 1302 differre
740 1245 846 1302 dicitur
870 1244 906 1301 ab
928 1244 1124 1304 accidentibus
1146 1246 1176 1302 in
1199 1259 1233 1301 co
1254 1236 1323 1316 quod
1416 1225 1418 1234 ’

259 1345 296 1400 sit
320 1359 364 1400 res
389 1359 446 1399 non
473 1343 555 1400 alteri
579 1343 732 1399 inhaerens
754 1342 803 1399 sed
830 1359 881 1416 per
901 1359 932 1400 se
957 1324 1059 1417 stans,
1088 1342 1256 1401 differentia
1278 1335 1323 1395 illa

257 1457 310 1515 per
329 1457 359 1496 se
378 1444 460 1497 stans
481 1448 651 1513 conceptum
675 1444 750 1497 entis
771 1456 828 1498 nou
850 1441 1017 1516 egreditur3
1040 1446 1083 1499 est
1103 1444 1182 1499 enim
1205 1436 1323 1515 profecto

261 1537 371 1610 aliquid
391 1537 468 1611 qnod
489 1540 612 1611 positive
626 1538 808 1612 intelligitur3
825 1539 967 1614 quidquid
988 1545 1084 1597 autem
1106 1542 1230 1614 positive
1248 1530 1325 1595 intel·
1419 1582 1420 1599 .

261 1636 374 1710 ligitur,
392 1643 531 1710 conceptu
553 1638 628 1693 entis
649 1640 822 1695 continetur.
837 1637 1016 1712 impossibile
1035 1644 1079 1696 est
1096 1640 1188 1713 igitur
1201 1634 1326 1695 differen·

261 1735 316 1789 tlas
330 1732 405 1791 ullas
419 1736 561 1807 nancisci,
576 1750 650 1808 quae
665 1742 747 1793 extra
763 1743 934 1811 conceptum
950 1736 1025 1794 entis
1041 1742 1219 1809 repetantur3
1234 1743 1325 1807 quem·

261 1829 415 1888 admodum
445 1831 481 1890 ad
509 1848 601 1907 genus
629 1833 794 1891 haberrdum
825 1836 1028 1909 requireretur.
1060 1834 1213 1893 Praeterea
1243 1838 1324 1907 genus

261 1930 373 2002 proprie
390 1930 511 2005 dietum,
533 1948 598 1988 com
622 1932 659 1988 ad
678 1934 807 2005 singulas
831 1932 979 1990 descendit
1000 1935 1120 2008 speeies,
1145 1932 1252 1992 variari
1274 1938 1326 1983 non

261 2027 345 2085 debet
366 2029 396 2084 vi
415 2028 596 2087 differentiae
615 2030 765 2104 specificae
783 2033 812 2087 in
832 2034 894 2105 ipsa
916 2032 1033 2089 notione
1054 2034 1200 2106 generica.
1223 2028 1268 2087 Sic
1285 2036 1324 2080 ra·

260 2127 408 2184 tiooalitas
434 2128 545 2186 adiecta
570 2130 743 2187 animalitati
770 2146 827 2186 non
854 2130 1031 2189 diversificat
1055 2133 1148 2205 ipsam
1170 2125 1323 2190 animalita-

260 2233 335 2301 tem3
356 2243 441 2302 quae,
457 2229 486 2283 in
507 2234 647 2302 quantum
664 2228 742 2302 talis,
766 2231 794 2286 in
817 2230 934 2287 homine
954 2236 982 2287 et
1004 2230 1090 2288 bruto
1102 2229 1259 2289 consimilis
1272 2226 1321 2282 est.

225 2332 229 2338 '
263 2325 293 2382 ld
319 2342 376 2384 non
403 2326 507 2383 accidit
530 2326 565 2382 de
592 2328 708 2383 notione
730 2329 825 2401 entis3
853 2344 919 2386 nam
946 2328 1129 2388 differentiae
1152 2344 1226 2406 qnae
1250 2321 1323 2381 illam
1420 2339 1421 2346 ¹

260 2425 394 2500 deinceps
408 2432 568 2498 coarctant,
584 2441 646 2483 eam
666 2428 826 2482 variantia
847 2429 908 2500 ipsa
928 2429 1039 2484 ratione
1057 2429 1144 2487 entis.
1165 2428 1237 2485 Cum
1254 2419 1323 2479 enim
1420 2415 1421 2468 ὲ

260 2540 307 2580 er.
331 2541 375 2599 gr.
399 2541 449 2582 ens
473 2527 630 2599 generatim
652 2532 801 2598 acceptum
822 2527 850 2582 in
871 2541 923 2582 ens
943 2542 959 2583 a
979 2543 1009 2584 se
1033 2533 1061 2584 et
1081 2543 1133 2584 ens
1155 2526 1193 2586 ab
1211 2523 1266 2582 alio
1287 2514 1324 2572 dl·

262 2623 381 2694 viditur,
403 2623 474 2680 illud
491 2639 511 2680 o
529 2640 559 2679 sc
578 2630 608 2681 et
625 2622 663 2680 ab
683 2623 744 2681 clio
765 2639 819 2680 nan
841 2623 978 2698 relinquit
993 2623 1173 2682 consimilem
1193 2625 1221 2679 ln
1241 2613 1325 2674 subi&

262 2723 328 2794 ctis,
339 2737 413 2795 quae
427 2720 530 2794 afficit,
542 2723 688 2794 praeviam
703 2723 862 2794 notionem3
876 2722 926 2778 sed
940 2738 1003 2780 cam
1020 2723 1059 2779 lta
1075 2723 1176 2780 intime
1191 2714 1323 2795 penetrati

261 2826 294 2877 ut
313 2821 431 2875 omnino
449 2819 594 2877 diversam
617 2818 736 2878 efficiat.
761 2819 837 2877 Nam
856 2823 961 2878 entitas
980 2823 1043 2896 ipsa
1064 2822 1094 2877 in
1115 2817 1254 2879 creaturis
1279 2807 1323 2864 de·

262 2915 443 2990 pendentium
463 2915 553 2990 dicit,
576 2918 605 2972 in
627 2915 688 2973 Deo
708 2919 853 2975 viecversa
874 2918 944 2975 dicit
962 2917 1227 2992 independentiam.
1248 2898 1325 2980 Qil⁰d

262 3019 381 3070 nonest
401 3013 437 3071 de
458 3014 610 3089 generibus
629 3017 743 3089 proprie
762 3015 862 3091 dictis;
887 3016 1029 3091 siquidem
1052 3017 1242 3083 rationalitas,
1258 3013 1326 3081 (11¹³e

261 3111 437 3170 determinat
457 3112 617 3187 hominem,
639 3129 695 3170 non
716 3119 760 3171 est
783 3116 845 3187 ipsa
865 3113 1042 3189 animalitas,
1062 3113 1111 3172 sed
1135 3112 1241 3190 gradus
1259 3101 1326 3162 alter

261 3218 382 3268 natrrrae
400 3228 458 3287 qua
474 3211 635 3269 subiectum
657 3210 841 3269 informatur.

322 3310 416 3382 Quare
437 3316 593 3382 conceptus
615 3312 690 3367 entis
716 3313 829 3383 proprie
848 3327 938 3385 genus
961 3310 1017 3368 dici
1040 3311 1150 3385 nequit.
1175 3307 1236 3366 Nun
1253 3294 1323 3355 ellim

261 3415 304 3465 est
317 3409 469 3483 eiusmodi,
485 3415 517 3465 ut
532 3410 584 3482 ipsi
600 3409 741 3466 oblective
758 3409 927 3483 respondeat
943 3411 1017 3467 ratio
1030 3409 1139 3484 aliqua,
1152 3417 1226 3484 quae
1240 3401 1325 3466 aeil¹¹⁰

263 3506 348 3562 modo
361 3508 515 3563 conveniat
532 3506 793 3581 stamineorum,
808 3515 836 3564 et
853 3524 903 3580 per
918 3507 1098 3565 differentias
1113 3514 1194 3565 extra
1210 3514 1238 3557 sc
1252 3501 1323 3550 Sum·

261 3610 324 3676 ptas
353 3603 569 3661 determinetur.
595 3604 650 3662 Sed
674 3607 753 3662 natio
777 3605 897 3662 dicenda
923 3613 966 3664 est
988 3606 1161 3664 universalis
1186 3594 1321 3689 analogfl3

262 3708 403 3776 quatenus
416 3704 468 3758 etsi
484 3703 677 3760 abstractione
691 3705 795 3760 meniis
810 3703 845 3760 ael
861 3709 970 3761 tantam
987 3704 1231 3762 universalitatem
1246 3680 1321 3746 evelu

263 3802 375 3873 possit,
397 3807 428 3857 ut
451 3802 548 3858 omnia
572 3801 625 3858 sub
646 3819 680 3858 ea
703 3805 815 3860 ratione
838 3803 1091 3860 indiscriminatim
1119 3785 1320 3875 repraesentcit

263 3905 357 3953 taraco
377 3899 518 3955 obiective
540 3904 592 3972 ipsi
616 3917 672 3955 non
695 3902 845 3973 respondet
871 3904 922 3958 nisi
945 3903 1017 3958 ratio
1038 3901 1155 3958 diversa
1180 3881 1319 3951 caritatis,

266 4013 339 4069 epure
358 4004 473 4071 propter
491 3998 581 4055 solam
602 3998 771 4072 oooloptom
789 4000 961 4058 considerari
981 4007 1075 4074 potest
1093 4005 1126 4058 ut
1145 4009 1201 4056 una
1219 3981 1320 4044 eadem·
