2892 4425
211 329 249 381 is
540 332 781 377 snseursrcss
796 312 961 379 ‘semissis

143 426 148 449 ¹
207 462 266 525 que
281 450 342 521 αις
358 450 468 505 nunra
485 441 607 521 tingitur
623 460 699 520 quas
715 446 880 505 maaria
899 447 937 505 sit
954 443 1041 503 slmul
1061 450 1091 503 et
1106 445 1291 521 contingens,

208 544 380 604 mutationis
402 556 506 617 expers
530 547 560 600 et
584 544 751 618 particeps,
778 542 912 602 absduts
934 558 970 601 ex
997 541 1113 619 ulloque
1137 542 1291 620 pendens,

207 640 332 717 simplex
353 645 384 699 et
403 641 587 715 composita,
614 638 731 701 indulta
753 647 783 700 et
805 643 961 701 terminata
986 640 1153 717 limitibus,
1181 657 1242 701 una
1262 650 1292 701 et

207 737 381 815 multiplex,
403 743 492 813 atque
509 738 576 796 allls
597 740 711 814 generis
733 738 862 798 elusderd
881 730 1082 815 pugnantibus
1101 737 1173 797 idals
1196 739 1291 797 cosle·

207 850 302 896 mens.
323 835 437 895 Etenim
450 852 486 895 ea
500 829 624 911 quidem'
636 838 781 895 sententia
796 835 922 897 mundus
935 854 973 896 ex
988 851 1047 896 una
1060 840 1143 914 parta
1162 836 1291 897 mundus

206 948 270 993 esse
290 933 497 1008 nondeslnlt,
518 948 554 991 es
582 933 678 992 allus
701 931 841 1019 Beo„ad
868 933 1063 993 substantiam
1086 933 1189 993 saltem
1210 934 1291 1008 qnod

207 1032 330 1107 suma,
352 1047 412 1091 non
428 1030 572 1090 differret.
592 1029 684 1089 Notas
706 1032 795 1107 igitur
815 1038 846 1091 et
864 1030 1005 1091 attrlhutu
1022 1034 1194 1107 susciperet,
1215 1048 1291 1107 quaa

206 1129 325 1189 dlrlnae
343 1135 511 1204 competunt
530 1129 677 1202 realitatl,
700 1127 926 1205 proprietatibus
947 1129 1065 1187 retentis
1084 1144 1157 1203 quas
1178 1128 1289 1187 mundo

206 1224 325 1301 quidem
346 1226 440 1283 inesse
463 1209 644 1299 experientia
664 1226 796 1300 ratioque
815 1226 975 1283 convincit.
1001 1224 1035 1282 ld
1060 1240 1128 1283 vern
1150 1228 1292 1301 importat

207 1324 357 1384 cumulum
376 1322 460 1381 illum
478 1322 755 1399 contradictionum,
773 1339 860 1398 quem
880 1325 1010 1397 proxime
1028 1326 1267 1381 commemoravi.

265 1422 311 1481 Ac
335 1436 425 1494 sane,
443 1422 564 1479 nomine
580 1420 634 1479 liei
649 1436 702 1479 ens
720 1408 838 1497 aliquod
856 1435 1025 1496 supremum
1047 1426 1077 1479 et
1094 1422 1289 1481 necessarium

206 1525 376 1594 usurpatur,
387 1518 466 1593 quod
478 1524 582 1592 suapte
594 1518 625 1575 vi
641 1520 684 1577 lta
700 1524 809 1594 exstat,
823 1526 857 1579 nt
875 1520 902 1577 el
922 1534 981 1577 nnn
997 1524 1113 1577 excute
1135 1524 1288 1593 repugnet.

206 1615 271 1675 Nee
282 1630 352 1674 vero
363 1615 461 1689 quoad
479 1614 572 1674 solam
591 1617 775 1675 existentiam
797 1622 880 1675 ianm
894 1617 1051 1675 necessitas
1065 1616 1109 1673 illl
1129 1617 1288 1691 competlt3

206 1712 259 1771 sed
278 1713 366 1771 etiarn
388 1712 485 1787 quoad
507 1714 697 1789 proprietates
712 1729 814 1775 omnes
836 1720 866 1773 et
884 1712 1027 1773 existendi
1047 1713 1161 1788 modos,
1182 1712 1290 1788 quibos

206 1809 268 1885 lpse
281 1825 334 1885 pru
349 1816 437 1884 captu
453 1817 553 1870 nosne
565 1810 645 1870 adiel
659 1813 832 1887 concipitur.
848 1810 995 1887 Quidquid
1008 1812 1086 1869 enirn
1102 1814 1132 1869 in
1148 1826 1182 1869 co
1199 1813 1290 1885 inest,

206 1922 275 1966 curn
290 1905 328 1966 ab
337 1913 458 1967 externa
471 1924 562 1968 eausa
575 1911 728 1985 provenire
745 1916 881 1987 nequeat3
897 1914 987 1968 rmtut
1000 1914 1033 1967 ut
1046 1906 1084 1968 ab
1098 1907 1225 1967 eiusdem
1239 1922 1290 1966 na·

206 2008 275 2064 tura
287 2004 426 2065 dimanet.
442 2004 483 2065 At
495 2005 638 2082 quidquid
657 2013 800 2067 enatura
820 2005 1024 2083 proficiscitur,
1040 2005 1070 2064 ld
1089 2004 1220 2064 sublecta
1241 2019 1290 2062 ne·

206 2104 334 2163 cessado
352 2104 439 2180 inest,
457 2109 488 2163 et
504 2105 646 2179 quamdiu
663 2104 715 2164 illa
733 2111 894 2181 permanet,
909 2104 946 2163 ab
959 2122 994 2163 eo
1012 2106 1140 2179 separari
1160 2118 1218 2162 non
1237 2118 1287 2179 po

205 2205 272 2261 test.
292 2200 370 2280 Ergo
382 2219 434 2262 ens
447 2205 655 2281 necessarlum,
666 2219 770 2280 nempe
790 2203 879 2279 Deus,
893 2204 923 2262 ln
942 2204 1021 2262 omni
1040 2203 1182 2278 realitate,
1196 2217 1286 2278 quam

206 2297 306 2375 habu,
328 2301 496 2360 omnimoda
509 2301 626 2390 ,fruitur
647 2305 831 2377 necessitate,
852 2304 894 2360 ita
916 2309 948 2362 nt
965 2302 1093 2378 undique
1107 2299 1289 2360 immutabile

206 2398 246 2456 slt
260 2413 313 2457 nee
329 2401 356 2458 el
378 2399 539 2476 quidquam
559 2400 627 2458 addi
647 2403 740 2477 possit
761 2407 812 2459 aut
834 2399 959 2459 detrahl.
975 2399 1050 2458 Tum
1067 2402 1153 2458 etlam
1175 2414 1211 2458 cx
1231 2397 1287 2456 hu·

206 2495 333 2554 lnsmodi
355 2496 498 2556 existendi
519 2501 701 2573 necessitate,
729 2499 810 2578 utln
831 2496 990 2572 Theologla
1012 2494 1285 2567 demonstrabimus,

206 2593 336 2654 elnsdern
359 2611 475 2654 summa
491 2597 590 2654 unitas
613 2595 782 2670 derivatur,
797 2593 970 2670 simplicitas
989 2596 1129 2668 maxima,
1149 2594 1287 2679 ,vacuitas

206 2693 397 2768 numidius,
420 2699 508 2768 atque
528 2695 602 2752 alite
625 2694 655 2751 ld
675 2709 768 2770 genus
791 2691 981 2768 perfectiones
998 2692 1178 2750 innumerae.
1202 2689 1287 2748 linn-

206 2787 263 2848 dns
283 2792 382 2865 ltaque
404 2791 430 2848 sl
449 2789 527 2850 Deus
546 2796 643 2864 esset,
664 2792 696 2849 ln
713 2791 869 2849 enatantis
888 2795 918 2848 st
943 2787 1208 2847 modificationibus
1235 2801 1286 2843 ne·

205 2888 371 2945 casitatem
394 2886 578 2961 includeret,
604 2887 677 2946 nnlli
700 2889 806 2946 nedoni
827 2885 1029 2960 subiceretur,
1049 2885 1218 2944 mutationis
1241 2899 1286 2942 es·
1341 2893 1347 2902 ·

206 2989 252 3042 set
269 2985 390 3043 omnino
408 2998 524 3060 expers,
544 2987 655 3044 unitate
674 2987 805 3045 maxima
826 3000 861 3045 ac
880 2984 1065 3060 simplicitate
1080 2981 1219 3058 polleret,
1233 2987 1286 3056 et,

204 3080 285 3156 quod
307 3096 367 3140 nno
390 3081 479 3140 verbo
509 3083 611 3140 ornnla
631 3082 854 3158 complectitur,
881 3080 1088 3157 perfectionem
1122 3076 1287 3138 absolutam

188 3228 190 3231 .
206 3193 225 3236 a
246 3177 387 3244 limitibus
403 3181 574 3238 contineret.

265 3275 356 3353 Atqui
369 3277 498 3336 viclaslm
513 3291 674 3357 nemolnon
693 3278 773 3336 vldat
785 3278 927 3337 mundum
942 3277 1046 3337 lustrnl
1062 3271 1286 3350 proprietatibus

71 3445 78 3452 ⁵
205 3376 359 3433 contrariis
373 3375 493 3432 omnino
507 3377 555 3450 lis,
567 3390 641 3451 quas
660 3377 867 3436 recensuimus.
885 3377 918 3435 ln
934 3377 1035 3450 primis
1050 3376 1128 3432 enim
1144 3370 1285 3430 mundum

205 3473 421 3549 contingentem
441 3488 525 3548 esse,
550 3487 609 3531 non
633 3475 852 3548 necessarium,
877 3489 947 3548 prae
972 3474 1036 3532 loce
1059 3473 1122 3546 ipsa
1150 3469 1283 3528 collucet.

204 3569 288 3642 Quae
299 3571 377 3628 enlm
392 3571 584 3646 repugnantia
596 3572 627 3628 ln
642 3570 744 3630 mundi
758 3586 909 3646 nunquam
922 3571 1073 3630 existentis
1089 3571 1206 3634 notione
1219 3581 1287 3624 con-

206 3667 350 3742 spicitur?
365 3665 424 3725 llut
445 3682 521 3742 quae
539 3666 720 3744 absurditas,
744 3669 769 3726 sl
794 3669 908 3744 aliquae
929 3670 992 3728 elus
1012 3673 1109 3743 partes
1129 3664 1286 3724 demantur

205 3770 235 3822 et
249 3771 385 3842 pereant3
404 3764 523 3842 quando
538 3781 640 3824 omnes
658 3765 789 3824 eumdem
809 3771 929 3825 naturae
947 3765 1144 3824 conditionem
1163 3761 1284 3837 habent,

157 3867 162 3878 ‘
207 3867 294 3938 atque
312 3861 377 3922 ideo
395 3863 475 3939 quod
495 3862 532 3922 de
551 3863 675 3940 slngulls
692 3862 818 3939 dicitur,
844 3863 880 3922 de
904 3869 967 3923 toto
987 3853 1075 3922 etiam
1097 3860 1286 3920 indicandum

208 3959 276 4018 esti
288 3959 350 4019 Nee
362 3962 460 4021 minna
475 3962 708 4036 contingentiam
728 3960 885 4036 praesdert
903 3965 933 4020 in
948 3957 1227 4031 modificationibus3
1250 3959 1288 4015 sl-
