2892 4425
230 370 287 424 tii
555 377 794 422 umbraminis
810 350 984 422 'sarcinare-

291 494 360 546 120.
382 486 427 546 Ne
443 487 481 546 dc
492 485 590 546 Gallia
603 489 754 563 sileamus,
769 486 879 564 aliquid
894 489 1038 563 attingam
1052 487 1089 546 de
1101 475 1220 566 origine
1228 490 1313 551 idea·

231 601 310 660 rum,
324 583 473 645 aVlctore
489 582 599 646 Conna
615 587 794 661 excogitata,
805 588 854 643 cul
873 599 980 662 magna
999 601 1037 644 ex
1056 591 1140 664 parte
1159 601 1315 648 consmse·

231 686 302 742 runt
319 681 519 742 rationaiistae
537 687 681 757 quotquot
697 696 735 741 ex
756 683 820 741 cius
837 680 939 741 schola
957 681 1139 757 prodierant.
1161 683 1191 742 ls
1208 685 1312 760 igitur,

231 780 492 840 transcendemus
517 779 719 855 philosophiae
742 793 848 856 magna
870 796 907 838 cx
928 785 1011 855 parte
1035 781 1196 854 praeceptis
1216 779 1314 839 imbu-

188 897 193 900 ·
231 883 292 953 tos,
308 879 438 938 idearum
453 879 597 954 originem
611 877 816 954 explicaudm
835 877 920 936 duxlt
935 891 972 936 ex
990 878 1167 936 revelatione
1182 877 1311 954 quadam

232 977 356 1035 radonis
372 977 587 1052 impersonalis,
607 991 640 1034 se
659 974 745 1034 nobis
763 989 814 1050 par
829 976 1072 1050 spontaneltatern
1092 975 1311 1036 manlimtante.

232 1071 376 1147 opinator
399 1075 477 1132 enim
502 1073 635 1131 idearum
656 1073 789 1130 omnium
812 1071 966 1130 exordium
993 1077 1023 1130 et
1046 1073 1130 1147 qnasi
1159 1087 1259 1130 semen
1280 1075 1312 1131 in

234 1175 304 1228 actu
319 1168 445 1244 quadam
466 1169 676 1245 intelligentiae
694 1175 868 1244 spontaneo,
886 1167 1008 1226 liberam
1027 1168 1213 1227 reflexionem
1231 1177 1313 1228 ante·

234 1273 377 1343 vehente,
396 1268 508 1342 reponi,
527 1281 580 1342 per
598 1281 686 1342 qoem
701 1281 737 1325 ea
753 1267 918 1326 intueamur
935 1281 1011 1342 quac
1030 1267 1119 1332 ilatio
1138 1267 1191 1326 illa
1208 1269 1313 1342 imper·

234 1363 344 1423 sonalls
368 1362 455 1422 nobis
479 1361 602 1422 contuse
625 1361 804 1421 manliestat.
830 1361 864 1420 ln
889 1375 925 1420 eo
949 1367 1046 1421 summ
1070 1369 1138 1422 actu
1159 1369 1311 1439 tamquam

234 1461 389 1535 manta,
412 1459 524 1520 oblecta
544 1461 603 1518 tria
620 1459 786 1519 delitescere
806 1460 867 1520 alt:
889 1458 1051 1520 subiectum
1074 1437 1206 1536 cogl'tans
1227 1477 1313 1520 mun·

235 1555 348 1631 dasque
365 1557 514 1629 exterior,
538 1559 690 1632 utrimque
715 1571 806 1616 caum
830 1569 933 1632 ucrnpa
955 1555 1057 1632 Deus,
1085 1562 1173 1638 alque
1194 1557 1311 1618 illorum

236 1650 375 1712 adhunc
395 1651 509 1712 matio.

686 1849 868 1920 comitatio.

300 2053 369 2106 lto.
389 2045 437 2106 hd
456 2043 604 2122 schelling
622 2047 701 2123 qnod
719 2049 844 2124 attinet,
866 2051 929 2108 elus
947 2053 1144 2108 commentum
1165 2049 1212 2109 his
1233 2065 1315 2124 prae·

237 2144 322 2221 cipue
343 2147 523 2223 argumentis
543 2113 683 2206 {elicitum
705 2146 731 2203 l.
747 2145 954 2205 intellectualis
973 2146 1024 2205 iila
1042 2148 1170 2223 intuitio,
1191 2163 1250 2223 qna
1262 2161 1315 2205 nos

238 2242 277 2301 ad
295 2242 462 2303 absolutum
481 2243 737 2320 contemplandum
755 2244 839 2303 evehi
855 2244 971 2315 asserit,
986 2250 1015 2303 et
1033 2260 1107 2319 quac
1123 2246 1315 2304 conscientiae

238 2353 297 2396 non
321 2337 487 2417 subiicitur,
510 2342 710 2400 commentitia
731 2340 851 2418 prorsus
873 2347 917 2401 est
939 2348 968 2400 et
988 2342 1025 2401 ad
1048 2342 1201 2401 arbitrium
1224 2340 1313 2400 conil-

239 2441 298 2493 cta.
318 2434 351 2495 Sl
368 2438 445 2495 enirn
465 2439 660 2497 conscientiae
678 2453 736 2496 non
760 2438 905 2513 subditur,
925 2455 983 2514 quo
1006 2446 1090 2514 pacto
1108 2452 1172 2497 eam
1190 2440 1252 2513 lpse
1268 2436 1315 2496 de·

238 2534 332 2593 texit?
355 2532 491 2593 Proiecto
517 2548 593 2610 quae
615 2538 714 2593 animo
737 2539 859 2611 insunt,
881 2536 1074 2595 conscientiae
1099 2536 1248 2595 subiacere
1266 2534 1315 2593 dc·

238 2629 320 2708 beot3
333 2634 375 2691 lta
387 2638 432 2708 ut,
448 2632 552 2693 saltem
568 2647 636 2691 carn
651 2626 788 2692 volume
801 2638 832 2691 et
844 2632 999 2709 diligenter
1012 2632 1201 2709 attendimus,
1215 2646 1315 2691 eorum

238 2728 424 2789 existentiam
441 2730 594 2789 advertere
610 2729 773 2803 ualeamus,
788 2729 961 2791 Praesertim
976 2730 1005 2790 ld
1022 2730 1178 2791 dicendum
1191 2736 1236 2789 cst
1249 2744 1316 2789 curn

155 2866 158 2873 .
240 2826 337 2900 agitor
358 2826 397 2885 de
418 2829 602 2904 perceptione
624 2828 764 2903 primaria
786 2835 815 2887 et
833 2828 1063 2904 fundamentali,
1089 2830 1120 2887 ln
1137 2842 1196 2904 qna
1216 2832 1246 2886 et
1266 2841 1318 2902 per

239 2936 328 2996 qaam
349 2922 408 2981 alia
424 2928 524 2983 omnia
544 2924 658 2984 oblecta
678 2924 866 3000 percipienda
884 2928 954 3003 sint,
976 2924 1221 3001 quemadmodum
1234 2913 1317 2983 'acci-

238 3018 285 3077 dit
302 3020 450 3078 intuitioni
468 3021 505 3079 de
520 3036 579 3095 qua
597 3020 760 3096 loquimur.
777 3022 840 3095 Qua
855 3024 885 3081 in
903 3038 934 3081 re
951 3022 1210 3105 considerationem
1229 3036 1319 3080 mere

239 3120 289 3175 tur
306 3117 485 3176 instauratae
499 3116 701 3192 philosophiae
720 3134 914 3195 progressus,
939 3120 990 3195 qui
1016 3120 1157 3195 incipiens
1177 3134 1229 3195 per
1247 3118 1317 3178 Gar·

238 3216 345 3273 tcslnrn
363 3212 402 3273 ab
418 3215 646 3293 exaggeratione
662 3216 869 3292 consolantiae,
883 3231 963 3275 nunc
982 3232 1034 3293 par
1051 3216 1317 3275 hanscendentales

238 3313 271 3370 ln
290 3310 419 3371 eiusdem
439 3313 624 3391 nogptlonem
645 3314 831 3373 terminator.
851 3312 1148 3390 11.Notloabsolntl,
1166 3328 1255 3389 qnam
1271 3328 1319 3371 ex-

239 3408 331 3484 hibet,
351 3409 431 3469 aliud
453 3410 585 3485 prolecto
601 3426 661 3468 non
680 3410 782 3486 refert,
801 3411 857 3469 nisi
876 3408 1002 3469 informe
1019 3409 1130 3485 aliquid
1147 3416 1177 3469 et
1194 3409 1318 3469 indeter-

239 3509 395 3584 minatam,
411 3508 490 3584 quod
509 3507 688 3568 contundere
706 3522 774 3567 cnm
793 3506 854 3566 Deo
872 3509 1039 3583 implumet
1056 3506 1215 3566 absurdum
1236 3513 1281 3566 est
1296 3510 1317 3564 ¹.
1438 3484 1439 3513 ³

299 3697 382 3746 tiore
398 3696 494 3759 optimc
515 3696 709 3745 commentitiam
728 3694 792 3744 lianc
816 3694 923 3745 absoluti
942 3692 1099 3743 intuitionem
1122 3689 1319 3753 aScbeliingio,

239 3778 328 3827 nature
345 3780 504 3841 repugnante,
522 3776 650 3827 obtrusum
668 3775 824 3839 reprehendit
839 3776 966 3825 llamilton
984 3774 1020 3825 sic
1036 3773 1164 3835 inquiens:
1183 3792 1195 3814 a
1210 3772 1237 3824 l:
1248 3772 1320 3821 labd-

240 3879 252 3903 «ι
270 3860 322 3908 tion
342 3859 374 3908 de
390 3858 493 3909 i'absolu
513 3862 551 3909 eat
570 3857 736 3907 evidcmment
757 3858 780 3907 le
796 3854 897 3919 produit
917 3854 991 3905 d’une
1009 3852 1159 3903 abstraction
1176 3850 1321 3909 arbitraba,

240 3958 254 3982 ι
270 3938 345 3989 d’one
364 3939 525 4002 imagination
540 3938 584 4001 qui
598 3951 625 3987 aa
639 3939 736 3999 irompc
750 3935 894 4004 clientelae.
912 3937 978 3985 Pour
996 3933 1093 3983 obtnair
1105 3944 1133 3981 ce
1144 3930 1214 3994 point
1229 3928 1261 3978 de
1272 3928 1322 3979 l'in·

32 4006 37 4022 ’
114 4031 118 4037 ·
241 4017 402 4070 «diacono
421 4020 522 4072 absolue
541 4031 584 4081 prr
599 4016 779 4079 lantramno,
800 4029 831 4066 on
853 4016 947 4066 norrun
967 4018 993 4066 oc
1006 4014 1028 4063 o
1047 4012 1128 4075 sunjos
1148 4014 1173 4061 et
1189 4009 1274 4071 raom
1291 4008 1322 4059 oc
1438 4008 1439 4021 ¹
