2892 4425
338 420 414 465 PARS
433 419 547 464 Tantis
568 433 580 448 ·
601 417 782 464 'automata
805 417 982 462 nltuabbis
1140 409 1196 463 357

121 531 163 592 At
180 533 205 591 si
225 529 362 590 riliomm
383 546 481 618 rerum
501 530 646 605 tenuitas,
661 545 710 587 eas
731 528 848 588 divinae
863 527 1110 588 administrationi
1131 529 1198 604 sub-

56 639 63 649 '
121 627 266 703 traberet3
287 625 365 686 idem
383 627 420 685 de
440 625 695 685 excellentioribus
714 625 871 685 dicendum
892 632 983 702 esset,
1003 641 1078 701 quae
1098 642 1199 702 quam-

122 741 212 802 quam
232 724 447 799 nobilissimae,
462 724 578 782 inllnlta
598 731 695 782 tamen
716 723 933 799 intercapedine
953 722 1088 792 adivina
1106 723 1198 799 peric

122 826 219 883 odone
237 822 401 882 discedant.
424 822 458 881 ld
476 827 574 880 antem
593 837 686 897 neque
704 822 761 897 ipsi
778 815 947 880 adrbrsario
965 821 1037 880 baec
1051 820 1198 881 obiicienti

123 923 245 982 arridet.
487 980 488 983 ,
874 939 879 948 ·

182 1019 358 1094 Exemplum
374 1032 444 1077 vero
457 1018 533 1094 regis
547 1015 669 1076 hnmani
687 1020 841 1100 paritatem
859 1017 970 1076 nullam
988 1009 1102 1076 retinet.
1124 1015 1199 1075 Nam

124 1117 248 1191 principi
274 1123 390 1175 terreno
414 1130 486 1174 cura
515 1131 613 1174 rerum
643 1117 765 1173 minoris
793 1117 931 1173 momenti
958 1131 1016 1173 non
1043 1117 1201 1192 congruit,

123 1219 277 1289 propterea
294 1212 374 1289 quod
393 1215 430 1271 iis
451 1212 595 1271 distentos
616 1227 634 1270 a
654 1214 823 1288 graviorum
848 1212 1031 1286 providentia
1051 1211 1201 1290 impedire·

124 1319 184 1372 tur.
207 1310 247 1370 m
267 1311 298 1369 id
318 1319 447 1386 respectu
469 1311 521 1370 Dei
542 1328 600 1369 non
623 1311 720 1386 valet,
742 1315 792 1387 qui
815 1310 928 1369 inlinita
950 1310 1145 1386 intelligentia
1167 1325 1201 1369 ac

124 1408 302 1486 perfectione
324 1405 449 1485 gandet3
471 1409 594 1484 ideoque
616 1409 736 1484 perinde
762 1407 883 1467 infinitis
909 1407 995 1467 rebus
1020 1406 1200 1483 providendo

124 1523 179 1584 par
203 1513 268 1582 est,
289 1509 374 1582 qnasi
399 1522 490 1566 unam
516 1506 671 1566 dumtaxat
694 1506 923 1566 administraret.
949 1505 1084 1565 Ceterum
1111 1507 1198 1564 etlam

125 1603 223 1680 quoad
233 1593 342 1680 'regem
355 1603 518 1663 humanum
543 1603 647 1678 (modo
664 1619 739 1680 quae
758 1605 853 1679 magis
867 1606 1013 1662 intersunt
1031 1618 1090 1661 non
1109 1602 1200 1679 negli-

126 1699 250 1776 gantur)
275 1715 309 1759 eo
330 1704 524 1776 praestantius
543 1703 600 1759 erit
616 1703 762 1778 regimen,
778 1709 836 1778 quo
854 1702 918 1778 plus
936 1704 998 1761 eius
1019 1700 1202 1778 providentia

126 1797 164 1856 ad
184 1797 270 1873 plura
288 1796 357 1856 licet
376 1800 484 1874 exigna
504 1799 705 1873 protendatur.

187 1892 284 1952 0blic.
299 1894 340 1952 ll.
362 1893 393 1953 Sl
414 1897 513 1954 omnia
525 1895 578 1954 Del
592 1903 665 1955 nutu
686 1901 902 1976 contingerent,
918 1915 1136 1975 supervacanea
1157 1915 1201 1957 es·

127 1995 172 2049 sat
190 1991 270 2049 circa
289 1996 470 2067 negotiorum
485 1999 608 2051 eventus
621 2009 690 2052 cura
705 2011 741 2053 ac
756 1995 919 2054 sollicitudo
934 1997 1075 2055 bumana.
1098 1997 1134 2054 ld
1150 2011 1203 2054 au·

7 2083 12 2086 ’
127 2095 186 2147 tem
207 2104 266 2147 non
286 2089 374 2149 modo
393 2091 589 2165 experientiae
613 2089 803 2166 adversatur,
827 2108 927 2151 verum
949 2098 1037 2152 etiam
1059 2092 1200 2152 desidiam

129 2203 165 2248 ac
183 2194 329 2264 torporem
350 2189 505 2266 ingereret.
527 2188 606 2266 Ergo
625 2188 703 2249 Deus
723 2205 783 2249 non
805 2197 890 2253 curat
910 2193 1019 2251 omnia.

188 2284 364 2361 despondeo
385 2285 591 2364 distinguendo
614 2290 674 2347 sic:
697 2288 919 2365 Supervacanea
941 2296 1019 2351 essct
1038 2288 1203 2349 sollicitudo

128 2384 236 2457 nimia,
252 2385 336 2458 quasi
358 2400 455 2443 reram
475 2387 572 2444 exitas
589 2401 627 2443 ex
647 2386 801 2460 prudentia
815 2394 929 2446 mnium
950 2387 1080 2446 bumana
1100 2386 1204 2463 ponde

127 2486 188 2552 ret,
202 2478 346 2555 largimur
365 2482 460 2557 ultro;
476 2482 641 2541 sollicitudo
660 2487 838 2561 temperata,
854 2484 1061 2561 distinguimus
1078 2486 1201 2542 iterum:

128 2576 160 2662 Sl
180 2576 235 2637 Dei
254 2577 439 2654 pmvldentia
459 2580 619 2639 bnmanam
640 2580 696 2639 sibi
717 2580 877 2640 subiectam
901 2582 1085 2658 excluderet,
1107 2581 1202 2640 denuo

7 2704 11 2709 -
125 2675 332 2753 concedimns;
353 2680 399 2736 sin
421 2676 498 2737 banc
517 2694 576 2737 non
597 2678 729 2739 excludit
748 2678 798 2739 sed
819 2680 907 2739 infert
927 2682 1041 2756 potius,
1063 2676 1203 2757 negamus

126 2775 259 2833 omnino.

189 2870 231 2931 llt
250 2872 369 2933 divinos
390 2870 520 2934 influxus
540 2888 600 2935 non
620 2876 725 2937 adimit
742 2885 904 2938 creatarum
924 2894 1078 2939 oausamm
1101 2879 1203 2936 activi-

127 2976 235 3044 tatem,
257 2971 308 3029 scd
329 2974 413 3031 iurat
432 2980 520 3049 atqne
540 2974 776 3050 adoperandum
799 2977 953 3052 adsciscit,
975 2979 1018 3037 sic
1037 2976 1089 3035 Dei
1109 2976 1205 3051 prori-

127 3065 230 3125 dentia
250 3084 308 3127 non
329 3070 408 3129 tollit
431 3086 532 3130 curam
557 3072 709 3132 bominum
733 3082 763 3134 et
782 3074 984 3153 vigilantiam,
1005 3076 1056 3134 sed
1078 3074 1206 3151 exquirit

128 3162 364 3243 modemturqbe.
386 3168 466 3229 licus
487 3171 564 3228 enlm
588 3174 642 3230 etsi
668 3152 805 3251 detiopot
824 3190 842 3233 o
857 3174 923 3249 Jine
942 3190 1032 3250 usquc
1053 3170 1095 3231 od
1109 3172 1205 3249 finam
1249 3244 1253 3251 .

120 3258 261 3338 sortiter,
278 3272 374 3323 tamen
396 3266 527 3345 disponit
547 3272 647 3328 omnio
667 3274 810 3331 suaviter.
832 3272 930 3344 Quare
947 3273 1067 3329 omnino
1089 3270 1151 3328 uult
1172 3276 1205 3328 ut

127 3360 211 3418 iuxta
232 3376 416 3421 communem
437 3382 534 3424 rarum
552 3367 684 3425 ordinem
704 3368 883 3427 adminicula
905 3369 1033 3427 humana
1047 3366 1084 3425 ad
1099 3366 1203 3439 linem,

26 3459 29 3468 '
126 3472 214 3533 quem
236 3460 434 3537 intendimus,
455 3462 646 3523 adhibeamus
670 3472 700 3523 et
726 3466 909 3541 vigilantiam
930 3472 959 3523 et
984 3466 1131 3524 solertiam
1153 3480 1205 3523 no·

127 3562 220 3615 stram
242 3574 440 3623 exerceamus.
463 3559 539 3619 Dum
560 3568 658 3620 tamon
673 3562 702 3621 id
716 3562 842 3622 facimus
860 3565 936 3621 sieut
955 3563 1074 3623 vitanda
1095 3570 1140 3621 est
1159 3562 1206 3621 de·

127 3652 235 3729 sidies,
257 3656 298 3713 lta
318 3672 434 3733 quoque
454 3658 592 3717 cavenda
608 3667 652 3717 est
673 3662 869 3735 intemperans
891 3661 1075 3737 sollicitudo,
1097 3667 1126 3719 et
1146 3676 1204 3717 me·

128 3752 223 3808 morlo
243 3768 329 3827 saepe
349 3757 552 3831 repetendum,
568 3756 636 3816 linis
657 3758 840 3832 adeptionem
861 3775 918 3816 non
939 3766 999 3817 tam
1018 3775 1054 3818 ex
1077 3758 1205 3816 humana

128 3848 362 3927 machinatione,
383 3870 471 3927 qnam
492 3870 527 3913 ex
549 3854 603 3913 llei
624 3856 747 3913 consilio
767 3862 797 3913 et
817 3857 967 3915 uoluntate
988 3858 1132 3932 pendere,
1153 3858 1204 3930 qul

126 3960 339 4019 saepenumero
359 3957 390 4008 ut
411 3951 570 4010 humanam
595 3953 761 4027 superbiam
786 3954 939 4028 rotundat,
962 3954 999 4011 ad
1022 3954 1094 4011 alios
1119 3952 1205 4030 longe

126 4041 259 4103 diuersos
285 4036 381 4105 exitus
408 4064 453 4106 res
479 4033 595 4108 nostras
620 4049 721 4125 ducit,
744 4066 832 4126 quam
860 4052 1010 4109 honrinum
1035 4050 1205 4111 consiliari
