2892 4425
249 407 251 411 .
463 369 540 413 raas
560 367 664 413 auin
683 383 698 397 ·
717 366 931 413 cosucnnsri'
1194 363 1230 416 ia

147 476 291 553 quamn
311 482 411 537 ssent
426 492 577 553 sanemus
600 478 743 554 imagines
763 476 847 537 nubis
866 477 904 539 sd
925 477 1106 541 illudendum
1127 478 1228 541 obnu-

148 590 209 633 see.
223 573 266 634 At
285 589 355 634 vero
374 574 452 635 lietu
466 574 611 635 mendum
629 581 731 635 auctor
750 591 813 637 esse
826 592 886 636 non
900 582 1112 653 potsst3‘esset
1129 584 1228 639 eutem

148 670 292 733 mendacii
318 678 432 748 auctor,
460 674 507 746 si,
530 672 701 747 corporibus
724 688 784 733 non
807 674 1011 751 exstantibus,
1034 675 1178 735 eiusmodi
1195 677 1228 735 in

149 786 203 830 nus
227 773 425 845 perceptiones
445 773 626 831 immitteret.
648 770 799 846 Perceptin
821 774 900 831 enim
923 775 964 831 rei
984 788 1059 849 quas
1079 788 1140 833 nun
1163 780 1228 849 αἱ,

149 867 278 928 salutate
297 874 444 945 turpatum
471 868 586 928 ieisitus
608 884 678 927 vern
700 868 888 929 mendacium
905 872 1012 929 munds
1036 878 1092 931 set.
1108 872 1152 931 iia
1174 873 1229 949 igi·

149 970 198 1023 tur
221 967 359 1040 opinione
380 966 459 1025 Dens
482 966 520 1025 ad
543 982 672 1025 araurem
693 972 723 1026 et
745 965 783 1025 ad
805 967 990 1027 rnsndacium
1007 982 1062 1027 nos
1084 968 1226 1028 flecteret.

149 1062 245 1121 immo
266 1065 356 1130 etium
376 1063 508 1124 ebsoiute
524 1066 706 1124 mentiretur.
737 1064 782 1123 Ex
803 1068 910 1123 nature
928 1066 1006 1123 anim
1029 1064 1158 1140 puniente
1180 1082 1229 1125 co·

150 1162 244 1237 gnitio
267 1160 359 1221 vetuti
376 1162 520 1223 nuturuiis
543 1161 689 1238 quaedem
707 1161 761 1221 Dei
782 1162 922 1221 revelatio
940 1168 1001 1238 est,
1024 1178 1083 1239 qua
1096 1178 1231 1225 sumnum

151 1257 201 1320 iiie
221 1261 377 1320 vmttatum
398 1260 464 1319 inus
491 1262 578 1337 quasi
599 1259 757 1335 disciptim
778 1275 832 1319 nos
855 1259 979 1335 imbuit,
1000 1266 1089 1337 etque
1110 1260 1149 1320 ad
1180 1275 1229 1320 co-

133 1357 350 1434 gnoscendum
370 1363 400 1417 et
422 1356 612 1417 indicendum
633 1356 762 1416 edducit.
789 1356 820 1417 Si
841 1358 932 1433 igitur
952 1357 991 1417 ed
1015 1372 1050 1417 ce
1074 1356 1230 1434 mgimnda

152 1470 205 1515 nos
224 1454 367 1531 adigeret,
383 1470 459 1531 quse
476 1454 559 1515 nuiia
575 1458 661 1532 sunt,
678 1451 791 1515 doctori
811 1460 888 1514 most
907 1454 1024 1529 simiiis,
1041 1456 1091 1531 qui
1113 1462 1231 1515 contra·

153 1553 228 1611 rium
247 1554 323 1626 eins,
336 1552 417 1628 pund
435 1554 525 1612 sentit
543 1551 714 1628 aequatum
734 1554 890 1611 autetiam
910 1558 1012 1612 testem
1027 1555 1231 1629 aequiperaret

152 1651 202 1726 qui
220 1664 284 1709 rem
302 1650 400 1725 aliter,
422 1666 514 1726 quarn
533 1650 675 1725 evenerit,
696 1656 813 1709 enarret
833 1650 911 1710 aitis.

212 1745 275 1807 Nec
295 1746 535 1807 Meiebranobius
559 1753 697 1806 occurrat
716 1748 852 1824 inquiens
873 1748 904 1807 id
922 1748 1041 1809 diuinae
1064 1751 1230 1825 potentiae,

153 1859 229 1920 quoe
253 1843 291 1903 ad
310 1847 412 1904 omnio
428 1844 625 1920 protenditur,
649 1860 708 1903 non
721 1859 903 1923 repugnare.
923 1845 1000 1905 Nam
1017 1845 1125 1922 oppido
1136 1862 1231 1922 repn-

152 1946 225 2017 gnat
239 1944 388 2016 potentiae
409 1943 440 1999 in
459 1941 531 2017 Deo,
547 1942 627 2018 qnod
643 1948 787 2018 repugnet
805 1944 967 2002 veracituti.
986 1942 1120 2004 Potentia
1139 1946 1231 2019 enim,

151 2044 311 2115 utcumque
329 2038 447 2099 induite
462 2042 514 2115 sit,
532 2041 564 2098 in
580 2045 684 2098 mutuo
704 2040 904 2115 pugnantibus
921 2056 980 2099 non
997 2047 1147 2115 versutum
1163 2047 1233 2100 sunt

153 2116 253 2196 aufem
273 2142 378 2196 mutuo
400 2138 583 2214 pugnantia,
607 2122 685 2214 qnae
708 2136 855 2196 edivinia
880 2137 1047 2211 discrepent
1071 2137 1229 2197 eunucus.

153 2232 239 2292 Unde
257 2233 400 2310 quidquid
419 2234 537 2296 divinae
560 2237 710 2295 veracitati
733 2234 926 2309 adversatur,
951 2233 1027 2292 idem
1051 2236 1190 2294 continuo
1216 2251 1234 2304 e,

153 2329 337 2406 possibilium
353 2330 421 2392 dno
436 2320 567 2409 expungi
583 2332 685 2408 debet,
708 2337 797 2408 etque
819 2330 929 2390 idcirco
947 2331 1064 2390 divinae
1084 2334 1233 2406 potentiae
1314 2327 1317 2335 ‘

154 2429 302 2490 nbiemum
320 2445 385 2491 esse
404 2446 464 2490 non
483 2437 593 2506 potest.

214 2525 257 2586 it
274 2533 377 2604 urget3
393 2527 468 2587 nibil
488 2528 539 2587 bic
559 2527 678 2587 divinae
695 2526 810 2586 deuehi
829 2528 997 2601 ueredteti3
1013 2541 1081 2586 narn
1095 2541 1233 2586 sensuum

153 2638 251 2698 emor,
271 2625 303 2682 in
315 2639 370 2684 sua
388 2624 557 2702 hypothesi,
575 2625 771 2700 corrigeretur
789 2638 808 2682 s
824 2629 934 2682 mento.
953 2622 1063 2682 Verum
1084 2624 1234 2698 inprimis

154 2722 277 2782 sonitum
297 2724 417 2781 omnino
434 2729 480 2782 est
499 2723 530 2781 vi
550 2725 639 2781 unius
659 2720 809 2782 incutiatis
831 2737 886 2780 nos
901 2721 1040 2779 inoiinare
1054 2721 1092 2780 ed
1111 2720 1233 2798 iudicia,

154 2833 231 2894 quae
253 2817 389 2894 dunceps
417 2820 447 2877 ui
477 2818 596 2878 citerius
625 2819 806 2894 repudianda
827 2820 898 2878 sint.
929 2818 1040 2878 Deinde
1058 2819 1114 2878 hoe
1137 2819 1234 2895 ipsum

156 2913 265 2974 iaisum
286 2921 417 2990 apparet.
450 2915 525 2975 Nam
549 2922 666 2975 tuntum
690 2915 774 2976 obest
796 2922 829 2976 nt
850 2917 926 2976 retio
950 2915 1105 2988 decernet,
1131 2931 1235 2978 sensus

156 3011 275 3072 iuiieccs
295 3029 373 3089 use,
396 3013 467 3073 dum
489 3014 590 3074 ualent
610 3020 641 3073 et
663 3014 871 3090 impedimenta
895 3019 1054 3090 caventur3
1082 3019 1116 3073 ut
1139 3016 1235 3088 potius

155 3113 335 3180 momerium
355 3111 444 3187 plane
469 3111 569 3172 dictet.
596 3112 729 3189 Denique
753 3114 778 3171 si
808 3114 839 3170 in
864 3112 998 3172 sensibus
1014 3115 1069 3171 rite
1087 3111 1236 3186 dispositis

156 3207 286 3266 dmenda
309 3205 442 3284 deceptio
466 3214 531 3282 cst,
560 3225 613 3268 cur
639 3209 803 3268 nunidem
829 3209 866 3268 dc
892 3212 1004 3268 rctione
1029 3208 1235 3283 suspicandum

155 3301 343 3384 eritililoete
369 3306 485 3366 nuiium
505 3306 644 3366 idoneum
665 3313 873 3384 argumentum
899 3307 999 3368 aiierri
1019 3312 1137 3383 potest,
1156 3305 1235 3381 qnod
1330 3333 1337 3342 ’

155 3401 222 3460 alib
240 3401 431 3463 facultatibus
449 3406 480 3462 in
498 3404 655 3464 discrimen
672 3404 807 3480 adductis
827 3407 1027 3480 exceptionem
1046 3421 1100 3480 pro
1115 3418 1175 3464 une
1189 3405 1235 3464 uei

156 3497 248 3557 uioera
272 3502 439 3560 convincat.
467 3500 577 3560 Omnes
601 3503 680 3560 enim
704 3501 900 3578 cognoscendi
925 3503 1003 3560 uires
1025 3497 1158 3577 seques
1183 3517 1236 3560 nu·

156 3581 223 3654 tura
244 3594 330 3654 nobis
353 3596 479 3656 tributee
499 3605 588 3673 sunt;
609 3604 698 3674 Qus
714 3598 781 3672 ideo
802 3600 903 3674 nequit
922 3599 1022 3675 atique
1044 3598 1235 3672 iabeiucturi,

156 3694 228 3767 puin
248 3693 324 3752 aiiee
343 3709 446 3754 omnes
472 3695 685 3770 periclitentur.
1340 3681 1344 3688 ’

215 3787 258 3848 Ut
271 3790 361 3864 igitur
375 3797 581 3868 argumentum
598 3791 785 3867 concludam,
801 3795 936 3867 proxima
948 3794 1023 3852 ratic
1038 3806 1113 3868 quae
1127 3805 1237 3866 reprae-

157 3887 335 3944 sentationes
352 3901 508 3963 corporum
528 3885 661 3946 innubis
681 3887 819 3964 explicet,
840 3904 933 3965 neque
948 3889 998 3948 Dei
1017 3887 1154 3948 uoluntas
1173 3903 1238 3946 csse
1308 3905 1318 3917 “

157 3985 275 4056 potest,
301 3990 501 4057 nequeuntis
519 3984 593 4042 iiber
612 3983 735 4042 subiecti
755 3987 931 4061 cogituntis,
952 4001 1045 4060 neque
1068 3983 1159 4041 enimi
1183 3997 1238 4041 ua·
1360 4051 1362 4056 ,
