2892 4425
329 377 408 424 ΜΒ
426 377 540 424 mm
559 393 571 408 ·
589 373 771 424 mowdld
792 376 969 424 M'fflltfflfl
1132 373 1188 426 82¹

113 491 192 570 Ergo
210 489 362 568 augmenti
374 487 526 565 quidpiam
543 494 598 549 aut
616 485 795 548 decrementi
809 489 955 566 suscipere
972 503 1122 568 nunquam
1140 507 1191 567 po-

115 593 192 666 teet3
214 603 299 649 renue
318 585 434 678 intinito
452 586 564 663 niiqeid
585 588 682 647 maius
709 591 797 646 ereet.
824 585 957 665 Denique
978 587 1056 648 Dene
1076 603 1193 649 summa

113 687 299 764 simplicitate
311 685 436 764 gnudet3
448 699 485 746 ex
500 700 560 762 quo
571 683 608 745 tit
620 691 655 746 ut
667 684 743 744 nihii
759 683 798 746 ab
810 699 847 745 eo
861 684 962 749 divelli
977 693 1029 747 nnt
1044 687 1082 748 ad
1095 689 1192 764 ipenm

114 782 324 861 eompiendum
343 781 482 844 amedera
498 783 601 858 poerit.
615 783 696 844 liene
710 784 801 861 igitur
815 783 847 842 in
861 781 964 842 eodem
981 799 1094 860 temper
1113 791 1191 846 etate

114 886 292 958 pmwumat,
320 895 375 940 nee
396 879 449 940 etii
472 895 603 957 uuquam
624 895 712 940 verne
731 882 885 940 mutationi
906 879 1071 940 rubiioitur.

175 979 273 1058 neque
295 977 370 1040 irnee
389 993 449 1040 non
475 978 513 1038 de
534 976 659 1057 phyatea
672 984 807 1054 nutum,
836 977 888 1039 ned
910 979 947 1038 de
968 977 1072 1038 morali
1104 981 1191 1040 etiarn

114 1080 277 1139 mutatione
295 1076 484 1154 intelligenda
495 1084 589 1138 eunt.
611 1076 735 1137 Horatia
754 1079 833 1136 enim
855 1077 980 1136 mutatio
999 1079 1031 1137 in
1053 1075 1110 1136 hoe
1129 1091 1192 1136 eer-

115 1176 208 1253 nitur,
222 1181 258 1236 ut
278 1175 417 1236 voiuntaa
436 1175 534 1252 quoad
554 1173 700 1236 obiectum
721 1174 813 1251 idern,
833 1179 864 1236 et
888 1172 945 1235 aub
964 1173 1069 1236 iisdem
1091 1174 1193 1234 eondi-

114 1273 244 1334 tionibm
268 1274 452 1350 imperium,
479 1275 510 1355 tp
535 1276 714 1334 eontrarium
743 1278 941 1334 eonvertatur.
972 1273 1057 1346 Quod
1075 1271 1192 1348 quidem

116 1385 155 1431 ax
176 1372 374 1432 inanimantia
390 1371 491 1449 aitqua
510 1371 559 1431 rei
577 1372 695 1431 innuitia
715 1370 840 1431 volentis
859 1371 1001 1430 exoritur.
1016 1368 1052 1428 In
1075 1375 1192 1430 tantum

115 1471 195 1529 enim
218 1485 289 1546 noe,
314 1469 440 1546 exe-pti
460 1472 573 1547 grate,
590 1469 669 1547 quod
687 1475 757 1529 ante
777 1469 931 1544 uniemur,
956 1467 1062 1528 deinde
1081 1468 1193 1542 respui·

116 1583 202 1643 mns;
219 1568 288 1643 quin
301 1573 354 1628 ant
371 1566 533 1628 mobilitate
551 1568 645 1626 animi
657 1567 805 1644 ducimur,
823 1572 876 1626 aut
893 1565 1032 1636 adiuncta
1048 1563 1193 1642 quaedem

116 1668 149 1728 io
175 1666 290 1727 obieeto
310 1665 492 1745 dompmea,
513 1683 590 1745 quae
612 1672 700 1728 antea
720 1665 940 1744 ignorabamus.
968 1666 1010 1727 At
1031 1681 1101 1726 uero
1123 1681 1193 1726 neu·

115 1769 196 1826 tum
214 1765 272 1826 iroe
291 1767 396 1826 vitium
416 1768 447 1824 in
465 1764 560 1826 Deum
578 1764 676 1841 eadit5
695 1763 838 1840 etquidem
855 1762 933 1822 Deus
947 1762 1065 1823 infinita
1084 1769 1114 1822 et
1132 1763 1193 1822 ein·

117 1863 269 1924 oertedmn
287 1862 378 1939 poiiet
394 1861 585 1940 perfeetione,
600 1877 654 1922 neo
672 1862 839 1939 ignorantia
857 1859 919 1920 nitu
939 1855 992 1920 'aut
1010 1861 1101 1920 animi
1121 1859 1193 1919 leui·

116 1965 179 2022 tate
198 1960 322 2022 iebornt.

180 2066 249 2120 ist.
271 2059 394 2136 Verum,
406 2058 498 2123 ¹dieet
519 2057 639 2134 aliquio,
654 2055 803 2136 quomodo
826 2057 949 2116 mutatio
965 2056 1060 2115 omnis
1080 2056 1195 2114 interne

117 2172 138 2218 a
157 2155 218 2218 Deo
237 2157 426 2233 nonomen
442 2155 539 2233 nene,
552 2161 588 2216 ut
604 2153 787 2233 probandum
806 2156 863 2214 erit
877 2153 1013 2231 inter-ine,
1035 2151 1108 2212 iiber
1129 2153 1194 2212 eati

116 2255 257 2317 Proiecto
276 2253 395 2315 libertae
414 2252 644 2315 indifferentiam
663 2252 823 2330 quemdam
848 2252 904 2312 eibi
929 2250 1082 2326 vindieat,
1107 2256 1202 2327 etque

115 2354 151 2415 in
164 2354 221 2413 iroe
240 2353 383 2428 euerritur,
396 2352 477 2429 quod
493 2367 585 2430 agene
597 2352 674 2412 reite
693 2356 747 2411 aut
764 2350 843 2412 noiie
859 2348 1019 2425 obiectum,
1034 2354 1087 2409 unt
1105 2350 1194 2409 edum

116 2450 159 2513 eir
181 2456 306 2528 utroque
324 2454 394 2511 netu
411 2464 518 2511 vaenue
533 2451 636 2526 poerit
658 2448 752 2515 ierus
772 2450 862 2525 igitur
881 2446 1001 2525 quidm
1023 2449 1053 2505 in
1068 2446 1129 2507 lieo
1148 2462 1195 2507 re·

115 2550 199 2610 tione
214 2548 358 2609 libertatis
373 2564 437 2609 eeee
453 2554 550 2626 poteet
568 2547 617 2609 rei
640 2546 761 2623 abraae,
775 2546 854 2623 qnod
873 2552 951 2607 eerte
972 2546 1117 2605 internam
1141 2544 1195 2604 eii·

116 2660 209 2724 quam
225 2645 315 2705 interi
330 2647 532 2707 mutationem.

179 2742 402 2818 Respondemne
426 2746 548 2803 minime
572 2759 628 2805 noe
649 2742 775 2803 tudetem
800 2741 877 2803 hane
903 2738 1107 2801 difficulatem
1131 2754 1198 2799 eree
1283 2740 1288 2751 '

117 2844 303 2918 maximam,
322 2856 399 2919 quae
422 2842 454 2901 in
467 2840 527 2903 hae
548 2843 673 2902 materia
694 2839 807 2901 nitendi
827 2841 938 2917 poreit3
958 2853 1051 2915 aeque
1076 2852 1196 2897 moven-

116 2946 170 3000 tur
188 2940 376 3017 sommum,
396 2956 463 3001 eum
484 2942 540 3001 etei
560 2956 619 3001 non
639 2938 739 3013 verbio
759 2954 790 2999 re
810 2944 910 2999 umen
928 2936 1061 2999 diuinam
1079 2934 1196 2997 liberta·
1315 2970 1319 2979 ·

117 3043 180 3097 tem
205 3054 224 3098 e
247 3038 346 3099 medio
369 3036 494 3115 peiinnt.
523 3037 580 3099 Sed
608 3036 808 3115 imprudenter
830 3043 861 3097 et
885 3042 1003 3096 temere.
1027 3034 1094 3095 Non
1117 3036 1195 3095 enim

118 3137 190 3211 quta
211 3135 289 3198 dona
307 3138 463 3214 verium,
488 3152 564 3213 qnae
584 3136 735 3195 evidenter
757 3134 1019 3211 demonstrentur,
1041 3132 1197 3193 eoneiiinre

118 3233 197 3292 tuter
221 3248 253 3293 ee
276 3232 354 3294 torta
372 3236 439 3311 qnia
457 3236 585 3310 neeeiat3
603 3233 713 3293 ideireo
735 3234 781 3293 ine
806 3230 895 3291 habet
918 3229 1068 3291 inficiandi
1088 3230 1195 3289 aiteru-
1273 3244 1278 3255 ’
1327 3282 1329 3290 ,

116 3336 206 3391 trnrn
237 3329 427 3393 Petierimum
452 3347 525 3392 uero
546 3347 614 3391 eum
632 3332 671 3389 in
697 3330 750 3391 Dei
777 3330 899 3388 seientia
927 3334 1078 3401 verentur,
1112 3328 1197 3385 nimi·

119 3444 187 3489 unm
215 3431 247 3489 iu
276 3430 521 3506 oontemptatione
552 3429 684 3503 obiecti,
707 3427 786 3504 quod
817 3428 871 3485 etei
899 3442 918 3485 n
948 3423 1032 3485 nobie
1060 3426 1198 3501 eognoeei

119 3526 220 3604 aliqua
241 3543 279 3587 en
298 3532 381 3604 parte
399 3530 512 3603 poenit,
531 3526 779 3605 undiqnetamen
799 3522 1017 3599 comprehendi,
1039 3529 1091 3582 eut
1115 3522 1199 3598 piene

119 3623 261 3700 explicari
282 3640 344 3684 uon
367 3629 473 3701 potest.
501 3624 578 3684 Vere
597 3624 724 3684 enimin
744 3621 802 3681 hoe
821 3636 907 3681 aenan
931 3619 1010 3679 Deus
1036 3618 1130 3679 locem
1151 3622 1197 3677 in·

121 3718 245 3781 habitat
259 3720 510 3796 immotabilem,
526 3736 616 3798 qnam
635 3720 688 3797 qui
707 3721 797 3779 nimie
812 3716 950 3779 audacter
966 3720 1090 3777 serutari
1113 3716 1196 3789 uelit,

119 3816 289 3879 hebetante
310 3823 403 3881 adem
421 3820 491 3879 tude
512 3818 629 3879 referet.
654 3817 837 3893 Quapropter
860 3818 886 3876 ei
908 3817 1038 3891 radoni,
1058 3816 1106 3874 eui
1134 3812 1197 3889 iege
1325 3796 1333 3807 ’

119 3915 244 3977 unturde
262 3915 446 3995 aubiieimnr,
471 3932 573 3993 parere
594 3914 741 3976 volumno:
764 3914 807 3973 aie
831 3911 868 3973 de
887 3912 1131 3974 exeeitentieeima
1143 3908 1199 3993 liei

120 4022 228 4079 natura
246 4016 426 4077 dimmamne
445 4020 581 4092 oportet;
599 4020 632 4075 ut
654 4011 798 4091 quidquid
821 4010 860 4072 ad
878 4010 1084 4088 perfeetionem
1109 4009 1196 4084 perti-

225 4130 229 4135 ·
264 4113 330 4178 tot.
340 4112 389 4175 11.
1020 4114 1054 4165 ti
