2892 4425
446 382 523 425 PARS
544 380 661 423 stetin
682 395 694 408 ·
716 378 935 423 rsicaoeoeit
1168 370 1224 422 125

151 511 216 554 rum
232 510 250 553 a
264 491 348 550 uobis
365 491 582 568 distinctorum,
596 490 642 549 rei
660 490 790 565 eorporis
810 491 839 547 in
861 486 1023 548 nobiseum
1048 489 1146 546 enims
1157 503 1225 546 oon·

151 591 243 649 iuneti
263 588 434 649 ntieetiones
452 588 580 665 attingit.
607 587 663 645 Hie
682 587 719 667 de
733 588 827 662 prima
849 592 962 645 tantum
982 584 1127 643 distinctis
1143 598 1225 660 pera·

152 686 272 763 graphis
292 686 480 746 disseremus.

236 1075 422 1133 Cortdttiones
439 1074 482 1129 ed
498 1070 704 1128 sensibilitatis
721 1073 860 1126 eeteruae
878 1084 961 1125 usum
979 1070 1145 1140 requisitae.

213 1272 394 1334 Sensibiiites
414 1277 534 1331 externa
554 1270 682 1346 quinque
704 1272 821 1327 onustat
838 1266 987 1327 sensibus:
1011 1268 1088 1342 visu,
1112 1264 1230 1342 auditu,

153 1371 280 1446 olineto,
301 1375 387 1447 gustu
411 1375 441 1427 et
460 1374 554 1444 iaetu,
573 1382 698 1443 quornm
716 1367 803 1442 primi
824 1372 951 1441 quattmr
974 1365 1166 1424 determinato
1185 1379 1231 1423 or·

154 1482 233 1545 geno
251 1472 384 1541 utuntur;
400 1471 563 1541 postremus
585 1469 647 1523 toto
659 1480 780 1539 oorpore
801 1463 884 1523 insus
903 1469 958 1540 est,
972 1464 1002 1522 in
1025 1460 1156 1539 partibus
1171 1478 1229 1522 uon

153 1566 242 1626 modo
263 1568 393 1625 externis
413 1580 514 1623 verum
535 1565 624 1622 etiam
645 1564 779 1622 internis.

215 1661 430 1720 Proditnramn
447 1660 580 1719 sensibus
599 1662 742 1720 sotionem
761 1658 976 1721 conditionibus
991 1656 1166 1735 quibusdem
1181 1672 1231 1715 na-

152 1764 222 1819 tura
240 1757 408 1832 adstrinxit,
428 1773 552 1833 quarum
572 1760 668 1833 primu
684 1763 730 1815 est
747 1764 781 1817 ut
795 1773 907 1834 organo
928 1762 987 1817 sint
1004 1760 1059 1819 rite
1076 1756 1229 1833 disposita3

127 1854 297 1931 ‘siquidem
318 1858 512 1914 instmmenta
533 1862 603 1914 sunt
625 1854 663 1913 ad
682 1854 764 1914 iiiam
787 1855 978 1915 enereendam
999 1857 1173 1931 necessarie,
1187 1855 1231 1914 ri·

153 1956 228 2012 tinto
252 1959 349 2011 nutem
373 1955 568 2011 instrumento
592 1968 646 2011 nee
667 1954 744 2012 sotio
767 1954 973 2013 convenienter
999 1956 1098 2031 peregi
1124 1959 1231 2029 potest.

155 2051 233 2110 liine
246 2050 351 2109 noeidit
364 2066 412 2108 en.
428 2064 473 2126 gr.
489 2055 523 2108 ut
540 2052 590 2127 qui
609 2050 732 2109 humore
745 2051 843 2126 aliquo
859 2049 1005 2111 suiiusam
1023 2050 1165 2128 pupilium
1180 2050 1231 2110 ha·

155 2148 236 2224 beat,
255 2149 282 2207 is
299 2147 358 2206 aiio
374 2162 464 2226 mam
482 2162 584 2207 resera
604 2152 674 2207 sunt
693 2148 790 2207 ooiore
807 2146 887 2207 aifiei
905 2146 1018 2207 obieeta
1038 2147 1146 2206 videet.

216 2245 317 2305 Aitera
329 2244 468 2322 conditio,
483 2252 563 2305 arete
581 2261 650 2304 oum
667 2246 815 2321 superiore
828 2259 971 2321 eonnexe,
987 2261 1021 2305 ea
1035 2250 1089 2321 est,
1107 2249 1143 2304 ut
1155 2244 1233 2304 obie-

156 2349 238 2404 etum
255 2345 285 2401 in
302 2355 413 2420 organa
434 2343 568 2402 idoneam
592 2344 808 2419 impressionem
830 2347 972 2401 esereeat.
996 2340 1088 2418 quue
1111 2341 1232 2400 munite·

157 2445 237 2499 stum
256 2446 301 2499 est
319 2455 357 2500 en
375 2455 423 2516 ea,
440 2439 519 2516 quod
539 2442 597 2500 nisi
617 2440 764 2501 obiectum
783 2455 918 2517 praesens
937 2441 976 2499 sit
993 2445 1081 2514 atque
1104 2439 1146 2496 ite
1168 2453 1234 2512 pro·

155 2539 317 2614 pinquum,
338 2543 372 2596 ut
389 2536 511 2596 induere
531 2540 564 2597 in
590 2539 719 2597 sensorio
737 2541 844 2614 possit3
868 2538 950 2596 nuiie
971 2535 1054 2595 nobis
1072 2536 1234 2594 innascitur

156 2633 299 2693 sentiendi
312 2637 401 2694 aetio.
416 2635 548 2711 itemque
561 2649 771 2712 nonnunquam
785 2640 902 2711 propter
916 2614 1036 2694 nimiam
1055 2633 1159 2692 obiecti
1174 2633 1235 2690 vim

158 2727 284 2790 laeditur
308 2746 451 2808 omnnem
471 2738 559 2808 etque
572 2749 590 2792 n
604 2734 722 2808 proprie
748 2735 957 2807 temperatione
979 2730 1161 2790 distrahitur.
1189 2728 1237 2790 Sie

158 2842 228 2887 eum
248 2830 314 2905 quis
334 2829 428 2888 nudos
446 2830 546 2889 oeaios
566 2832 598 2888 in
614 2829 705 2889 solem
726 2829 871 2906 intendit,
892 2829 1048 2906 perstringi
1070 2829 1160 2886 aciem
1186 2843 1236 2885 ex·

157 2925 269 2999 peritur
288 2931 376 3002 etque
395 2926 549 2986 humentes
568 2928 710 2985 exsieeari
734 2933 845 3001 peries.
872 2926 951 2985 Haeo
977 2942 1048 2985 vero
1068 2925 1236 3000 contingere

158 3020 291 3096 pmieeto
304 3038 363 3081 uon
384 3029 515 3098 possent,
529 3026 556 3082 si
568 3023 714 3083 obiectum
736 3027 878 3082 notionem
894 3024 1004 3084 nuliam
1020 3029 1159 3082 exereret.
1179 3022 1238 3080 Ra·

158 3118 202 3176 tio
220 3124 316 3177 eutem
336 3135 390 3178 our
409 3121 549 3179 eiusmodi
571 3121 702 3180 indunus
724 3125 907 3198 requiratur,
929 3122 1002 3180 haee
1022 3121 1103 3180 reddi
1123 3125 1236 3195 potest:

159 3213 239 3289 quod
252 3232 354 3277 sensus
367 3233 418 3291 per
433 3234 495 3277 sese
509 3217 547 3276 ad
564 3218 641 3277 hane
656 3220 781 3280 niinmve
795 3235 856 3278 rem
871 3217 1086 3294 percipiendam
1101 3219 1139 3276 sit
1153 3217 1239 3293 piane

159 3311 343 3371 indifferens.
361 3314 457 3386 Quare
474 3332 509 3374 en
529 3313 632 3374 obiecti
649 3309 811 3390 praesentia
831 3322 895 3392 eget
915 3315 1118 3390 determinari,
1140 3315 1170 3371 in
1191 3328 1237 3371 ee·

160 3424 218 3485 que
237 3416 283 3468 est
304 3413 378 3471 ratio
391 3411 542 3470 sufficiens
562 3413 707 3471 obieetive
729 3415 901 3472 sensationis
917 3420 946 3472 et
965 3429 1054 3472 esuss
1074 3428 1126 3471 eur
1147 3427 1239 3471 unum

161 3506 306 3566 obtentum
335 3509 517 3583 praenitere
543 3509 764 3569 sentiatur.·Ut
784 3511 860 3569 enim
890 3510 926 3568 de
945 3512 1050 3585 quevis
1074 3509 1240 3584 cognitione

160 3605 310 3676 proprium
331 3611 387 3680 est,
405 3608 541 3680 quemvis
556 3607 684 3666 ritaiites
702 3609 827 3667 notionis
846 3607 976 3682 procedit
994 3622 1011 3665 a
1030 3605 1174 3681 subierim
1197 3621 1241 3663 re·

161 3701 403 3771 praesentetionis
427 3707 549 3778 tamen,
575 3720 633 3778 qua
655 3706 732 3762 eetio
752 3705 802 3763 iiie
827 3703 1015 3779 informatur,
1036 3703 1240 3762 determinatio

160 3795 292 3868 procedit
312 3797 350 3856 ab
370 3797 484 3857 obiecto
502 3799 581 3874 quod
601 3803 694 3874 ipsam
724 3807 791 3860 netu
819 3801 976 3876 possident.
999 3799 1075 3858 Hine
1102 3805 1182 3874 petet
1203 3797 1240 3855 ud

161 3894 357 3953 sensationem
378 3895 553 3972 gignendam
575 3899 633 3956 triu
652 3912 838 3956 eoneurrere:
856 3899 915 3955 vim
934 3877 1081 3969 sensium,
1096 3909 1239 3970 organum

163 3987 217 4044 rite
238 3989 424 4066 dispositum,
444 3990 549 4052 obiecti
572 3997 730 4070 praesentis
752 3993 907 4054 tudunum.
