2892 4425
232 372 268 421 18
410 421 422 437 ⁸
558 374 798 419 ΙΙΉΙΙΠΒΙΕΑΙ
819 376 981 422 emittit

228 502 286 563 que
303 486 370 561 pius
397 499 467 544 rere
490 484 570 544 retio
593 483 723 575 velitum
745 490 810 561 est,
827 502 916 563 quem
936 500 1013 548 vene
1031 490 1191 569 ccviiieti03
1213 499 1308 557 vereri

229 586 350 643 minime
371 598 528 660 possumne
552 597 591 641 ne
609 582 766 643 sensiiibus
790 586 1047 664 perceptionibus,
1066 605 1143 665 quoe
1167 592 1249 651 reim
1266 596 1310 654 in-

222 688 391 742 strumente
409 697 445 746 ne
466 679 612 756 moeridis
630 680 777 758 quedem
799 681 837 741 ed
859 684 1031 743 exteriorem
1054 685 1198 747 muudum
1218 692 1309 751 inter-

228 779 406 838 noscendum
427 778 512 838 nobis
524 777 657 842 ,uibnmc
676 796 696 839 e
716 785 824 839 uetere
845 786 927 856 suut,
948 780 1062 841 obiectu
1084 784 1166 843 uuile
1189 802 1308 865 respen-

229 876 328 935 dcent.
342 877 408 949 Quo
427 881 514 952 pecto
526 882 624 937 entem
641 876 757 937 obieeta
777 876 926 939 sensibiiie
943 880 1189 957 internoscemus,
1207 891 1308 945 utrum

229 974 397 1034 immediate
414 989 453 1034 eu
473 974 571 1033 medie
590 977 776 1050 perceptione
797 974 1045 1037 modiiicntiouum
1065 978 1307 1057 subiectiverum,

229 1072 259 1131 ii
282 1074 313 1130 in
333 1071 530 1151 Psycheiogie
550 1072 707 1132 videndum
728 1075 794 1134 erit.

288 1170 384 1230 Obiie.
398 1170 453 1229 111.
475 1170 624 1245 suspicari
644 1157 800 1245 possumus¹
819 1171 856 1230 de
871 1172 1000 1249 meiiguo
1018 1172 1118 1250 aliquo
1133 1176 1231 1251 genio,
1255 1180 1306 1253 qui

229 1284 284 1328 uns
305 1268 342 1328 de
365 1267 510 1328 industrie
532 1269 563 1327 in
586 1269 790 1344 cognoscendo
815 1268 953 1344 decipiet.

289 1366 378 1441 [terp.
402 1365 485 1440 Nepo
504 1372 699 1441 aemmpmm.
721 1366 1002 1427 ‘terriculamentum
1030 1368 1086 1427 hoc
1115 1370 1224 1444 puerile
1249 1376 1306 1431 est.

228 1462 413 1523 Facultatum
433 1464 511 1520 mim
528 1461 721 1538 mgnuseerrdi
743 1464 898 1540 veracites,
919 1467 981 1523 rive
994 1464 1030 1523 de
1048 1464 1176 1531 Auctore
1189 1472 1308 1529 nostroe

228 1566 351 1620 neurree
368 1561 530 1637 cogitemus
552 1561 616 1619 sire
642 1576 715 1636 non,
744 1567 809 1621 rete
842 1568 872 1621 et
901 1561 1021 1623 indubie
1039 1562 1169 1638 profecto
1192 1574 1304 1627 menet.

228 1657 305 1717 Nem
322 1658 349 1716 si
361 1658 398 1717 de
411 1656 463 1715 illo
478 1658 653 1734 cogitemus,
667 1658 776 1734 ambigi
794 1662 895 1736 nequit
909 1660 982 1736 quin
996 1662 1176 1745 eprineipio
1189 1678 1305 1722 summe

228 1753 307 1814 bono
325 1770 362 1814 ee
379 1756 567 1815 renensium
586 1760 685 1815 ortum
704 1756 861 1833 ducemus,
880 1774 899 1817 e
920 1772 979 1834 quo
996 1774 1051 1818 uec
1067 1760 1099 1817 in
1112 1775 1239 1820 errorem
1259 1762 1306 1822 in·

227 1852 309 1929 duci,
323 1868 377 1912 nee
394 1851 565 1929 decipientis
579 1853 732 1913 cuiusdam
748 1856 825 1931 genii
840 1854 966 1915 ludibrio
985 1858 1114 1932 permitti
1136 1872 1303 1933 possumus.

227 1949 281 2010 Sin
300 1948 339 2011 eb
361 1966 398 2010 eo
415 1957 554 2011 evocetur
577 1953 738 2028 cogitetis»,
763 1950 820 2011 hoc
840 1958 938 2011 tumen
962 1960 1079 2013 rneneet
1104 1970 1221 2015 necesse
1241 1961 1305 2031 est,

227 2047 381 2109 {mmmm
410 2054 526 2107 nmtres
549 2055 655 2125 suapte
681 2051 714 2108 vi
737 2051 768 2109 in
799 2050 1000 2125 cognoscendo
1025 2066 1085 2110 non
1105 2051 1201 2129 decipi
1218 2071 1228 2129 ς
1248 2055 1307 2114 uisi

227 2146 399 2205 mecedem
419 2153 576 2224 naturam,
592 2152 625 2206 ut
642 2124 732 2224 s'npre
751 2147 837 2225 dixi,
854 2148 1007 2225 repudium
1025 2150 1152 2211 velimus
1173 2156 1262 2228 utque
1273 2152 1305 2210 iu

227 2246 388 2305 ementem
408 2245 510 2306 buberi
529 2261 663 2306 numero.
687 2246 784 2322 Atque
804 2247 834 2304 iri
856 2248 965 2322 optime
985 2249 1064 2306 enuit
1084 2253 1206 2325 nature,
1229 2263 1306 2326 quse

227 2344 271 2402 eie
290 2345 421 2403 euimum
441 2350 575 2405 nostrum
596 2347 790 2422 comparavit
812 2350 858 2421 ut,
880 2345 995 2404 etiamsi
1017 2359 1169 2420 conemur,
1190 2351 1303 2422 temen,

227 2439 266 2532 ⁸5¹
284 2439 397 2502 iactum
417 2442 498 2519 quod
519 2445 656 2519 pertinet,
671 2443 709 2502 dc
729 2441 903 2503 certitudine
920 2441 1101 2502 obiectorum
1123 2441 1303 2502 evidentium

103 2553 108 2562 ’
227 2554 332 2600 revere
357 2545 485 2601 manem
513 2556 702 2618 nequeamus.
723 2540 809 2616 Quod
836 2543 877 2600 ite
904 2541 1026 2600 insitum
1048 2542 1154 2616 cuique
1177 2545 1242 2618 ost3
1270 2545 1304 2600 ut

227 2639 284 2714 ipsi
303 2639 463 2715 ideebstee,
484 2639 563 2717 iicet,
584 2639 656 2700 dum
673 2649 745 2700 suos
763 2638 876 2700 iibeiios
897 2638 951 2698 soii
975 2637 1142 2714 lucubrum,
1163 2638 1235 2698 teitu
1253 2654 1303 2696 er·

132 2723 135 2726 ⁴
227 2744 384 2814 oggerent3
402 2743 514 2814 temen,
533 2751 601 2798 enm
624 2756 643 2799 e
663 2737 816 2798 scribendo
836 2753 867 2797 se
888 2743 1050 2813 removent,
1065 2735 1103 2795 ed
1119 2751 1304 2796 communem

227 2842 389 2896 ceterorum
409 2834 562 2895 hominnm
583 2838 759 2896 sententium
779 2833 909 2894 redeant.
929 2835 1024 2908 Adeo,
1039 2849 1109 2910 pree
1129 2834 1190 2892 suis
1210 2837 1304 2910 syste-

227 2931 367 3009 metibus,
383 2936 505 2991 uetnmc
520 2931 650 2992 bonitate
668 2933 837 2993 vincuntur.
856 2932 941 3006 Quod
962 2934 986 2991 si
1005 2933 1164 2992 extimum
1182 2931 1304 3008 maligui

228 3030 353 3090 nitentur
372 3031 451 3106 genii
468 3030 595 3105 prudens
615 3029 742 3090 incidere
755 3036 855 3106 posset
875 3029 1029 3106 dubitatio,
1050 3029 1181 3088 idemne
1201 3033 1304 3089 contre

227 3128 323 3202 ipsum
337 3127 590 3187 biniebmnobinm
603 3127 714 3188 veisa
727 3130 835 3204 etinm3
850 3130 958 3204 quippe
972 3145 1046 3188 cum
1054 3143 1108 3203 pro
1121 3143 1177 3187 sue
1188 3141 1306 3204 quoque

226 3225 403 3285 revelatione
423 3224 503 3285 iliius
524 3221 647 3286 ireudes'
662 3227 760 3286 timeri
782 3233 911 3302 possem.
937 3225 988 3286 Sin
1010 3241 1080 3286 vern
1094 3225 1133 3284 ed
1150 3224 1230 3284 huuc
1247 3223 1305 3300 pei·

227 3323 347 3383 tendum
365 3325 500 3383 timorem
519 3324 664 3400 principie
677 3325 799 3385 retiuuls
822 3325 969 3384 evidentia
988 3323 1045 3385 sibi
1064 3328 1217 3399 suppetere
1240 3321 1304 3382 bie·

227 3421 414 3482 iebrencinius
428 3419 576 3497 affirmem
591 3437 677 3482 eccur
694 3439 750 3482 nos
763 3425 853 3482 etiem
870 3421 997 3499 idipsum
1017 3437 1072 3498 pm
1085 3435 1223 3481 sensuum
1242 3435 1305 3482 cer

226 3518 352 3581 titudine
369 3519 465 3580 dicere
484 3520 695 3597 prohibemur?
1107 3509 1113 3518 ’

286 3615 381 3677 obite.
403 3617 665 3678 lustramentum
684 3618 829 3680 eertitnrln
849 3618 886 3677 de
900 3617 1055 3678 existentis
1076 3630 1232 3693 corporum
1254 3611 1305 3672 be·

228 3715 365 3793 bommr,
383 3715 420 3776 iu
434 3717 620 3792 potissimum
635 3718 818 3794 contingeret
831 3714 869 3777 de
891 3730 1022 3791 corpore,
1049 3716 1098 3774 eui
1117 3715 1234 3774 animer
1255 3724 1306 3768 nc

226 3818 288 3874 ster
307 3817 480 3876 coniunctus
500 3821 557 3875 est.
580 3815 622 3875 At
641 3815 698 3875 boc
718 3813 827 3875 salsum
853 3813 981 3873 ridetur.
1006 3811 1124 3872 Accidit
1142 3810 1221 3869 enim
1241 3821 1304 3867 see·

227 3928 386 3987 peuumem
404 3920 439 3974 nt
456 3915 503 3973 eui
518 3912 672 3973 bruchium
698 3911 745 3971 vei
760 3910 818 4000 etia
836 3927 904 3987 pers
926 3912 1056 3987 corporis
1077 3912 1228 3985 nnputctn
1247 3908 1304 3978 eet,

227 4009 254 4068 is
279 4009 457 4080 doloremne
475 4011 516 4070 ibi
538 4012 745 4087 persentiscere
767 4013 913 4086 opinetur.
937 4010 1030 4069 Immo
1057 4010 1146 4068 etiem
1170 3999 1305 4064 nonnulli
