2892 4425
179 346 187 355 '
238 352 278 402 uu
566 354 808 399 unaunusrcn
828 354 991 401 erneisus
1021 392 1025 401 .

237 419 476 545 aspernandam
491 462 543 523 sed
561 468 672 541 creato,
685 464 765 541 quod
785 466 904 525 nomlm
922 464 977 524 Del
991 472 1138 545 operetur,
1153 484 1204 529 sea
1226 470 1321 533 lacni.

238 570 300 625 tate
323 564 380 639 ipsi
405 577 423 622 a
446 561 508 620 lieo
534 560 613 619 faeta
631 568 750 638 propter
774 561 864 621 finem
891 578 977 637 quem
1004 562 1082 623 Deus
1105 572 1219 641 praeter
1239 570 1321 629 ardi-

237 676 306 719 nem
327 659 392 719 vait
411 665 442 719 et
461 659 499 717 ad
518 674 605 735 quem
626 660 864 737 consequendum
886 666 1019 721 creatura
1038 662 1089 721 illa
1109 670 1223 739 praeter
1243 666 1321 725 ordi-

236 773 305 817 nem
325 758 428 816 utitur.

296 863 347 913 lo.
368 853 545 915 Germanum
561 855 695 915 miraculi
710 856 859 915 notionem
873 864 1036 937 peryertere
1050 861 1146 917 conati
1160 866 1231 919 sunt
1246 876 1320 919 non-

236 951 328 1028 nulli,
348 956 382 1011 ut
400 967 468 1011 eam
487 946 583 1011 dorbia
604 951 817 1028 relinquerent,
833 953 884 1013 sed
905 971 935 1013 re
956 954 1116 1015 demerent.
1143 957 1222 1029 Quos
1240 958 1319 1017 inter

236 1047 360 1126 Spinoua
380 1052 504 1124 eminet,
520 1051 570 1125 qul
592 1054 673 1108 ratus
695 1054 818 1109 naturae
833 1049 911 1125 leges
926 1054 1097 1126 neutiquam
1112 1054 1217 1111 matari
1232 1070 1320 1130 posse

236 1162 291 1207 nee
309 1164 439 1224 unquam
461 1146 626 1223 praepediri
646 1145 693 1221 (nt
718 1162 786 1207 eum
818 1146 958 1207 iatailsmi
984 1149 1119 1209 delirium
1148 1150 1316 1230 adigebat),

236 1246 382 1320 consulto„
390 1252 419 1304 et
432 1245 468 1305 de
482 1245 627 1306 industria
647 1244 823 1304 miraculum
844 1247 887 1305 sic
907 1246 1070 1325 descripsit,
1090 1258 1123 1310 ut
1136 1266 1203 1309 cum
1220 1254 1318 1311 insue-
1401 1308 1403 1313 .

234 1345 275 1404 us
294 1343 447 1403 effectibus
467 1342 519 1401 sed
538 1342 722 1402 naturalibus
741 1342 827 1417 plum
847 1344 1048 1405 contunderet.
1063 1345 1116 1405 litt
1134 1350 1213 1407 enim
1231 1351 1317 1408 mira·

234 1440 335 1500 culum
354 1456 413 1500 non
427 1456 491 1499 esse
508 1439 602 1515 aliud,
623 1455 712 1515 qnam
728 1455 801 1515 opus
815 1447 951 1518 naturae,
965 1445 1049 1501 ouius
1063 1460 1181 1507 causam
1197 1452 1318 1507 natura·

236 1537 294 1596 lem
307 1536 441 1614 exemplo
454 1536 574 1597 alterius
587 1539 630 1597 rel
644 1536 748 1598 solitae
762 1538 908 1614 explicare
929 1556 988 1599 non
1008 1556 1165 1615 possamus
1187 1546 1209 1601 ¹.
1235 1544 1318 1616 Quae

234 1635 413 1711 descriptio,
431 1641 468 1694 at
495 1638 680 1711 perspicuam
707 1652 759 1711 per
779 1652 810 1695 se
831 1642 886 1713 est,
908 1638 990 1696 miris
1011 1644 1039 1697 et
1060 1641 1181 1698 insuetis
1201 1644 1317 1700 eventi-

235 1733 292 1795 bus
311 1748 382 1792 suae
398 1734 545 1808 congruit,
565 1736 617 1809 qul
642 1748 702 1790 non
724 1732 802 1809 quod
831 1740 966 1793 naturam
992 1735 1146 1811 excedant,
1174 1736 1225 1796 sed
1245 1740 1318 1814 qula

119 1892 127 1898 ,
235 1830 380 1891 naturalis
391 1828 559 1888 eorumdem
580 1845 670 1889 causa
688 1832 849 1890 intuentem
871 1831 952 1907 latet,
967 1832 1076 1891 idcirco
1091 1834 1316 1895 admirationem

235 1931 418 2006 ingenerant.
442 1927 476 1987 la
491 1927 623 1986 camdem
638 1929 760 1987 omnino
771 1930 963 2005 seutentiam,
980 1936 1014 1989 nt
1030 1937 1107 1990 recte
1132 1938 1215 1991 notat
1230 1932 1314 1993 Wol-

163 2060 167 2068 ·
235 2025 304 2103 aas,
319 2028 375 2085 ivit
389 2024 498 2101 Loclre,
512 2028 563 2101 qul
582 2026 712 2085 decernit
732 2022 905 2085 miraculum
920 2042 982 2085 esse
997 2030 1193 2101 operationem
1213 2045 1316 2105 quarn·
1348 2101 1355 2115 1

234 2126 303 2185 dam
323 2126 354 2182 in
372 2140 477 2197 sensus
496 2130 713 2199 occurrentem,
742 2138 817 2199 quae
837 2140 903 2182 cum
930 2127 1100 2200 spectatoris
1120 2132 1237 2201 captum
1262 2144 1315 2187 ex·

234 2229 352 2300 saperet
374 2225 525 2299 ipsiusque
550 2223 688 2296 opinione
710 2224 810 2281 cursui
836 2228 959 2286 naturae
983 2224 1142 2282 constituto
1166 2227 1317 2285 contraria

234 2325 286 2399 sit,
310 2321 349 2381 ab
368 2337 403 2380 eo
422 2335 476 2397 pro
495 2319 597 2379 diatim
609 2318 735 2379 babetur
752 2322 776 2377 ⁹.
797 2319 857 2378 Nec
876 2321 1000 2379 multam
1027 2320 1109 2380 abest
1122 2322 1257 2382 Clarkins
1272 2325 1316 2382 in-

234 2421 338 2497 quiens
358 2419 533 2479 miraoalnm
559 2417 699 2478 effectum
720 2433 786 2476 esse
809 2424 949 2477 consueto
975 2425 1098 2477 naturae
1122 2419 1218 2478 ordini
1243 2435 1314 2478 con·

148 2557 153 2566 ·
233 2520 370 2594 trariam,
391 2533 410 2576 a
430 2523 536 2576 natura
556 2515 683 2591 quadam
704 2515 901 2591 intelligente,
922 2531 996 2591 quae
1023 2515 1133 2576 viribus
1163 2517 1313 2575 bominem

233 2621 361 2691 superet,
382 2621 465 2673 extra
486 2613 618 2673 ordinem
638 2613 814 2689 productum
837 2616 859 2672 ³.
884 2614 936 2673 Cui
960 2617 1047 2674 etlam
1073 2617 1203 2690 opinioni
1227 2615 1314 2675 loan-

231 2729 286 2772 nes
305 2712 433 2771 Clericus
453 2711 561 2788 aliique
574 2728 633 2770 non
647 2712 732 2788 pauci
748 2709 950 2786 suffragantur
970 2711 1139 2771 heterodoxi
1162 2716 1186 2770 ⁴.
1203 2713 1313 2772 Verum

233 2810 290 2870 bae
315 2827 417 2870 omues
436 2809 620 2869 definitiones
639 2813 731 2885 gretie
752 2815 781 2868 et
805 2809 842 2868 ad
864 2809 1017 2868 arbitrium
1038 2809 1151 2869 edictae
1174 2826 1232 2868 una
1251 2810 1313 2868 eol·

233 2907 387 2983 labantur,
402 2910 429 2964 si
441 2907 605 2966 ostenditur
618 2906 755 2983 possibile
769 2923 832 2966 esse
847 2913 879 2966 ut
893 2907 983 2982 aliqui
999 2909 1157 2983 gignantur
1177 2908 1314 2984 effectus,

232 3007 283 3081 qni
304 3021 363 3063 uon
382 3005 519 3080 opinione
538 3007 713 3080 spectantis,
729 3005 781 3064 sed
801 3021 852 3080 per
866 3021 897 3063 se
914 3011 943 3062 et
956 3005 1121 3064 seruditione
1135 3021 1188 3063 sua
1208 3019 1314 3063 causas

232 3101 381 3162 naturales
401 3107 550 3176 superent.
573 3101 606 3159 ld
627 3104 705 3160 euim
727 3105 752 3160 si
774 3118 874 3160 verum
896 3109 954 3178 est,
974 3102 1097 3162 allectas
1126 3100 1312 3176 huiusmodi,

217 3205 334 3275 ·utpote
357 3197 551 3258 admiratione
570 3198 665 3274 digni,
687 3215 792 3257 nomeu
815 3198 948 3258 miraculi
969 3202 1032 3274 iure
1051 3207 1216 3275 merentum
1237 3205 1313 3258 eete-

228 3312 337 3372 raeque
356 3295 578 3370 descriptiones,
592 3295 631 3354 ad
649 3299 848 3373 quaestionem
875 3296 1048 3356 eludendam
1067 3296 1217 3372 obtrusae,
1232 3311 1313 3354 oom-

222 3396 383 3461 ,mentitlae
406 3399 494 3452 erunt
517 3399 546 3451 et
573 3409 640 3452 cum
671 3395 801 3453 vanimte
830 3396 1011 3454 coniunctae.
1039 3394 1190 3453 Eiusmodi
1215 3399 1313 3452 nomm

291 3607 301 3648 1
317 3599 446 3647 liactatu
460 3595 723 3661 theotonice-politico
734 3609 758 3647 e.
769 3604 794 3647 e.

289 3677 647 3730 abamrmuemeacam.
898 3665 902 3670 ’

289 3763 303 3806 u
316 3757 407 3808 maire
415 3756 448 3808 dc
460 3757 556 3808 l’eaist.
567 3759 593 3807 et
605 3757 651 3808 des
663 3757 756 3807 ottrlb.
770 3755 803 3806 de
815 3760 883 3806 Μαι
894 3759 914 3806 t.
926 3763 950 3818 u,
962 3757 1004 3807 eb.
1019 3765 1055 3808 ie.

288 3836 367 3887 trion
378 3840 484 3888 maltum
498 3837 555 3888 binc
565 3837 649 3887 diliert
659 3839 754 3887 munet
764 3836 883 3899 (Patinp.
894 3835 1062 3900 pbll.)‚eaius
1073 3837 1194 3887 sententis
1206 3835 1313 3886 miraeu-

229 3917 281 3966 ium
301 3931 350 3968 nou
369 3921 407 3969 est
423 3919 505 3982 alliud,
518 3918 565 3969 nisi
582 3920 686 3969 eventus
701 3917 804 3980 quidum
819 3918 897 3968 mirus
911 3921 986 3980 utque
996 3916 1136 3982 stupendus
1146 3933 1176 3968 ex
1187 3917 1312 3980 incognita

230 3997 274 4046 sed
285 4000 392 4050 naturali
405 4001 486 4063 legum
497 3999 626 4048 mamonis
635 4000 661 4048 et
669 3997 847 4062 temperatione
857 3998 989 4062 proiectus.
