2892 4425
260 339 315 390 loo
585 342 802 385 uminnrsrcn
825 342 999 386 annuentis

257 455 407 533 pulchrius
429 453 572 513 videbitur
589 456 627 529 ei,
641 455 693 529 qui
714 453 821 511 artium
842 452 959 513 illarum
983 453 1100 530 regulas
1121 453 1334 531 cellcunran

257 558 283 614 el
301 556 352 631 qul
370 555 520 630 imperitus
540 557 585 611 est
602 558 632 610 et
651 550 789 627 vulgaris.

318 662 368 712 tu.
390 652 437 711 hd
455 653 639 727 partitionem
660 649 773 726 pulchri
794 648 872 725 quod
895 651 1008 725 attinet,
1029 651 1187 726 inprimis
1209 632 1334 727 dispesci

256 757 350 828 potest
369 754 398 809 iu
414 748 509 809 laicale
526 755 555 822 at
570 747 658 807 reale.
681 748 838 833 Pulchrum
858 746 950 806 ideale
969 747 1077 807 dicitur
1097 749 1182 824 quod
1204 752 1334 827 typicam

257 848 412 927 quamdam
432 847 634 925 perfectionem
657 846 785 920 exhibet,
807 852 949 921 quatenus
975 847 1160 923 concipiatur
1187 854 1223 907 ut
1242 846 1334 923 perie-

257 955 336 1008 ctum
351 948 509 1023 exemplar,
523 949 569 1004 cui
589 962 648 1022 quo
667 946 760 1020 magis
776 943 885 1019 aliquid
898 942 1109 1019 conformetur,
1126 960 1164 1003 eo
1183 945 1335 1021 pulchrius

257 1046 373 1105 evadat.
390 1045 427 1102 Et
439 1045 576 1119 quoniam
594 1042 742 1116 exemplar
763 1040 904 1099 eiusmodi
925 1042 1100 1100 considerari
1121 1048 1225 1117 potest
1245 1043 1291 1101 rel
1307 1043 1335 1098 in

257 1144 317 1203 Deo
337 1143 381 1201 vel
401 1144 432 1200 in
455 1141 588 1216 homine;
606 1141 673 1198 hinc
692 1139 846 1215 pulchrum
861 1139 952 1198 ideale
970 1140 1110 1199 dividitur
1125 1142 1158 1198 in
1171 1139 1334 1217 pulchrum

257 1239 353 1299 mule
369 1239 502 1298 divinum
515 1245 545 1298 et
558 1238 720 1315 pulchrum
735 1236 830 1296 ioculo
850 1235 1021 1297 humanum.
1035 1239 1176 1299 Facultas
1199 1256 1270 1299 veru
1287 1254 1334 1296 ex-

258 1337 403 1415 cogitandi
423 1345 510 1414 typos
530 1338 688 1411 eiusmodi,
710 1350 817 1411 eosque
837 1342 919 1396 extra
938 1354 969 1395 se
994 1339 1024 1395 in
1047 1344 1159 1396 certam
1182 1339 1333 1397 materiam

258 1434 466 1510 transferendi,
481 1438 584 1510 penius
604 1434 732 1509 dicitur,
749 1441 835 1509 utque
854 1436 957 1493 exinde
976 1438 1075 1511 magni
1089 1436 1220 1495 artifices
1245 1435 1334 1493 norni-

258 1540 376 1592 uantur.
398 1532 557 1592 Pulchrum
573 1549 641 1590 vero
664 1533 740 1591 reale
764 1531 835 1589 illud
854 1538 897 1590 est
918 1533 994 1607 quod
1020 1536 1112 1607 ipsam
1136 1533 1247 1593 obiecti
1265 1532 1333 1593 enti·

258 1637 347 1689 tatem
365 1632 395 1687 in
415 1646 446 1688 se
466 1633 624 1705 inspectam
644 1633 765 1704 attinet,
787 1636 816 1688 et
832 1629 925 1687 dividi
943 1637 1039 1705 posset
1059 1633 1087 1687 in
1110 1647 1286 1708 corporeum
1306 1632 1334 1685 et

258 1730 480 1805 incorporeum
497 1735 583 1803 prout
604 1728 650 1785 vel
671 1729 701 1785 in
721 1728 856 1802 dotibus,
869 1745 943 1802 quae
963 1745 1048 1787 seusu
1068 1735 1095 1786 et
1114 1729 1275 1804 phantasia
1294 1732 1334 1784 at·

258 1828 332 1901 tingi
351 1832 491 1901 possunt,
512 1825 665 1900 fundetur,
681 1826 726 1883 vel
742 1828 771 1882 in
795 1825 879 1883 rebus
900 1826 1146 1885 intellectualibus
1169 1834 1223 1886 aut
1243 1839 1333 1883 mora·

260 1924 335 1982 lihus
352 1926 557 1999 conspiciatur.
574 1924 703 1983 Primum
718 1941 736 1981 a
749 1926 885 1999 quopiam
897 1925 1018 1983 iudicari
1031 1927 1152 2000 poterit,
1167 1930 1219 2002 qui
1235 1924 1334 1983 idonea

260 2021 385 2099 quadam
414 2023 503 2079 animi
524 2021 693 2079 habitudine
716 2021 754 2079 ad
779 2024 874 2096 ipsum
895 2022 1069 2098 gustandum
1091 2024 1269 2083 naturaliter
1290 2034 1333 2076 or-

262 2128 364 2196 netur,
386 2119 509 2178 alterum
530 2122 745 2194 exquisitiorem
770 2126 887 2195 gustum
911 2121 1057 2195 postulat;
1082 2122 1229 2195 siquidem
1244 2116 1333 2193 ›spiri-

263 2218 350 2280 tualis
369 2218 554 2294 pulchritudo
566 2225 648 2276 tantu
663 2220 796 2277 sensilem
821 2219 985 2294 antecellit,
1009 2227 1118 2294 quanto
1144 2221 1238 2278 animi
1256 2217 1333 2275 dotes

261 2326 290 2378 et
309 2318 482 2376 lineamenta
504 2319 713 2391 praestantiora
733 2323 802 2375 sunt
819 2334 907 2391 quam
931 2319 1058 2391 corporis
1076 2320 1095 2373 Ι.

321 2413 450 2490 Denique
473 2413 510 2472 ad
533 2413 655 2473 sublime
676 2415 753 2490 quod
773 2418 897 2488 attinet,
922 2417 983 2472 eius
1004 2417 1082 2472 notio
1105 2415 1272 2491 ingenerari
1293 2410 1333 2465 vi·

258 2514 341 2573 detur
362 2531 398 2572 er
416 2529 534 2571 excessu
556 2514 680 2588 quodam
701 2515 823 2573 relativo
843 2513 1067 2589 pulchritudinis
1089 2521 1224 2588 respectu
1248 2505 1334 2603 iacul-

262 2614 330 2671 tatis
344 2610 580 2688 apprehensivae3
594 2619 738 2686 quatenus
753 2614 889 2670 nimirum
905 2614 947 2669 sic
962 2610 1229 2685 apprehendatura
1245 2609 1333 2665 mente

263 2718 296 2770 ut
316 2708 520 2784 comprehendi
538 2709 620 2784 plene
645 2716 768 2784 nequeat
789 2716 905 2784 propter
927 2709 1135 2785 praegrandem
1162 2700 1333 2783 magnitudi-

263 2824 327 2866 nem
347 2823 405 2882 qua
422 2813 552 2864 ornatur.
571 2807 604 2864 ln
623 2807 678 2864 hoc
695 2823 781 2864 sensu
802 2809 908 2880 optime
925 2808 1031 2866 dicitur
1052 2806 1178 2864 sublime
1193 2809 1221 2862 in
1238 2803 1332 2873 aitqua

264 2921 376 2979 semper
397 2905 544 2979 infinitate
565 2903 692 2961 fundari.
715 2905 791 2962 Hinc
819 2921 874 2962 non
894 2912 953 2964 tam
972 2893 1207 2976 admirationem,
1229 2907 1261 2959 ut
1275 2893 1331 2972 pul·

264 3003 379 3076 chrum,
400 3001 450 3060 sed
471 3006 617 3076 stuporem
637 3004 732 3076 potius
756 3005 916 3079 ingenerat,
943 3011 971 3061 et
992 3006 1120 3061 arrimum
1146 3001 1329 3061 vehementer

313 3207 319 3247 1
342 3198 375 3247 Ex
390 3198 437 3259 his,
457 3211 520 3260 quac
540 3197 656 3258 diximus,
674 3197 809 3247 luculenter
828 3201 927 3261 apparel
948 3213 991 3246 iios
1004 3198 1103 3247 omnino
1121 3197 1235 3247 recedere
1250 3190 1280 3238 ab
1302 3185 1330 3231 ils

264 3293 328 3342 qrrac
348 3279 419 3327 docet
438 3269 548 3327 Giohe'rli
569 3279 592 3326 in
613 3293 658 3328 sno
675 3281 806 3342 specimine.
824 3283 926 3342 (scopin
940 3281 984 3328 sici
1002 3280 1079 3335 hello)
1091 3278 1133 3326 irbi
1147 3277 1278 3340 pulchrum
1295 3267 1332 3312 de·

267 3361 335 3409 iinit:
357 3361 506 3408 iunctionem
532 3360 708 3408 individualem
737 3363 788 3423 typi
809 3361 935 3409 cuiusdam
962 3359 1120 3420 intelligibilis
1139 3372 1195 3407 cum
1215 3347 1331 3404 elemen¹⁰

267 3440 429 3503 phantastice,
444 3440 578 3488 ministeriu
588 3441 733 3489 aesthelicae
745 3441 923 3502 imaginationis
935 3445 1065 3502 peractam.
1077 3442 1145 3496 Quae
1156 3433 1264 3488 delinitio
1276 3423 1330 3476 inde

265 3521 419 3583 potissimum
441 3521 565 3583 probanda
580 3535 628 3569 nun
650 3524 699 3581 est,
717 3521 784 3583 quod
813 3523 941 3584 pulchrum
961 3521 1055 3569 auferat
1075 3533 1090 3567 a
1113 3519 1184 3568 rehus
1206 3525 1269 3564 mere
1288 3503 1331 3567 spi

268 3600 411 3661 ritualibus;
423 3602 499 3650 immo
520 3604 592 3650 eliam
611 3616 625 3651 a
639 3601 710 3650 rebus
727 3604 850 3665 corporeis
868 3603 939 3664 proni
958 3602 1056 3664 physice
1068 3602 1164 3650 castani
1174 3599 1198 3646 et
1214 3595 1280 3642 extra
1295 3595 1328 3632 tt

264 3680 391 3729 sihelicam
403 3681 600 3742 imaginationem
617 3683 642 3730 iu
658 3696 684 3730 se
701 3684 818 3734 relucent.
833 3684 864 3731 ut
877 3682 987 3730 omittam
996 3682 1115 3738 originem
1136 3692 1209 3742 quiam
1226 3663 1328 3730 assignat

266 3760 329 3820 typis
344 3759 561 3824 intellectualibus,
582 3777 644 3825 uiros
663 3777 691 3812 er
709 3762 833 3823 formula
858 3777 908 3811 suo
931 3762 1010 3810 ideali
1031 3763 1140 3822 derivat,
1167 3770 1209 3807 nec
1232 3743 1326 3802 aliunde

267 3839 416 3888 efflorescere
434 3839 559 3902 opinatur,
580 3844 626 3891 nisi
646 3856 675 3890 ci
705 3843 833 3892 intuitione
852 3844 895 3891 ilci
912 3846 936 3892 et
960 3843 1099 3891 immediata
1117 3828 1328 3889 communicationl

267 3919 368 3980 spiritus
388 3921 463 3969 creali
480 3936 536 3971 eum
552 3926 674 3973 creaioris
692 3923 859 3985 intelligentia.
878 3923 949 3979 ernd
962 3937 1018 3971 cnm
1038 3924 1156 3985 originem
1174 3917 1279 3966 idearum
1295 3904 1327 3950 tl·

268 4001 357 4061 liugai,
381 4003 479 4064 proprio
499 4004 551 4052 loco
568 4003 768 4052 examinabimus.
