2892 4425
572 385 648 429 PARS
669 386 772 429 PRllss
1166 379 1203 429 85

63 564 66 572 ,
136 501 251 560 devenit
272 516 329 559 uon
354 505 397 558 est
419 500 474 557 nisi
499 498 633 573 principii
658 496 780 556 alicuius
806 498 978 555 universalis
1002 496 1040 555 ad
1060 498 1205 573 peculiare

137 596 296 657 subiectum
316 590 493 673 applicatio.
506 594 631 669 Contra,
653 594 782 653 inductio
798 596 829 653 iu
848 596 905 653 hoc
921 600 983 654 tota
1003 597 1145 670 uertitur,
1170 601 1204 654 ut

136 710 172 755 er
194 698 370 770 inspectione
392 710 512 754 casuum
528 693 764 769 particularium,
781 693 1000 768 phaenornenon
1017 693 1136 769 aliquod
1154 710 1203 752 ex-

137 793 312 870 hibentium,
331 794 368 853 ad
386 794 548 871 generalem
566 791 721 869 quemdem
740 791 832 868 legam
851 792 1037 851 sumendam
1055 800 1201 869 assurgat.
1261 801 1263 808 '

16 922 23 931 ·
136 892 232 966 Quare
250 894 447 967 maximopere
465 893 586 950 inservii
606 891 733 949 scientiis
753 888 1038 967 experimentallltus,
1052 906 1143 966 eaque
1158 892 1204 949 ui·

136 994 239 1050 tuntur
257 993 403 1049 axiomata
423 990 562 1066 physicae
582 994 695 1047 tantum
719 987 913 1047 certitudinis.

196 1088 237 1148 at
250 1091 275 1147 si
295 1091 349 1147 rite
362 1086 558 1163 perpenditur,
573 1086 703 1145 inductio
721 1101 740 1144 a
756 1085 927 1162 syllogismo
941 1086 1129 1145 essentialiter
1147 1101 1205 1143 non

137 1186 291 1262 discrepat.
314 1186 420 1245 Forma
442 1191 555 1244 tautum
575 1185 691 1244 diversa
713 1191 774 1260 cst,
801 1184 853 1243 sed
878 1200 924 1267 res
947 1191 992 1243 est
1013 1186 1125 1243 eadem.
1145 1184 1205 1242 Nec

138 1286 244 1345 mirum
265 1284 295 1343 id
315 1286 440 1361 cuipiam
464 1285 553 1343 videri
576 1283 683 1357 debet,
707 1282 849 1358 siqnidem
869 1283 1041 1359 syllogismo
1061 1280 1204 1359 genemis

139 1398 289 1459 processus
307 1384 508 1442 ratiocinantis
525 1382 616 1440 animi
636 1382 816 1456 contiuetnr;
837 1380 919 1439 nulla
937 1387 1034 1439 antem
1054 1394 1205 1456 argumen-

137 1483 210 1540 tatio
227 1487 309 1540 extra
330 1498 494 1556 processum
514 1480 654 1539 eiusmodi
676 1482 794 1555 evagari
815 1484 920 1554 potest.
943 1478 1040 1551 Quare
1062 1478 1205 1535 maximo·

138 1594 204 1655 pare
231 1580 375 1639 deerravit
400 1580 555 1654 Baconus,
583 1580 634 1653 qui
660 1577 723 1637 sola
751 1576 917 1635 inductione
945 1576 1084 1651 laudata,
1116 1574 1206 1653 syllo-

138 1681 263 1756 gismum
286 1678 358 1737 diris
383 1678 523 1753 devovit,
551 1692 625 1753 quae
648 1678 791 1735 sententia
816 1678 841 1733 si
869 1673 1071 1750 praevaleret,
1098 1674 1206 1749 Logica

119 1776 252 1861 ⁸penitus
271 1775 514 1850 pessumdaretur.
539 1774 704 1834 Clarissimo
722 1774 754 1832 id
776 1772 885 1849 patebit
902 1788 938 1832 ex
962 1774 1018 1847 iis,
1041 1788 1116 1848 qnae
1136 1788 1205 1830 mox

93 1918 98 1929 .
137 1872 244 1933 dicturi
265 1888 377 1933 sumus.
625 1878 626 1881 ’

197 1970 331 2030 Inductio
344 1970 436 2029 dividi
449 1976 543 2047 potest
557 1972 587 2028 iu
601 1986 664 2028 eam
680 1984 754 2047 quae
767 1986 817 2045 per
828 1970 1071 2028 enumerationem
1083 1967 1206 2043 mmpte

138 2075 219 2144 tam,
230 2075 259 2127 et
276 2086 342 2127 eam
357 2084 431 2146 quae
445 2084 496 2144 per
513 2068 758 2127 enumerationem
774 2067 977 2143 incompletam
993 2066 1132 2143 procedit.
1152 2064 1207 2123 llla

137 2173 181 2227 ατ
200 2183 274 2244 quac
294 2168 446 2228 individua
468 2168 583 2246 singula
602 2173 746 2243 recenset,
771 2171 804 2226 nt
825 2167 851 2225 si
870 2167 936 2242 quis
955 2164 1087 2241 planetas
1106 2179 1206 2224 omnes

139 2265 232 2324 lucem
249 2283 267 2325 a
284 2269 345 2326 sole
364 2269 489 2326 mutuari
512 2265 642 2342 inierret,
666 2272 823 2342 propterea.
834 2265 922 2342 quod,
943 2265 1145 2324 obseruatione
1163 2266 1207 2322 in·

139 2365 259 2438 stituta,
284 2363 319 2422 de
347 2363 469 2440 singuiis
495 2363 525 2422 id
552 2366 756 2439 comperiatur.
779 2363 841 2421 lloc
868 2362 919 2422 ubi
941 2364 1102 2438 contingit,
1126 2363 1207 2422 indu·

138 2463 197 2520 ctio
217 2463 246 2519 ln
268 2460 469 2536 syllogismum
491 2461 642 2518 manilcsta
662 2456 826 2519 resolvitur.
847 2458 894 2518 Ad
913 2458 1106 2517 substantiam
1129 2461 1206 2518 euim
1260 2480 1262 2487 ·

138 2556 216 2635 qnod
236 2557 377 2634 pertinet,
401 2559 443 2615 sio
460 2557 604 2633 procedit:
627 2556 746 2616 Planetu
762 2556 809 2631 A,
829 2557 946 2632 planeta
962 2557 990 2615 B
999 2599 1010 2631 ,
1029 2558 1146 2632 planeta
1163 2555 1204 2630 G,
1284 2623 1289 2633 ⁴

139 2654 256 2732 planeta
276 2655 316 2729 D,
339 2661 368 2714 et
387 2656 430 2714 sic
449 2654 486 2713 de
508 2655 584 2731 allis,
608 2660 642 2714 nt
659 2656 836 2730 experientia
853 2661 978 2730 consui,
1000 2655 1093 2717 lncem
1112 2671 1130 2714 a
1147 2654 1209 2715 sole

140 2755 298 2830 rccipiunt3
320 2755 400 2828 atqui
421 2753 452 2812 hi
470 2761 539 2813 suut
559 2753 691 2830 planetae
707 2769 806 2812 omues
826 2753 966 2813 hactenus
986 2754 1116 2829 cogniti3
1137 2769 1207 2830 ergo

139 2851 270 2927 planetae
292 2869 391 2912 omnes
410 2851 550 2912 hactenus
564 2855 672 2930 cogniti
690 2852 785 2913 lucem
801 2869 820 2912 a
835 2853 897 2912 sole
915 2855 1067 2928 recipiunt.

196 2950 236 3011 At
252 2951 420 3027 pierumque
440 2953 538 3010 omnia
557 2952 744 3027 particularia
761 2953 983 3028 circumspicere
1002 2957 1032 3010 et
1050 2950 1205 3025 periclitari

4 3049 8 3056 “
100 3123 104 3132 Ι
136 3048 314 3124 impossibile
330 3056 384 3108 est.
397 3051 481 3109 Tunc
499 3050 628 3109 inductio
645 3056 782 3108 contenta
799 3055 844 3109 est
863 3050 1079 3108 enumeratione
1098 3051 1205 3108 incom

139 3146 237 3223 pletn;
263 3145 406 3224 siquidem
426 3139 485 3206 nou
508 3149 637 3209 omnium
661 3147 898 3224 particularium,
923 3147 975 3206 sed
999 3146 1206 3209 nonnullorum

138 3249 251 3304 tantum
271 3246 472 3305 observatione
493 3251 543 3305 aut
564 3247 760 3322 experimento
780 3247 891 3305 nititur.
915 3245 995 3304 Haec
1010 3247 1104 3307 ‘ctiam
1123 3244 1206 3304 indu·

138 3343 196 3398 ctio
216 3342 253 3400 ad
276 3345 476 3420 syllogismum
500 3344 616 3424 tandem
636 3343 780 3418 reiertur3
801 3344 880 3420 quod
898 3361 948 3419 per
967 3360 999 3402 se
1017 3343 1160 3418 clarebit,
1181 3345 1206 3402 si

139 3440 201 3496 elus
226 3455 375 3514 processus
395 3445 496 3501 intime
513 3449 688 3518 penetretur.

201 3537 373 3598 Huiusmodi
386 3541 527 3615 inductio,
541 3557 615 3618 quae
630 3556 689 3598 uon
704 3544 735 3598 in
749 3543 879 3599 omnium
893 3539 944 3599 sed
961 3541 1124 3616 aliquorum
1137 3555 1207 3599 enn-

140 3635 298 3693 meratlone
315 3635 470 3712 landatur,
491 3639 643 3714 diligenter
660 3653 764 3698 cavere
781 3638 865 3697 debet
882 3655 919 3696 ne
934 3645 1040 3698 temere
1057 3640 1208 3714 pauciores

142 3745 228 3791 casus
242 3733 379 3792 observet
392 3751 478 3810 quam
498 3751 549 3810 par
564 3739 603 3794 sit
618 3737 656 3794 ad
670 3737 780 3813 aliquid
794 3740 953 3813 generatim
966 3737 1003 3796 de
1018 3736 1154 3796 omnibus
1168 3736 1209 3794 in-

139 3827 302 3890 iersudum.
321 3831 405 3890 Tunc
425 3834 501 3890 enlm
522 3836 627 3892 vitiosa
649 3841 726 3893 esset
742 3835 894 3909 inductio,
917 3851 935 3893 a
955 3837 1075 3894 somate
1094 3834 1208 3906 aliena,

137 3935 167 3987 et
191 3929 228 3987 ad
250 3929 481 3989 concludendum
506 3932 624 3990 omnino
648 3933 760 4007 impar3
782 3935 889 4008 quippe
916 3947 983 3990 cum
1008 3931 1209 4005 iosophisma

138 4025 291 4104 incideret,
312 4045 370 4104 quo
387 4043 537 4106 perperam
554 4027 593 4087 ab
608 4029 768 4089 indiuiduis
783 4031 821 4088 ad
837 4032 962 4105 speeiem
981 4029 1157 4104 el·a·specie
1170 4025 1210 4085 ati

561 4136 568 4152 ‘
993 4135 1010 4183 5
