2892 4425
398 352 477 398 ΡΜ
495 354 617 398 Alam&
635 368 648 381 ·
668 352 891 400 nicuuwuii·
1124 421 1130 432 .
1156 351 1217 404 m

133 460 245 524 abitio
261 461 429 539 decerpere,
447 479 524 540 quae
541 463 680 542 donmpo
697 463 893 526 diremimode
910 463 1062 526 elaborata
1077 465 1143 528 auu
1160 468 1214 528 oli·

133 562 215 622 tectis
234 559 408 638 applicetur.
430 561 488 636 Qui
508 563 668 624 materialia
688 564 873 640 concipiendi
892 563 997 625 meum
1022 564 1217 642 pernuntio·

133 665 199 733 eat,
220 665 253 719 et
280 661 445 722 nummio
473 661 596 722 alicnus.
623 661 792 722 Amtracuo
817 663 895 721 anim
922 665 955 722 in
982 662 1040 724 hoc
1064 669 1217 724 cxcrcctar

134 757 213 833 qnod
228 741 312 818 me'ae
326 757 366 818 ab
380 758 494 820 obiecto
511 759 692 820 conditiones
708 775 810 820 omnes
829 759 987 837 praecidat,
1003 759 1110 836 qntbm
1127 759 1216 837 illud,

134 861 222 931 prout
241 856 318 914 reaic
338 863 369 916 et
389 863 558 918 concretum
581 866 639 933 cet,
660 857 806 934 aldcimr3
827 865 916 934 atque
933 857 1042 918 idcireo
1061 855 1213 934 pieiddiin-

137 957 195 1012 tem
213 954 342 1031 utquam
361 955 494 1016 absolute
508 958 666 1032 concipiat.
685 956 766 1016 llaec
781 963 877 1016 autcm
896 955 1057 1032 quidditae‚
1078 955 1134 1015 hoe
1150 959 1215 1031 ipen

134 1051 214 1126 quod
228 1051 375 1116 abtim
389 1061 446 1128 eet,
464 1057 524 1114 iam
538 1071 598 1114 non
615 1043 742 1131 amplius
760 1054 799 1114 ad
818 1071 875 1129 ree,
895 1070 931 1114 ex
945 1053 1051 1130 qulbm
1067 1051 1215 1113 ahetraote
1294 1075 1298 1080 ·

135 1155 194 1223 oct,
207 1150 343 1226 telettum
356 1151 408 1212 aed
424 1159 574 1229 tamquam
588 1153 770 1230 intelligibile
782 1150 930 1228 quoddam
944 1165 995 1227 per
1009 1167 1041 1210 sc
1052 1157 1083 1210 ct
1098 1153 1128 1209 in
1145 1151 1215 1210 ehu·

136 1248 321 1326 recterlliue,
338 1265 413 1327 quoe
431 1251 568 1328 includit,
591 1257 704 1312 mutum
726 1252 889 1326 inspicitur.
909 1249 998 1310 Posse
1017 1253 1114 1321 eutem
1134 1263 1214 1307 meu·

136 1353 196 1404 tem
212 1345 372 1408 humanam
390 1365 427 1408 ax
446 1348 534 1408 rebus
548 1348 733 1408 eendbiiibue
750 1348 788 1407 ad
808 1347 888 1408 huuc
901 1347 1019 1407 modum
1039 1347 1215 1424 cognitionis

137 1458 304 1520 murum.
324 1445 511 1506 macilentum
528 1451 584 1508 eet.
606 1445 684 1506 Nam
702 1461 749 1505 roe
769 1452 884 1506 creatae
903 1459 1082 1522 quamquam
1104 1445 1217 1504 contin·

137 1547 240 1619 genite
262 1547 292 1602 et
313 1542 415 1604 linitae
437 1547 516 1620 aiut,
542 1550 642 1604 tamen
667 1539 845 1604 imitationes
870 1549 941 1604 cunt
962 1543 1055 1603 reelec
1077 1541 1215 1618 mohety·

138 1655 244 1714 param
264 1639 383 1701 driaco
401 1644 524 1715 meatim
538 1649 627 1718 etque
651 1642 718 1702 idco
737 1649 869 1703 aeternae
889 1643 1027 1702 veritatee
1043 1641 1217 1716 divinosque

3 1780 11 1790 -
138 1743 297 1814 conceptus
310 1755 366 1800 tuo
377 1740 468 1800 modo
477 1739 795 1816 patotactaat13modo
809 1739 947 1800 idoneum
960 1738 1123 1799 subiectum
1137 1740 1218 1796 inre·

139 1837 241 1912 niam,
262 1836 341 1913 qued
363 1853 413 1898 eoa
430 1845 587 1914 conceptue
606 1854 710 1914 capere
727 1840 835 1913 poenit.
855 1836 1108 1911 Quemadmodum
1123 1835 1218 1912 pellu-

140 1934 208 1996 cido
222 1949 346 2010 corpore
362 1935 522 1996 eiaculatus
537 1953 557 1996 a
574 1935 636 1995 aoie
652 1935 751 1994 radios
763 1937 981 2011 transmittunt,
994 1939 1024 1993 et
1037 1949 1217 2010 quamquam

140 2033 181 2094 oli
198 2033 343 2109 pmlectae
361 2032 567 2108 peliucldltatla
592 2035 752 2094 camellam
776 2031 932 2092 lmciculoe
953 2030 1026 2091 lucie
1052 2031 1220 2108 diagrcpent

140 2139 171 2192 et
188 2129 362 2206 ohuourent3
384 2145 435 2190 eos
454 2136 554 2190 umen
571 2146 607 2190 eo
626 2129 714 2190 modo
733 2146 792 2206 quo
812 2135 947 2206 pontum,
961 2130 1094 2204 oppositu
1115 2129 1219 2203 perletl

141 2246 245 2291 retem
262 2231 492 2289 communicant.
514 2229 651 2290 Violaaim
671 2244 755 2289 mens
780 2228 909 2288 humana
928 2226 1132 2287 intellectualis
1151 2240 1218 2302 pro·

141 2327 219 2389 lecto
236 2334 268 2387 ct
287 2326 543 2387 rationeileallco
562 2326 642 2387 lacte
660 2332 716 2401 tat,
735 2328 874 2385 nimirum
893 2324 945 2385 tall
961 2329 1084 2383 naturae
1103 2322 1218 2383 conlur-
1271 2402 1274 2415 .
1374 2312 1381 2327 “

142 2428 272 2486 mallone
285 2425 423 2501 donatur,
444 2432 478 2485 ut
492 2428 572 2484 intus
591 2426 685 2502 legere
701 2427 734 2483 in
754 2423 840 2483 rebus
856 2438 1015 2499 eurumque
1031 2422 1157 2480 rationes
1173 2421 1220 2481 de-

142 2523 320 2600 prehendere
344 2522 533 2584 vueatflmt
554 2526 631 2583 enim
654 2524 740 2601 quasi
760 2522 850 2584 vitale
869 2520 1016 2599 quoddam
1044 2520 1194 2595 specuium
1209 2524 1234 2593 ‚¹

143 2622 223 2699 quod
240 2622 314 2680 lucie
333 2619 452 2680 divinae
470 2620 580 2697 radios,
598 2636 618 2680 e
636 2624 742 2681 creatis
763 2620 850 2681 robus
869 2620 1067 2693 imnamiasos,
1082 2618 1221 2693 suscipiat

143 2725 233 2795 etque
247 2719 287 2778 ad
305 2718 525 2795 intelligendum
542 2720 675 2779 retineat.
693 2719 770 2779 ilinc
790 2721 896 2777 mirum
914 2732 972 2776 non
993 2722 1038 2775 cot
1057 2717 1094 2791 ei,
1108 2714 1223 2774 obiecto

35 2848 40 2861 ·
142 2816 228 2875 linito
246 2823 277 2876 ct
296 2815 425 2876 aenslbdi
444 2818 606 2892 proponite,
622 2816 718 2874 ideam
738 2818 901 2893 exsculpat,
916 2830 991 2891 quae
1006 2814 1085 2874 illius
1104 2828 1222 2873 concre-

142 2916 252 2974 tionem
273 2920 303 2973 et
323 2914 474 2991 angustias
494 2921 632 2991 euperct,
656 2920 744 2991 atque
765 2913 802 2973 ad
823 2916 940 2989 nidores
960 2915 1093 2973 notiones
1117 2930 1170 2991 per
1191 2930 1222 2972 sc

146 3011 289 3071 oblective
309 3010 481 3086 spectandas
502 3008 653 3071 evehatur.

203 3111 301 3186 Atque
319 3117 355 3170 ut
373 3109 516 3171 theoriam
536 3110 818 3189 heptemimerin,
839 3112 916 3189 quod
937 3118 1110 3189 tractamus,
1131 3113 1223 3188 appli-

144 3222 264 3282 cemue3
284 3222 353 3267 cum
372 3210 452 3267 caua
470 3207 556 3268 linita
574 3224 644 3268 uere
664 3209 825 3270 realitatem
845 3210 1016 3285 involvant,
1039 3224 1122 3269 mens
1145 3226 1223 3287 quac

145 3302 303 3361 inflexione
323 3304 386 3379 ipsa
404 3311 528 3365 naturae
546 3305 652 3365 idonea
665 3314 710 3367 est
724 3306 762 3365 ud
777 3324 873 3367 rerum
889 3310 1015 3367 rationes
1033 3306 1221 3386 detegendas,

143 3400 223 3459 hanc
241 3401 344 3476 utique
364 3402 563 3479 deprehendit.
592 3404 669 3463 Tum
695 3404 734 3463 eb
759 3408 838 3463 omni
868 3406 1050 3465 concretione
1075 3412 1104 3465 et
1130 3406 1223 3467 limile

144 3499 341 3574 cognitionem
359 3498 552 3577 mamone,
574 3509 747 3577 conceptum
769 3502 850 3561 iilum
871 3502 1010 3562 rectitatis
1028 3519 1087 3563 non
1106 3505 1165 3563 iem
1185 3504 1223 3563 ud
1326 3540 1328 3544 ,

144 3610 192 3655 ree
212 3597 292 3671 ipeee
314 3604 428 3658 ereum
447 3605 597 3674 ιιιιιιιιιιιιι
620 3599 740 3674 aliquod
762 3614 853 3675 genus
874 3599 973 3675 reicit,
993 3600 1120 3676 scd'pcr
1142 3618 1174 3661 ae
1194 3608 1224 3661 et

145 3696 176 3751 in
192 3692 337 3753 oblecuve
354 3696 418 3761 eina
438 3698 552 3755 ratione
570 3696 800 3772 contemplatum
821 3696 961 3775 seuquid
984 3700 1014 3756 in
1035 3699 1153 3774 propria
1173 3714 1223 3757 no·

145 3791 225 3848 none
247 3791 405 3869 importet,
429 3792 575 3871 intelligit.
601 3792 684 3853 iilum
705 3799 804 3854 eutem
825 3797 867 3854 sic
886 3796 1045 3872 inspectam
1071 3810 1163 3871 neque
1185 3796 1223 3855 ad

206 3930 214 3970 ι
232 3922 303 3973 caeli
321 3928 437 3975 enarrant
458 3924 562 3989 gloriam
583 3927 627 3978 liei
647 3930 671 3975 ei
691 3940 765 3988 opora
786 3940 903 3979 ιιιιιιιιιιιιι
925 3929 979 3979 eius
997 3926 1127 3978 annuntiat
1146 3926 1225 3975 litara-

144 4002 264 4051 toeniam.
290 4005 332 4051 Pa.
351 4012 387 4053 te.
