2892 4425
239 296 295 349 itt
706 301 838 343 naerens

236 413 330 488 doque
352 410 494 468 formulae
514 410 610 466 minus
632 408 689 466 late
712 415 841 483 patentes
867 410 895 465 in
917 407 1109 484 generaliores
1133 414 1306 487 vertuntur3

237 510 274 583 qd
294 509 438 585 analysim
456 509 610 582 pertinent.
635 505 742 567 Contra
763 522 830 565 eum
857 506 979 565 allectus
1005 522 1041 563 ex
1067 509 1162 565 causis
1187 507 1307 565 demon·

235 613 383 681 struatur,
403 621 469 664 cum
492 608 639 663 axiomata
659 604 855 680 singularibus
876 604 995 661 obiectis
1015 605 1214 680 applicantur3
1237 621 1305 663 eum

235 704 358 779 denique
380 705 560 762 ratiocinatio
580 705 741 760 instituitur
759 702 797 775 (iu
817 716 887 776 qua,
907 708 940 759 ut
960 717 1013 759 suo
1035 701 1098 758 loco
1119 700 1305 777 dictumest,

236 819 348 877 semper
365 802 505 877 peculiare
520 818 555 858 ex
570 800 728 858 universali
746 799 924 874 deducitur);
945 798 1023 857 haud
1039 799 1160 857 dubium
1175 806 1218 857 est
1232 802 1305 875 quin

236 899 384 977 synthesis
408 899 505 973 aitqua
527 896 710 955 adhibeatur.

295 1004 344 1055 ot.
366 997 544 1071 Quapropter
563 995 644 1053 nulla
664 1001 708 1052 est
730 996 870 1068 seientia,
891 1009 965 1068 qaae
987 994 1140 1070 analyticis
1163 1000 1214 1052 aut
1234 1011 1306 1071 syn·

233 1094 347 1156 theticis
362 1097 466 1152 mentis
486 1093 702 1168 operationibus
723 1100 821 1152 utatur
839 1095 937 1166 unice,
956 1091 1007 1149 sed
1027 1096 1188 1151 necessario
1209 1101 1304 1152 utras-

233 1210 289 1270 que
308 1195 467 1268 eouiuugit.
488 1192 532 1251 Ao
545 1208 616 1251 saue
635 1194 659 1249 si
678 1193 799 1249 scientia
819 1208 876 1247 nun
896 1190 1104 1248 abstractiones
1120 1190 1171 1248 sed
1192 1209 1238 1251 res
1259 1210 1305 1251 se·

232 1298 348 1365 ctatur,
371 1291 455 1349 debet
480 1290 608 1365 proiecto
629 1292 651 1347 'a
676 1289 761 1347 factis
785 1292 855 1362 ipsis
880 1290 1074 1362 experientiae
1100 1288 1246 1362 proficisci
1277 1299 1307 1350 et

232 1389 418 1465 indagatione
437 1390 535 1462 sagaci
552 1403 652 1445 eorum
673 1389 771 1445 rimari
792 1385 982 1461 conditiones,
1000 1392 1061 1443 turn
1084 1403 1168 1461 saepe
1187 1403 1205 1444 a
1227 1404 1305 1445 oom-

232 1487 325 1562 plexis
343 1485 382 1544 ad
400 1485 576 1559 simpliciora
596 1484 749 1559 procedere
769 1483 965 1559 pedetentim,
991 1489 1023 1541 ut
1047 1499 1143 1541 rerum
1163 1483 1305 1543 elementa

231 1592 261 1644 et
281 1585 357 1659 leges
375 1582 492 1657 detegat
514 1582 619 1656 quibus
638 1581 788 1639 individua
811 1589 960 1656 reguntur.
981 1582 1133 1640 Praeterea
1152 1584 1214 1640 sire
1234 1599 1303 1659 res,

231 1683 296 1745 sive
314 1680 474 1738 abstractas
495 1680 561 1737 inde
581 1679 659 1736 ideas
682 1680 920 1753 contemplemur,
946 1679 1079 1754 progredi
1100 1687 1177 1737 certe
1200 1684 1304 1755 nequi-

230 1793 319 1852 muS,
345 1780 416 1852 quin
438 1777 581 1834 obiectum
604 1780 633 1834 in
657 1793 725 1834 suas
750 1785 845 1851 partes
875 1776 1056 1851 tribuamus,
1084 1784 1111 1835 et
1135 1776 1304 1837 inductione

230 1876 404 1953 quaudoque
422 1877 549 1933 utamur.
570 1874 603 1932 ld
619 1891 686 1932 vero
701 1891 786 1933 omne
807 1874 845 1933 nd
863 1875 1007 1950 analyslm
1023 1877 1155 1949 pertinet.
1180 1876 1303 1954 Contra,

230 1973 375 2050 quomodo
389 1975 508 2031 seientia
528 1976 589 2030 veri
603 1975 728 2030 nominis
750 1972 850 2030 haberi
873 1980 974 2047 potest,
993 1976 1049 2030 uisi
1069 1977 1212 2049 notiones,
1227 1992 1302 2050 quas

229 2073 441 2147 complectitur,
457 2072 626 2130 ordinentur
641 2079 727 2146 atque
742 2072 777 2129 ad
793 2078 879 2145 caput
894 2088 996 2145 uirum,
1012 2089 1048 2129 ex
1064 2090 1120 2147 quo
1137 2074 1246 2147 reliqua
1261 2074 1303 2132 di-

229 2177 360 2246 maueut,
377 2178 564 2246 revocentur,
585 2187 634 2229 seu
651 2170 728 2245 quod
750 2170 825 2228 idem
843 2176 897 2246 est,
919 2172 972 2228 nisi
990 2174 1128 2229 unitatem
1152 2173 1182 2228 in
1202 2173 1300 2231 multi·

229 2270 330 2329 tudine
348 2271 493 2343 convolvi,
509 2276 537 2327 et
553 2270 599 2327 lex
616 2269 758 2345 generalis
778 2269 934 2326 tnrliriduis
949 2271 1086 2343 applicari
1108 2273 1300 2330 monstretur?

228 2367 293 2440 Quo
316 2375 401 2442 paeto
423 2367 548 2425 solidum
573 2367 703 2425 idearum
727 2375 855 2444 systema
881 2369 1066 2442 eunlluhitur,
1092 2371 1147 2426 nisi
1169 2371 1300 2429 internus

228 2466 378 2523 notionum
402 2481 495 2523 nexus
518 2471 546 2523 et
569 2468 720 2540 compositi
745 2483 780 2523 ex
804 2466 981 2540 simplicibus
1001 2466 1144 2524 ‹lerimtio
1164 2468 1297 2527 ostenda·

228 2563 299 2620 tur?
317 2563 472 2620 Enimvero
493 2566 542 2637 qui
568 2562 653 2620 aliter
674 2563 798 2636 laceret,
821 2566 845 2620 is
867 2571 979 2621 tantum
1001 2565 1122 2622 disiecta
1141 2564 1219 2624 fucta
1240 2567 1300 2624 col·

227 2658 339 2736 ligaret,
358 2661 402 2717 rel
424 2661 526 2718 saltem
550 2665 644 2734 speeie
665 2669 749 2718 tenus
769 2678 911 2737 eorureaa,
932 2679 965 2719 ac
984 2663 1098 2720 turham
1117 2666 1178 2720 sine
1199 2663 1300 2722 ordine

227 2756 368 2830 proferret
394 2760 424 2814 in
451 2759 589 2816 medium.
619 2760 664 2817 Ad
692 2777 857 2836 summam,
881 2761 1031 2818 historiam
1058 2779 1116 2819 riou
1147 2765 1299 2822 scientiam

227 2855 433 2928 suppeditaret.
454 2857 605 2915 Praeterea
623 2875 680 2932 qua
695 2862 806 2916 ratione
825 2877 905 2917 niens
925 2860 1049 2916 hominis
1070 2864 1097 2917 iu
1115 2879 1181 2918 reru
1197 2865 1297 2937 exqui-

226 2952 315 3008 rendo
336 2955 512 3027 procederet,
533 2957 590 3011 uisi
609 2958 783 3014 universalia
803 2960 963 3032 principia,
983 2965 1011 3015 et
1029 2959 1108 3015 ideas
1129 2959 1233 3032 quibus
1256 2977 1299 3018 re-

227 3052 316 3125 gitur,
338 3051 494 3109 identidem
513 3051 632 3111 obiectis
652 3054 831 3131 adiungeret,
857 3065 885 3114 et
914 3060 1131 3114 ratiocinatione
1156 3064 1297 3135 uteretur,

226 3164 298 3224 qua,
318 3156 351 3207 ut
369 3150 506 3224 rirlimus,
530 3152 658 3209 inductio
680 3156 740 3227 ipsa
760 3155 920 3212 intulatur?
943 3156 1020 3212 llaec
1040 3164 1147 3230 autern,
1171 3164 1202 3214 ut
1223 3161 1300 3232 quis·

225 3263 282 3322 que
304 3251 452 3323 perspicit,
474 3251 511 3307 ud
531 3251 694 3326 synthesim
716 3256 869 3326 pertinent.

285 3349 364 3419 Quae
384 3364 449 3404 cum
471 3351 512 3406 ita
532 3352 607 3425 siut,
633 3353 748 3407 normae
772 3369 922 3424 processus
944 3353 1081 3428 analytici
1105 3353 1149 3410 rcl
1174 3353 1297 3428 synthe-

224 3446 276 3501 tici
295 3447 325 3501 iu
346 3448 473 3503 scientiis
499 3464 555 3503 riou
575 3451 599 3505 is
622 3449 741 3517 intelligi
761 3449 861 3523 delmi,
888 3453 935 3525 qui
958 3467 1106 3524 nunquam
1133 3455 1300 3527 componit,

225 3548 276 3599 aut
295 3559 443 3617 nunquam
463 3545 568 3603 dividit
591 3547 655 3620 (linc
677 3551 767 3618 caira,
787 3555 818 3605 ut
837 3549 976 3621 diximus,
1000 3549 1074 3605 cilici
1100 3553 1228 3623 nequit),
1245 3551 1298 3608 scil

221 3637 274 3695 ille
297 3655 330 3696 ea
352 3657 421 3697 rore
444 3650 611 3716 usurpatur,
634 3646 682 3717 qui
707 3653 755 3701 aaut
776 3646 999 3718 speculationem
1020 3647 1056 3702 ab
1079 3649 1124 3719 lie,
1147 3664 1220 3720 quae
1245 3652 1298 3705 mi-

223 3753 279 3794 uus
307 3739 448 3812 simplicia
479 3747 566 3815 strui,
590 3747 775 3816 arispicalus,
802 3743 942 3817 gradatim
973 3745 1009 3801 ad
1038 3746 1244 3802 unitersuliura
1265 3763 1299 3804 ac

223 3834 399 3909 simpliciora
421 3837 549 3912 (inuenit,
571 3842 598 3894 iu
623 3840 781 3914 iisdemque
805 3844 880 3898 sistit
901 3845 1028 3916 cogitatu
1055 3847 1095 3916 lut
1116 3859 1252 3916 piersaepe
1268 3847 1297 3906 ia

223 3932 339 4009 algcbra
359 3943 387 3994 ct
408 3935 568 3994 sublimiori
589 3938 699 3995 calculo
719 3956 834 3996 reluere
854 3947 923 4015 esti,
945 3948 994 3999 erut
1018 3943 1145 4019 licissim
1166 3947 1296 4007 coutem-
