2892 4425
558 352 615 397 ssu
637 348 814 396 osuowslr
1164 346 1217 399 iti

138 471 210 542 trae,
230 466 300 542 qula
320 463 389 524 iicet
407 461 499 522 diuidi
522 463 613 540 masii
632 465 664 522 ln
692 463 833 540 prietes,
849 465 1069 541 perimentum,
1093 464 1214 526 testudi-

136 579 223 640 ncm3
246 562 293 622 rei
315 565 425 639 mlum,
442 564 468 622 cl
488 561 587 640 iubet,
602 563 635 622 in
652 562 713 622 aila
732 563 899 641 angustiora
927 565 1097 625 muricula:
1115 571 1215 626 tamm

134 661 264 744 dippeei
283 662 386 738 nequit
411 662 446 720 ln
470 661 568 738 piures
586 661 670 722 enies
689 677 767 739 quau
785 661 914 722 eiusdem
937 662 1138 744 amplitudinis
1157 667 1218 726 sint

135 765 227 837 atque
253 758 307 819 iila
329 775 405 836 quae
428 757 581 820 diuiditur.
605 759 654 820 Sin
681 762 771 822 etism
798 759 984 822 individuum
1003 761 1152 840 quodlibet
1172 769 1217 824 cci

134 873 247 934 mm,
272 860 343 935 quie
361 861 392 917 in
418 858 505 935 plura
524 859 652 936 mmerpt
665 863 778 938 nepmt.
805 859 835 920 Si
862 861 986 920 crimin
1005 861 1089 939 plura
1103 861 1213 923 disum·

135 963 267 1034 perum
280 955 425 1016 individui
443 961 524 1018 uodo
543 965 702 1032 commem
722 958 803 1035 qood
825 957 935 1018 idcirco
952 959 1012 1018 isle
1033 967 1217 1038 nuncupetur

135 1056 209 1132 quin
228 1053 386 1114 indivisum
406 1061 453 1115 cat
480 1058 511 1114 in
531 1072 563 1115 se
586 1061 617 1116 et
635 1056 765 1116 diuisum
791 1072 810 1116 u
830 1055 962 1132 quolibet
988 1056 1059 1117 aiio.
1079 1055 1215 1135 inquies:

136 1153 231 1214 dividi
257 1155 289 1212 in
312 1153 396 1230 pluro
423 1156 540 1231 poterit,
560 1157 588 1214 si
610 1156 743 1232 pertibus
762 1155 910 1215 constabit
926 1155 1120 1233 innrgsnieis,
1142 1171 1218 1233 quse

136 1251 268 1312 eiusdem
287 1254 413 1312 naturae
429 1255 491 1314 slot
508 1269 546 1313 ac
565 1260 672 1329 totum,
692 1260 727 1314 nt
746 1255 777 1312 in
798 1252 894 1330 lapide
913 1252 959 1312 rei
979 1253 1109 1314 monile.
1128 1256 1167 1315 it
1186 1256 1215 1314 ln

136 1350 196 1411 boe
216 1353 303 1411 etiem
323 1365 392 1412 csso
406 1352 626 1429 impossibilitas
642 1352 814 1428 divisionis,
828 1353 946 1428 proprie
962 1354 1101 1431 colusque
1120 1355 1216 1431 cutis,

138 1449 237 1510 Ιοσιω
261 1449 369 1529 babet3
392 1467 462 1512 nam
492 1458 590 1529 peries
615 1467 692 1529 quse
718 1467 769 1527 per
795 1450 968 1512 iisldcncm
993 1451 1217 1530 diiunguntur,
1295 1503 1298 1510 ,

1 1542 8 1557 ’
138 1549 342 1627 magnitudine
361 1551 497 1610 selune
514 1555 575 1610 toto
595 1549 754 1625 diiierunt3
777 1564 811 1609 ac
832 1549 954 1626 proinde
977 1565 1053 1610 nous
1068 1556 1156 1612 erunt
1173 1553 1217 1610 iu·

136 1646 262 1706 diuidua
279 1647 415 1708 diuam
433 1650 554 1708 radonis
574 1647 613 1708 sb
637 1647 813 1725 individuo,
839 1649 918 1725 qmd
943 1653 1012 1708 ante
1031 1653 1150 1725 propter
1168 1665 1216 1710 ea·

138 1759 209 1806 rem
230 1751 512 1824 coagmentum
535 1747 721 1826 emergebat.
741 1746 938 1821 Quamobrem
963 1753 1039 1808 reate
1063 1750 1162 1808 unm
1186 1748 1218 1814 in

138 1842 269 1921 quadam
288 1843 520 1911 indivisibilium
538 1848 682 1922 consciit,
704 1861 812 1923 perque
831 1861 894 1906 eam
917 1849 1020 1906 nulio
1042 1846 1214 1924 explicatur.

201 1942 264 2002 tien
285 1959 355 2002 vero
368 1946 440 2020 qnia
458 1946 556 2005 unitas
577 1959 628 2020 per
647 1946 804 2004 mimicum
823 1951 992 2023 negantem,
1012 1946 1150 2008 nimirum
1172 1947 1217 2004 io·

135 2037 390 2118 mutieres,
407 2045 594 2120 exprimitur,
616 2046 647 2102 in
662 2057 743 2102 meru
757 2045 909 2121 negatione
929 2045 997 2120 poni
1018 2043 1147 2120 putanda
1161 2049 1214 2103 cst.

136 2137 232 2217 Saepe
243 2143 322 2200 enim
335 2144 485 2219 mevenit,
496 2149 530 2202 ut
541 2157 613 2201 voce
623 2157 679 2200 nos
688 2147 812 2220 negome
826 2148 942 2203 utemur
952 2141 990 2202 ad
1002 2141 1130 2218 eliquem
1142 2141 1217 2217 posi·

135 2240 233 2301 tivum
252 2240 457 2316 meconem
475 2242 772 2319 slpnldmndnm,eni
788 2244 905 2319 sepedo
916 2240 1140 2317 imperfectionis
1159 2238 1213 2299 ali·

137 2340 224 2399 ocius
243 2338 360 2399 adnem
380 2342 428 2399 sit.
452 2339 503 2401 Sic
527 2356 595 2401 num
618 2342 750 2413 animum
769 2339 990 2400 immaterialem
1008 2338 1151 2415 dicimus,
1165 2352 1216 2397 ne·

136 2443 228 2515 mnne
247 2438 304 2499 bon
323 2438 466 2505 uocabulo
485 2441 641 2516 positivam
654 2441 746 2499 animi
768 2438 971 2514 perlectionem
993 2437 1163 2513 innuimus,
1179 2452 1216 2497 ex

136 2550 200 2612 que
224 2537 349 2597 multat
372 2545 408 2597 ut
426 2540 577 2598 materiam
598 2554 714 2599 omnem
744 2536 892 2597 excludat.
907 2534 995 2595 idem
1023 2537 1217 2611 inpraesenti

136 2634 252 2693 incidit.
268 2634 374 2697 Unitoa
387 2638 478 2713 enim,
493 2650 571 2713 qnos
585 2651 636 2713 per
647 2632 921 2696 indivisibilitatem
939 2635 1107 2711 exponitur,
1122 2634 1217 2710 msam

138 2735 181 2793 rei
201 2722 353 2793 udmtem
374 2750 424 2795 seu
445 2735 651 2811 perlectionem
665 2738 823 2811 importet,
836 2739 980 2811 quotenus
993 2730 1065 2793 baec
1079 2731 1217 2791 diuisioni
1348 2802 1362 2831 '

137 2848 216 2911 qnae
235 2832 417 2909 imperiectio
435 2834 579 2911 quaedem
598 2841 659 2912 est,
680 2850 738 2893 uon
760 2832 905 2894 subditur.

201 2939 232 2989 o.
254 2931 300 2991 iix
326 2933 448 2993 unitatis
471 2931 642 2993 dednltlom
667 2934 857 3009 assequitur
886 2937 930 2991 tot
956 2929 1074 3007 reperiri
1108 2930 1217 3004 speeies

138 3032 284 3107 unitatis,
305 3034 376 3107 quot
395 3036 513 3091 exmum
537 3030 778 3092 indivisibiliietls
802 3033 912 3108 speeies
935 3029 1010 3090 nilne
1033 3028 1099 3088 aiils
1125 3026 1216 3104 perie-

138 3130 259 3187 otiorcs.
1082 3116 1089 3131 “

199 3225 294 3286 Porro
307 3242 422 3287 summa
441 3226 674 3302 indivisibilium,
689 3234 777 3304 nique
798 3226 864 3287 ideo
878 3227 1084 3304 perlectissimn
1105 3226 1215 3300 unius,

137 3338 175 3383 ca
193 3330 256 3403 cat,
279 3341 330 3401 per
346 3342 433 3402 quem
454 3325 567 3405 ailquid
596 3329 639 3386 ita
653 3332 698 3385 est
721 3342 831 3401 unam,
853 3332 886 3387 ut
910 3342 1004 3403 neque
1024 3340 1060 3385 cr
1084 3323 1216 3399 pertibus

137 3422 302 3498 mmccccl,
326 3438 419 3501 neque
437 3438 506 3502 pers
529 3424 619 3485 uilius
637 3426 789 3501 compositi
813 3430 865 3485 eut
890 3424 1051 3497 subiemom
1067 3436 1130 3483 esse
1151 3438 1217 3497 pos·

136 3522 178 3583 sit
198 3521 462 3583 modificationibus
481 3523 674 3601 suscipiendis
692 3524 867 3585 obnoxium.
887 3520 970 3582 iisne
984 3522 1131 3598 appellare
1151 3536 1216 3597 pos-

137 3634 244 3681 sumus
266 3624 408 3683 mitatem
437 3621 686 3700 simplicissimam
706 3628 760 3681 nui
785 3622 971 3696 momimom,
1001 3634 1076 3697 qnae
1102 3620 1217 3697 proprie

138 3725 185 3778 eat
204 3717 256 3779 Del
276 3720 379 3781 sollus.
397 3720 504 3781 Omnis
516 3722 594 3779 enim
616 3726 714 3779 erecta
727 3723 805 3780 entia
823 3722 983 3797 composite
1005 3726 1093 3795 suut,
1116 3718 1161 3777 uei
1183 3718 1218 3777 ii·

139 3824 187 3879 oct
204 3822 265 3878 sint
284 3821 442 3896 simplicis,
456 3814 555 3879 temeri
576 3825 627 3879 eut
648 3819 687 3879 nd
706 3818 899 3879 subsmntiom
914 3832 1004 3879 unem
1024 3818 1216 3892 compositum

140 3914 356 3977 eliormandnm
376 3916 480 3977 dieunt
499 3915 651 3993 ordinem,
675 3924 727 3977 aui
746 3917 851 3977 saltem
872 3910 1133 3975 modificationibus
1152 3914 1218 3990 qui·

140 4011 265 4087 busim
281 4014 459 4075 eliciuntur.
488 4015 537 4075 Sin
559 4016 699 4093 spiritns,
712 4030 891 4092 quamquam
906 4004 1066 4089 simplicem
1081 4018 1217 4070 usturam
