2892 4425
253 322 293 375 ⁵⁰
596 323 606 337 ¹
726 325 860 369 {0001ssss
885 344 891 355 ·

250 436 429 507 obiiciantur
442 434 562 510 iudicia,
585 448 736 509 nunquam
754 439 853 492 umen
874 447 957 492 mens
974 448 1011 493 ax
1034 446 1095 493 una
1112 430 1237 491 diuum
1255 429 1330 491 deri·

254 535 347 595 subit.
362 535 545 609 Quamquam
568 533 656 608 igitur
675 530 783 591 iudicia
804 530 991 606 postulantur
1007 531 1093 606 quasi
1111 530 1236 589 materia
1253 528 1332 589 unde

254 639 367 695 constet
382 631 583 705 ratiocinatl03
605 628 635 689 ld
651 635 750 689 tamen
767 628 848 705 quad
865 630 982 704 proprie
998 627 1076 688 hanc
1093 627 1259 702 constitnit,
1279 642 1332 687 seu

253 732 319 807 ipsu
336 730 565 790 ratiocinationis
582 726 688 803 iorma,
708 742 784 802 quae
800 732 869 787 actu
881 726 1024 785 inferendi
1042 727 1220 801 nuntiantur,
1238 726 1270 783 in
1288 726 1332 784 ln-

255 828 379 889 tuitiana
395 841 489 885 nexus
507 827 582 885 inter
597 840 687 885 annm
703 822 841 899 aliudque
858 823 1000 894 iudicium
1017 821 1223 888 intercedentis
1241 822 1331 879 sitnm

256 923 423 1000 ostiique
441 922 513 981 haec
530 923 744 984 consecutionis
758 922 962 995 conspicientia
983 918 1057 979 illud
1071 926 1128 993 est,
1146 916 1227 993 qnod
1244 918 1331 976 ratio·

254 1022 364 1081 einana
385 1036 466 1081 mero
488 1018 656 1095 superaddit
679 1016 798 1077 iudicia.
826 1018 924 1089 Quare
946 1023 980 1077 ut
1001 1016 1141 1077 iudicium
1162 1031 1200 1075 ex
1217 1013 1331 1073 duabns

196 1166 199 1175 .
253 1117 328 1179 ideis
345 1119 467 1181 interae
479 1114 674 1191 conferendis,
693 1118 738 1175 sic
755 1116 940 1175 radaclnlum
950 1130 987 1174 ex
1002 1112 1127 1173 duorum
1144 1111 1190 1172 sel
1204 1112 1332 1187 plurium

253 1216 431 1281 indiciorum
448 1220 552 1275 mutua
568 1214 787 1289 comparatione
805 1212 939 1272 raanitat.

314 1311 356 1373 Ut
373 1318 471 1373 antem
491 1317 630 1387 appareat
645 1310 749 1371 modus
768 1326 828 1386 quo
851 1326 934 1369 mens
954 1310 1014 1369 hac
1032 1308 1179 1384 detentat,
1197 1302 1331 1381 exempla

253 1426 316 1471 rem
330 1409 421 1469 veluti
434 1407 489 1469 sub
503 1414 652 1483 aspectum
666 1410 875 1483 proponamus.
891 1406 1025 1483 Flagesis
1038 1408 1175 1482 ignorare
1187 1410 1331 1465 teatrum

233 1513 238 1523 “
255 1509 383 1583 animus,
401 1521 453 1565 sen
474 1506 662 1581 principium,
682 1521 718 1573 aa
732 1520 792 1581 qno
806 1506 838 1563 ln
852 1504 970 1563 homine
987 1506 1109 1581 emergit
1125 1504 1276 1579 cogitatio,
1294 1502 1334 1561 sit

253 1604 381 1679 simplex
405 1617 506 1663 neone.
531 1601 573 1661 Ut
601 1618 661 1661 rem
687 1601 765 1663 hanc
788 1601 933 1677 definias,
955 1618 1031 1678 quae
1054 1605 1165 1662 incerta
1188 1599 1243 1659 tihi
1267 1616 1334 1659 esse

254 1702 441 1777 supponitur,
459 1698 498 1760 ad
519 1699 577 1759 alla
598 1698 706 1759 indlcln
728 1698 884 1775 confugias
901 1715 976 1775 opus
993 1706 1062 1775 est;
1080 1714 1205 1776 quorum
1223 1699 1333 1758 veritas

254 1813 323 1857 cum
343 1798 502 1872 superiore,
525 1812 615 1872 qnam
629 1798 774 1872 acquiris,
789 1799 952 1856 neooemria
967 1795 1086 1882 vinculo
1101 1797 1264 1871 colligetur.
1279 1793 1335 1853 As·

184 1900 189 1907 '
253 1910 338 1953 sume
357 1896 447 1969 igitur
465 1893 605 1952 iudicium
629 1892 708 1969 hoc,
729 1893 808 1969 quad
830 1893 950 1953 aliunde
972 1893 1026 1953 tibi
1048 1902 1151 1968 notum
1173 1898 1331 1969 suppetat:

249 1992 435 2069 principium
451 1992 641 2067 capitationis
650 1994 693 2051 est
702 1989 841 2069 simplae.
850 1990 924 2051 Gum
939 1998 1037 2051 autem
1050 1994 1109 2051 iam
1126 1993 1203 2050 scias
1216 1991 1336 2049 nominc

256 2090 350 2147 animi
367 2090 543 2163 principium
557 2090 744 2163 cogitationis
762 2088 898 2164 intelligi,
920 2091 963 2149 sic
976 2077 1119 2149 eiusmodi
1132 2089 1240 2148 iudicia
1253 2103 1335 2147 com·

256 2184 388 2263 parando
402 2184 554 2262 disponas
574 2186 764 2264 Principium
779 2174 970 2264 capitatimis
982 2189 1027 2247 est
1038 2184 1185 2264 simplem·
1198 2183 1251 2245 sed
1266 2186 1335 2245 uai-

253 2299 320 2342 mus
340 2287 385 2342 ast
402 2285 584 2362 principium
604 2284 814 2362 capitolinam
833 2301 904 2362 erqo
922 2287 1040 2344 ammaus
1060 2289 1104 2345 est
1122 2283 1262 2361 sempter.
1287 2284 1336 2344 lix

257 2398 316 2460 qno
334 2383 420 2446 laclia
434 2386 618 2461 perspicitur,
632 2389 728 2446 totum
741 2385 886 2446 ratiocinii
898 2384 1047 2462 opiilcinm
1060 2387 1091 2444 in
1104 2401 1139 2445 aa
1155 2387 1237 2460 poni,
1253 2383 1337 2460 qnod

252 2479 361 2540 iudicia
380 2481 521 2548 nonnulla
541 2484 617 2542 iuter
637 2498 668 2542 se
688 2481 877 2542 aaniemntur
894 2482 933 2542 ad
946 2485 1065 2542 tertiam
1079 2481 1199 2558 aliquod
1217 2482 1335 2542 dician-

253 2577 336 2638 dum.
357 2579 422 2654 Qua
443 2578 479 2638 de
501 2595 533 2638 rs
551 2578 695 2655 duplicem
715 2579 871 2662 utilitatem
889 2581 1029 2656 importat
1045 2581 1241 2656 ratiocinatio,
1261 2595 1334 2656 qus-

253 2679 338 2735 tcnus
359 2681 390 2735 et
411 2676 449 2735 ad
469 2678 562 2753 ignoti
582 2678 719 2752 notitiam
738 2676 837 2759 duait,
857 2683 888 2740 et
910 2679 989 2753 ipsas
1009 2681 1146 2738 ueritates
1169 2679 1229 2737 iam
1247 2683 1337 2738 naus

183 2833 188 2842 ,
254 2773 356 2832 ordine
376 2775 517 2850 instruit,
536 2779 570 2833 nt
587 2773 703 2834 facilins
726 2776 908 2836 retineantur
929 2774 968 2836 ad
984 2777 1180 2853 scientiaeque
1199 2792 1336 2835 normam

253 2874 404 2945 aptentur.

314 2973 364 3026 ²2.
387 2965 555 3042 expressio,
573 2981 633 3044 qna
657 2969 844 3028 ratiocinium
862 2978 961 3032 menta
977 2971 1072 3032 latens
1089 2973 1271 3041 extrinsecas
1293 2973 1335 3030 sl·

250 3061 424 3138 gnissaatnr,
442 3065 602 3139 generatim
615 3069 835 3142 argumentatio
849 3066 967 3144 dieitur,
988 3085 1064 3145 qnae
1081 3068 1202 3145 proinde
1218 3067 1337 3128 deliniri

251 3165 362 3235 potest:
383 3162 478 3222 aratio
490 3176 551 3236 qua
568 3165 727 3238 propositio
739 3180 799 3224 una
812 3181 850 3224 ex
863 3166 923 3226 alia
937 3165 1073 3226 infertor.
1088 3166 1182 3226 Parra
1193 3181 1241 3243 ea,
1255 3165 1338 3226 ande

157 3299 161 3306 .
251 3255 389 3334 iniertur,
408 3256 597 3333 succedam·
617 3275 665 3336 ea,
686 3276 762 3337 quae
778 3261 914 3340 iniertnr,
935 3255 1127 3342 caraequeas5
1148 3267 1212 3339 ipsa
1229 3279 1337 3323 cansa-

251 3355 368 3430 quentls
386 3370 424 3414 ex
444 3355 631 3418 antecedente
648 3357 792 3419 derivatio
812 3364 1019 3438 consequentia
1037 3364 1218 3422 nominatur.
1236 3362 1340 3435 Quare

251 3455 468 3528 consequentia,
484 3459 517 3514 ut
533 3462 624 3532 patet,
638 3471 699 3516 nan
712 3462 758 3516 eat
771 3457 847 3516 idem
860 3473 897 3518 ac
910 3475 1101 3536 consequens,
1116 3462 1269 3536 porasque
1280 3459 1338 3520 ali·

251 3548 370 3626 quanda
384 3565 453 3609 vcra
469 3566 551 3630 esse,
566 3554 638 3628 quln
651 3559 752 3614 tumen
764 3569 944 3630 consequens
958 3559 997 3617 sit
1010 3572 1131 3634 samm,
1145 3562 1175 3616 et
1189 3557 1335 3616 vicissim.

303 3633 450 3706 'ilmninm
464 3649 690 3725 completissima
710 3651 798 3710 simul
817 3667 854 3713 aa
872 3653 1090 3729 simplicissima
1103 3655 1336 3731 argumentatio,

247 3757 323 3818 qnae
340 3746 592 3808 ratiocinationem
610 3763 701 3808 anam
718 3749 805 3825 plene
822 3752 986 3827 exprimat,
1008 3751 1182 3829 syllogismo
1199 3752 1337 3813 contine-

251 3845 320 3916 tur;
342 3847 453 3902 ceterae
472 3844 615 3919 siqnidem
639 3851 692 3904 ant
715 3847 851 3906 mutilum
875 3848 1081 3925 syllogismum
1100 3849 1257 3924 exhibent,
1280 3853 1339 3907 ant

250 3937 382 4014 pluribus
406 3938 585 4020 syllogismis
605 3949 762 4020 constant,
781 3951 833 4004 aut
853 3947 884 4005 in
902 3946 1109 4024 syllogismum
1130 3945 1335 4017 resolvuntur.
