2892 4425
438 355 516 400 rias
536 355 655 401 ιιιιιι
675 371 688 386 ·
708 357 927 404 ιιιιιιοιοιιιι
1164 347 1222 402 ιιι

146 469 204 528 uisi
223 465 340 528 iudiciis
352 470 383 526 et
394 467 679 542 comparationibus,
693 469 889 528 senmticnem
910 483 969 528 non
986 467 1111 528 excedit.
1133 465 1222 530 Deul-

145 580 225 642 que,
250 569 407 641 postquam
432 578 488 639 ope
511 562 679 624 rederiouis
704 567 803 624 uarias
831 565 988 642 qualitates
1014 565 1221 642 elicuerinruu,

145 661 253 740 quibus
271 677 318 722 raa
337 661 471 720 damnas
490 659 652 737 ditioruut,
673 677 828 737 possumus
848 662 915 722 illas
938 665 968 722 ln
987 677 1046 722 unc
1066 661 1158 724 veluti
1178 678 1224 722 so·

146 761 224 820 cinre
242 759 385 819 subiecto.
407 759 484 820 Tum
502 760 591 820 atium
614 775 674 820 uuo
694 759 809 835 prolato
829 759 954 837 indicio,
976 761 1121 822 iudicium
1141 760 1223 824 allud

145 872 232 933 saepo
249 855 439 932 deducimus,
454 857 534 933 qnod
553 855 630 916 lorte
649 859 681 916 iu
699 856 752 916 iilo
771 857 987 918 continebatur.
1009 857 1108 920 Prima
1121 875 1224 920 earum

146 955 293 1014 acdonum
313 955 509 1032 impioubb,
527 955 621 1015 altero
639 955 833 1016 ratiocinium
852 954 978 1030 dicitur3
993 960 1116 1032 utraque
1135 973 1222 1034 raro,

144 1058 179 1112 ut
191 1058 288 1128 patet,
303 1051 519 1112 sensationibua
532 1067 611 1112 mem
623 1051 786 1113 constabit.
801 1050 909 1112 Omnes
923 1053 1013 1128 lgitur
1027 1053 1118 1112 aulml
1132 1051 1223 1114 iacul-

145 1154 223 1210 tatos
235 1165 311 1226 quae
329 1149 509 1210 intellectum
524 1149 655 1210 cendant
669 1149 707 1209 ad
720 1149 944 1210 sensibilitatem
966 1149 1065 1210 reduci
1085 1157 1219 1226 possunt.

208 1254 276 1306 tlt.
297 1247 365 1306 Non
378 1247 511 1324 equide-
524 1248 586 1308 scio
599 1252 698 1310 utrum
712 1247 825 1324 ailquid
838 1247 965 1323 ineptius
979 1247 1080 1307 allarrl
1094 1253 1221 1324 poterat.

145 1345 210 1406 flac
228 1346 308 1404 enim
322 1345 456 1406 doctrina
473 1345 724 1405 naturabomiuis
738 1346 790 1404 uix
804 1350 857 1405 aut
869 1360 907 1404 nc
928 1346 978 1404 vix
999 1343 1116 1421 quidem
1130 1361 1149 1404 a
1163 1344 1221 1406 bal·

145 1444 204 1504 luis
215 1443 446 1528 discnmtqatm.
468 1441 544 1502 Sana
557 1444 600 1518 si,
615 1447 648 1500 ut
660 1443 723 1518 ipse
743 1444 845 1502 amerii
864 1441 1032 1518 condinae,
1048 1443 1136 1502 homo
1149 1442 1221 1504 dum
1259 1477 1264 1486 ·

144 1539 331 1600 multitudine
357 1541 557 1600 sensationum
582 1538 731 1616 aflicitur,
757 1539 885 1600 nobilius
914 1539 988 1598 nibil
1017 1539 1105 1600 ollert
1131 1556 1222 1616 quam

142 1639 252 1698 mmai
273 1639 500 1714 persentiscens3
520 1640 609 1698 edam
629 1653 697 1698 curn
717 1637 871 1714 inteiligit,
892 1640 1087 1714 praestantius
1108 1638 1220 1716 aliquid

143 1736 321 1813 praeseferre
333 1752 393 1795 non
406 1737 523 1811 poterit.
539 1737 679 1796 Sensisrm
691 1738 772 1796 enim
787 1739 948 1812 eumuna,
960 1737 1124 1798 intellectus
1139 1737 1220 1798 aliud

142 1835 218 1895 nibil
238 1840 302 1910 est,
323 1836 380 1894 nisi
399 1815 569 1910 complexus
589 1850 691 1894 aarum
713 1833 910 1909 facultatum,
931 1850 1008 1910 quae
1028 1834 1221 1896 sensibilitate

141 1933 323 1994 multimodis
344 1934 457 1992 ramata
475 1935 709 1992 constituuntur.

201 2029 259 2092 sat
278 2037 313 2092 ut
331 2032 464 2090 cominus
483 2045 551 2090 cum
568 2030 624 2089 bae
637 2029 820 2091 absurditate
841 2046 1019 2107 pugnamus,
1035 2030 1218 2092 animaduer-

141 2132 232 2190 timus
251 2131 379 2206 pumum
401 2143 466 2188 eam
492 2126 549 2188 sibi
575 2135 800 2188 consentaneam
827 2130 946 2187 minime
971 2143 1043 2188 esse.
1065 2127 1142 2186 Nam
1164 2127 1218 2186 etsi

141 2228 312 2303 inuitam,
328 2244 403 2304 quas
423 2233 593 2303 enumerat,
608 2227 647 2287 ad
666 2228 861 2288 seusaticuem
884 2226 1104 2303 reducerentur,
1119 2232 1218 2287 tamen

140 2328 230 2385 ιιιιιιι
249 2331 321 2385 tuuc
335 2324 513 2385 adstruenda
531 2331 610 2385 esset
625 2327 657 2383 ln
677 2326 776 2385 auimo
797 2326 843 2385 vis
864 2324 1008 2401 quaedam
1023 2341 1040 2386 a
1054 2326 1219 2385 mnsaiiono

140 2423 295 2499 (ιιιιιιιιιιι,
313 2439 391 2500 quae
409 2422 553 2483 eiusmodi
573 2420 849 2482 transformationes
869 2427 1035 2499 peragerem
1056 2438 1131 2499 quae
1150 2435 1217 2497 prc-

141 2519 210 2579 iude
228 2536 295 2581 cum
309 2522 346 2581 lis
361 2520 503 2581 motandi
521 2536 583 2579 uon
602 2526 717 2596 posset,
732 2521 788 2579 nisi
808 2519 915 2581 artilex
930 2518 1006 2579 idom
1021 2535 1084 2579 esse
1099 2520 1216 2581 dicatur

140 2632 210 2676 cum
230 2618 352 2678 materia
369 2634 458 2694 mam
479 2615 593 2694 perlicit
612 2623 642 2677 at
660 2616 793 2677 elaborat
807 2614 829 2675 ¹.
852 2616 962 2677 Deinde
975 2616 1032 2676 hoe
1051 2617 1146 2693 ipsum
1161 2616 1216 2677 tal·

140 2730 208 2773 sum
229 2720 291 2790 ost,
306 2713 461 2775 facultates
475 2714 541 2775 ilias
554 2731 622 2775 cum
636 2716 801 2775 senmnonc
820 2713 971 2775 contundi.
994 2714 1059 2788 Qua
1078 2716 1109 2773 lu
1128 2730 1159 2773 re
1178 2730 1216 2773 ne

139 2812 223 2870 nimii
243 2812 351 2886 simus,
366 2818 425 2871 tres
444 2812 600 2873 dumtaxat
618 2810 847 2871 considerandas
869 2813 1059 2871 assumimus:
1081 2813 1215 2871 attentio·

139 2924 224 2985 uem,
238 2909 394 2987 iudicium,
410 2911 675 2971 ratiocinationem.
696 2908 829 2970 Attentio
848 2916 927 2969 certe
947 2924 998 2984 per
1020 2911 1216 2971 sensationem

139 3006 280 3083 euplieml
300 3024 360 3068 non
380 3013 486 3085 potest.
507 3007 622 3068 Etenim
639 3014 672 3068 ut
689 3008 780 3069 animi
801 3004 934 3067 obtutum
957 3008 985 3065 iu
1007 3023 1069 3065 ram
1086 3006 1213 3083 aliquam

199 3209 209 3253 l
229 3223 242 3247 «
253 3204 274 3255 il
291 3208 329 3256 esi
346 3205 448 3257 diliiciie
459 3207 491 3257 de
507 3206 670 3271 compreudre
682 3218 712 3257 ee
723 3218 789 3269 quae
803 3208 862 3256 veui
873 3204 927 3255 dire
936 3204 1065 3255 condiliae
1076 3216 1137 3255 aueo
1151 3202 1216 3254 cetis

139 3300 152 3323 ι
168 3284 321 3345 ιιριιιιίοιι
334 3284 360 3335 ia
372 3288 507 3337 semotior
523 3285 715 3348 tramsormae3
727 3286 789 3336 mais
801 3298 831 3336 eu
847 3284 985 3335 admetlaoi
995 3297 1044 3347 que
1055 3283 1214 3347 l'erpressiou

137 3379 151 3403 ι
168 3362 217 3411 uolt
228 3362 304 3413 slaire
317 3366 342 3415 et
357 3364 381 3416 le
396 3366 442 3416 luit
457 3369 541 3429 exact,
555 3366 572 3418 il
589 3366 682 3416 resteru
697 3366 712 3414 t
728 3365 859 3428 expliquer
874 3359 999 3414 comment
1014 3363 1136 3413 s'execute
1151 3364 1215 3413 cette

138 3460 151 3485 ι
168 3443 385 3509 ιιιιιιοιιιιιίοι,
399 3460 460 3497 areo
474 3447 532 3509 quel
549 3446 709 3507 instrument,
721 3447 747 3495 et
760 3447 827 3496 alors
842 3446 860 3495 ii
877 3444 964 3495 laudra
978 3444 1034 3494 bien
1049 3443 1170 3495 admettre
1182 3455 1214 3493 en

136 3540 150 3565 ι
166 3533 231 3572 nous
245 3536 294 3575 une
309 3525 401 3576 inculte
416 3527 460 3589 qui
476 3526 527 3588 agit
542 3540 585 3576 sur
604 3527 627 3577 iu
646 3526 771 3576 seusallou
789 3538 853 3589 pour
869 3526 894 3575 la
913 3524 1073 3577 transtormer
1091 3536 1121 3575 en
1140 3524 1212 3587 ellet;

135 3620 149 3644 ι
167 3600 185 3651 ii
201 3601 291 3654 landra
306 3604 429 3655 edmettre
442 3608 530 3656 uotum
544 3606 576 3656 de
590 3605 695 3656 luculleo
707 3604 944 3669 mmslormatrioes,
957 3604 1019 3668 qu’ll
1034 3602 1120 3667 ysde
1134 3605 1212 3655 irrue·

136 3700 149 3723 ιι
167 3679 314 3732 tornutium
328 3683 493 3745 neocastren
509 3685 535 3735 et
551 3686 618 3735 slors
632 3698 666 3735 oo
683 3697 716 3734 au
734 3683 864 3735 reviendra
882 3698 970 3735 encore
987 3698 1018 3735 au
1038 3686 1118 3735 mima
1134 3684 1212 3747 point.

135 3779 149 3803 a
166 3756 309 3810 coniondre
329 3761 365 3811 ies
383 3760 488 3813 incultas
503 3763 596 3814 satirae
614 3763 646 3813 de
667 3764 762 3827 l’esprlt
781 3777 841 3815 erac
859 3764 883 3815 la
901 3766 1025 3817 sensatior
1044 3776 1088 3815 sur
1106 3762 1212 3826 laquelle

135 3858 148 3881 a
165 3839 317 3902 s’exeroent,
334 3840 397 3891 u'est
414 3854 444 3892 ce
462 3854 507 3904 pas
524 3842 549 3893 la
568 3844 649 3893 merua
668 3844 743 3894 ebose
763 3857 813 3909 que
828 3844 849 3895 si
866 3859 898 3895 on
914 3844 1057 3895 coniondait
1073 3842 1213 3894 l’lodosirie

133 3938 147 3961 ι
163 3918 197 3969 de
211 3920 335 3983 plusieurs
348 3921 461 3971 coortas
475 3934 537 3973 aroc
552 3922 576 3973 la
592 3922 694 3975 matidre
707 3923 779 3975 burte
795 3924 869 3987 qn’ila
884 3925 1012 3977 elaborent
1023 3924 1211 3975 tour-blumio

133 4000 171 4049 Dr
187 4002 308 4051 Genauno
323 4002 441 4053 Histoire
455 4002 591 4068 comporto
606 4002 652 4055 dea
666 4007 730 4067 spol.
748 4018 772 4069 p.
793 4012 821 4067 t,
838 4018 860 4055 a.
884 4013 919 4057 ιι.
