2892 4425
443 366 528 467 'nnat
549 398 651 445 earn
672 414 686 427 ·
705 400 908 444 coenonema
1184 396 1218 447 tt

139 516 227 587 aunt,
248 512 301 586 qui
320 526 371 585 per
394 508 530 569 deiimnm
558 508 683 568 erectum
706 525 738 568 oe
762 516 886 569 cornuto
914 512 1010 586 capite
1033 512 1143 588 ornari,
1166 518 1218 571 aut

136 610 207 688 gatii
229 609 398 687 gallinacei,
424 607 471 666 vei
496 608 569 683 tupi,
592 606 639 666 rei
660 606 745 667 ituris
763 606 870 692 habere
888 607 1026 685 figuram.

195 707 286 782 lteap.
304 706 393 766 Gonc.
406 707 561 779 maiorem
573 720 650 782 nepo
664 694 818 779 minoreve,
834 712 864 765 et
876 708 938 765 vim
955 708 1076 769 rationis
1089 708 1215 768 additae.

135 805 197 865 Nos
217 804 255 863 de
277 806 432 864 existentia
451 806 604 880 corporis,
628 804 748 879 quicum
779 806 895 861 animus
916 810 1015 863 norim
1039 805 1216 881 copulatur,

135 906 291 964 certissimi
311 920 415 963 eumue
440 904 477 962 ex'
501 903 641 962 reiatione
665 918 769 962 census
794 904 912 962 interni.
940 904 1034 963 Huius
1057 908 1134 963 onim
1162 896 1218 981 ope

135 1006 304 1079 experimur
320 1008 473 1061 extentum
494 1000 657 1077 quoddam5
679 999 813 1076 partibus
836 1004 938 1059 mutuo
961 1000 1105 1061 distimtio
1124 1002 1217 1061 coeio·

135 1117 242 1175 aecus,
259 1100 345 1158 nobie
360 1101 463 1157 intime
481 1100 619 1174 coniungi
632 1140 642 1174 ,
662 1100 782 1174 eiusque
796 1090 973 1157 adminicuio
987 1114 1040 1157 nos
1059 1100 1219 1176 perceptio

134 1214 189 1257 neu
217 1198 336 1256 oenoiiee
355 1212 500 1255 exercere.
523 1196 673 1255 Habemus
693 1197 785 1272 igitur
803 1195 882 1254 undo
900 1195 1103 1255 certitudinem
1124 1198 1217 1256 nociti

135 1292 268 1371 eorporis
291 1310 492 1371 assequamur.
514 1293 611 1366 Quam
629 1291 748 1369 quidem
762 1292 864 1352 deiiria
880 1291 944 1369 iiia,
962 1308 1037 1369 quae
1056 1292 1219 1353 Maiebren·
1238 1339 1244 1350 .

135 1393 222 1452 chius
242 1391 517 1469 omnicoetum
537 1390 656 1467 quidem
677 1389 840 1449 infirmant.
865 1390 908 1450 Eu
931 1392 1009 1450 euim
1032 1392 1063 1450 in
1089 1392 1126 1451 tio
1148 1406 1216 1451 uou-

136 1492 276 1567 tinguut,
297 1491 347 1565 qui
372 1496 456 1549 extra
478 1495 589 1549 etatum
612 1488 651 1548 ud
672 1490 728 1548 rite
745 1488 979 1573 cognoscendum
998 1488 1137 1551 idoneum
1155 1506 1218 1549 ver·

134 1594 253 1662 aautur3
267 1602 335 1646 cum
358 1602 412 1646 noa
428 1593 532 1653 contra
551 1586 728 1645 denomino
749 1586 916 1665 loquamur,
940 1590 991 1665 qui
1020 1591 1124 1649 mentio
1146 1604 1218 1650 uuae
1341 1596 1347 1605 '

135 1688 177 1746 uit
191 1700 312 1761 compos
331 1690 361 1744 et
384 1691 550 1760 opportuna
570 1685 697 1762 gaudeat
716 1684 895 1745 vaietudina.
918 1685 1050 1762 Itemque
1073 1686 1123 1745 ilie
1135 1700 1217 1747 error

136 1784 297 1843 intervenit
309 1784 411 1858 paucis
424 1780 464 1841 ob
475 1780 614 1841 adiuncta
621 1782 765 1859 quaedam
778 1788 888 1843 rectum
900 1798 987 1844 usum
999 1786 1122 1844 rationis
1137 1800 1218 1861 praa-

135 1880 295 1957 petilentia,
311 1878 506 1955 tribuiturque
525 1894 680 1941 musarum
696 1882 890 1941 secundarum
910 1881 1045 1941 defectui.
1066 1881 1216 1961 recreor,

135 1994 223 2054 quem
243 1993 299 2037 noo
318 1980 483 2054 reiicimuu,
504 1981 670 2038 eommunia
690 1985 765 2039 canet
785 1986 813 2039 et
826 1994 1016 2056 perseverans
1037 1984 1066 2039 et
1083 1994 1216 2041 neucesa-

135 2078 217 2152 riuo3
239 2076 361 2151 proinde
376 2074 607 2152 proficisceretur
623 2094 659 2137 ex
678 2080 742 2154 ipsu
756 2077 987 2139 conforrnatione
1005 2085 1138 2154 naturae,
1163 2079 1216 2141 itu·
1236 2084 1238 2087 ’

135 2172 275 2252 beretqua
294 2182 443 2235 auctorem
464 2172 568 2234 Deum.

197 2271 291 2333 ontio.
306 2273 344 2333 V.
360 2273 452 2351 Dona,
465 2279 568 2351 utpote
580 2276 631 2351 qui
644 2283 689 2334 eut
707 2277 953 2360 sapientissimus,
969 2291 1020 2351 per
1037 2273 1133 2334 media
1145 2277 1215 2335 aim-

136 2371 297 2447 pitciooima
319 2379 467 2447 operetur.
495 2371 574 2449 Ergo
597 2389 656 2432 uon
678 2373 786 2448 exigua
807 2388 857 2448 per
883 2387 990 2450 magua
1011 2370 1144 2448 perticit,
1164 2371 1214 2432 sco

28 2549 32 2555 Ι
136 2475 241 2529 contra
259 2485 381 2547 magnos
400 2468 473 2529 iinm
486 2472 664 2545 perexigua
686 2469 783 2528 merite
804 2472 1002 2546 consequitur.
1025 2467 1139 2527 Adduoi
1162 2470 1215 2544 igi-

138 2574 188 2627 tur
203 2567 274 2626 hinc
296 2583 454 2642 possumus
468 2568 505 2628 ad
519 2567 769 2628 subdubitnodum
792 2573 929 2626 utrumne
948 2567 1027 2627 eoiua
1042 2565 1118 2625 Deua
1138 2565 1217 2625 idean

138 2680 294 2741 corporum
320 2668 349 2724 in
369 2665 453 2725 coitio
476 2672 569 2740 creet,
593 2681 631 2724 an
658 2667 722 2741 ipsa
743 2680 865 2740 corpora
892 2679 958 2724 vere
984 2665 1130 2724 exstantia
1150 2663 1215 2722 iiius

138 2766 277 2823 excitent.
1086 2785 1090 2790 ·

196 2863 287 2938 lietp.
311 2863 392 2921 Diri.
413 2859 605 2922 antecedent:
625 2878 677 2938 per
696 2859 796 2921 media
818 2859 1045 2935 simplicissime,
1058 2873 1133 2934 quae
1151 2873 1215 2933 pro·

139 2963 302 3036 portionuta
325 2961 385 3019 sint
406 2959 459 3018 tini
478 2975 566 3036 quem
586 2959 849 3036 intendit‚'eonc.‚·
872 2975 923 3034 per
943 2957 1037 3016 medin
1062 2956 1216 3032 simplicis·

139 3059 213 3115 sima
232 3073 307 3133 quae
322 3043 379 3116 hac
397 3059 584 3133 proportione
597 3062 715 3133 carent,
735 3073 824 3133 nequ.
838 3057 1022 3131 Quamquam
1043 3055 1161 3114 divinae
1174 3070 1218 3113 aa·

139 3157 264 3230 pientiae
277 3162 421 3233 repugnat
441 3154 538 3214 iacere
557 3171 610 3230 per
629 3154 715 3230 ptura
736 3159 767 3213 ct
785 3168 905 3230 magna,
920 3152 998 3230 quod
1015 3167 1067 3228 per
1081 3153 1217 3227 pauciora

138 3254 282 3329 etexigua
293 3253 388 3312 iacere
400 3259 506 3329 potent,
518 3252 637 3328 wando
651 3251 755 3310 modus
771 3258 802 3311 et
815 3252 883 3310 irnis
897 3250 1052 3326 utrobique
1065 3255 1110 3308 eat
1125 3249 1216 3324 idom;

138 3350 168 3409 id
180 3355 279 3410 tamen
294 3350 374 3409 haud
393 3367 494 3410 rernm
513 3357 573 3426 ent,
597 3350 716 3426 quando
740 3349 844 3429 modus
869 3356 899 3408 ot
922 3347 990 3407 iiois
1009 3353 1054 3406 eat
1068 3347 1214 3420 diversor,

137 3453 171 3506 nt
197 3451 227 3507 in
249 3465 280 3508 re
304 3455 406 3508 nootra
424 3451 579 3525 contingit.
606 3448 682 3507 Nam
700 3449 726 3507 oi
748 3447 826 3508 Deua
846 3447 928 3506 ouius
947 3451 1125 3521 operaretur,
1146 3444 1218 3502 ordo

137 3549 267 3605 universi
281 3552 441 3624 corrueret,
459 3549 510 3623 qui
528 3563 563 3605 ex
584 3547 698 3604 actione
720 3547 870 3621 agentium
894 3550 1058 3603 creatorum
1073 3543 1215 3618 exsurgit.

137 3644 273 3703 Ceterum
297 3661 357 3704 non
384 3653 485 3704 utrum
509 3643 587 3703 Deua
614 3659 651 3702 an
679 3659 802 3719 corporo
827 3643 907 3702 ideas
928 3641 1047 3700 seusties
1074 3642 1103 3698 in
1131 3639 1217 3699 uobis

137 3744 266 3802 excitent
286 3759 387 3802 revera
401 3745 450 3802 hic
479 3743 686 3818 disputamue3
707 3741 758 3800 sed
785 3747 883 3800 utrum
906 3740 977 3799 idcio
1001 3738 1062 3798 iiiis
1092 3737 1217 3828 obiecta,

137 3855 213 3916 qnae
227 3841 407 3916 referuntur,
422 3847 594 3902 consonent.
610 3841 708 3913 Quare
729 3841 844 3899 etiamsi
859 3839 977 3898 daretur
998 3835 1218 3896 Maiebmnchio
1267 3839 1271 3848 '

138 3938 231 3999 Deum
251 3955 317 3999 ease
338 3942 426 3999 unice
443 3954 581 4014 causam,
595 3953 671 4014 quae
693 3937 773 3996 ideas
791 3935 911 3996 senaiico
928 3937 957 3993 in
980 3934 1063 3994 nobie
1084 3932 1214 4005 citiciat3

139 4035 217 4097 haud
238 4044 337 4097 tamm
360 4039 405 4096 vis
431 4038 588 4113 superioris
610 4037 841 4095 ratiocinationis
873 4038 1029 4092 corrueret.
1057 4030 1131 4090 Nam
1152 4034 1214 4088 tum

1016 4125 1029 4151 t
