2892 4425
566 365 642 408 aaas
665 363 781 406 inurar
1172 357 1209 408 05

129 475 380 550 contennpietiona
398 473 625 549 inliquefactis
644 474 760 534 innixa
786 471 945 550 sanguim
968 478 1065 534 autam
1085 473 1209 534 circula·

130 576 173 634 tio
190 589 250 632 uon
268 573 383 632 adverti
402 571 547 632 dlcltura
570 571 740 647 nonnullis,
755 573 825 648 qula
842 571 1060 632 assuetudinem
1078 579 1207 648 generat.
1321 613 1326 630 .

129 671 207 730 liam
228 670 389 746 aequabilis
411 687 526 752 suuper
542 678 589 730 est
608 677 639 730 et
659 673 823 746 contiuua,
847 687 882 730 ac
902 671 991 730 slmill
1012 670 1080 730 iera
1097 687 1211 748 semper

129 770 218 830 modo
237 786 292 830 nos
313 769 458 830 menna.
482 769 523 830 iit
548 776 645 852 autem
666 773 795 830 sensatlo
819 770 974 845 peculim
991 770 1113 845 obiecti,
1132 770 1212 848 quod

129 871 279 930 internum
296 875 360 945 est,
381 869 565 944 advertatur,
584 868 662 928 banc
680 867 876 929 conditionem
896 868 1043 944 postulat:
1066 875 1099 930 ui
1119 871 1209 930 luter·
1260 919 1265 928 .

130 975 305 1044 rumpatur,
326 974 379 1027 unt
398 969 546 1042 tadmor,
572 973 606 1026 nt
624 968 667 1026 slc
688 967 815 1026 disearnl
834 984 853 1026 a
872 969 976 1028 ceteris
996 969 1100 1043 possit.
1122 967 1211 1028 Secus

130 1071 231 1125 notam
248 1064 427 1126 discriminis
446 1065 561 1125 nullam
586 1063 715 1125 obliclet.
738 1065 815 1124 lllnc
834 1071 880 1125 est
902 1072 935 1125 nt
959 1067 985 1125 sl
1010 1065 1130 1142 qnando
1148 1081 1209 1125 rno-

130 1170 179 1224 tus
208 1165 363 1240 sanguinis
384 1163 508 1223 celerirn
528 1170 684 1240 peragatur
713 1171 747 1224 ct'
773 1179 880 1240 corpus
903 1163 1023 1226 diverm
1052 1163 1139 1222 modo
1160 1167 1212 1222 im·

130 1268 242 1336 mutet,
262 1263 392 1322 scusatio
410 1263 543 1336 interna,
568 1277 643 1339 quae
664 1261 733 1321 inda
757 1265 901 1338 mnergb,
928 1277 981 1338 per
1002 1265 1211 1321 censcientiam

130 1375 265 1420 seorsum
285 1362 466 1437 attingatur,
490 1362 671 1420 mnirarirnn
691 1367 788 1421 autem
806 1361 931 1437 suddit,
949 1360 1068 1437 quando
1086 1360 1211 1422 cucula·

129 1460 174 1518 tio
191 1465 332 1519 consucta
350 1461 464 1518 ratione
481 1458 632 1534 perficitur
654 1475 709 1518 nec
728 1459 889 1536 quidquam
908 1461 978 1518 noui
1001 1457 1100 1518 alleri.
1127 1459 1209 1518 Idam
1263 1480 1275 1498 ·

130 1553 234 1616 dicunt
251 1555 289 1615 dc
306 1556 436 1633 reliquls.
456 1555 497 1617 At
514 1573 569 1616 nos
589 1556 732 1616 eiusmodi
752 1561 967 1634 responsionem
985 1573 1045 1616 non
1065 1559 1137 1616 satis
1161 1573 1211 1617 re·

131 1655 211 1714 rituti
229 1671 390 1732 congruam
407 1655 555 1716 ducimus.
572 1655 649 1715 Nam
667 1655 819 1714 circulatio
836 1657 999 1732 sanguinis,
1016 1654 1097 1718 calor
1113 1656 1211 1716 vitalis

130 1757 162 1810 ct
174 1751 295 1828 similia,
311 1768 387 1829 qnae
405 1753 444 1812 ad
457 1769 637 1830 organorum
653 1751 873 1829 disposldomm
890 1757 1046 1830 pertinent,
1063 1753 1211 1814 ommium

131 1852 308 1910 semanouis
325 1867 385 1910 non
403 1868 468 1911 esse
488 1853 645 1928 videntur,
665 1852 809 1927 etquidem
829 1854 967 1927 uusado,
982 1859 1015 1912 nt
1032 1859 1212 1927 exufflatur,

129 1965 244 2026 organa
266 1951 323 2008 rite
342 1949 487 2025 disposita
512 1950 673 2025 subaudit,
698 1956 729 2008 at
755 1965 844 2026 snpra
867 1953 1017 2027 proprium
1040 1955 1137 2014 actum
1166 1949 1212 2008 vel

130 2050 277 2124 principle
290 2049 419 2108 eiusdem
437 2065 495 2108 non
514 2047 648 2108 reflectit.
668 2048 767 2109 Motus
789 2055 885 2109 auum
904 2051 1046 2125 corporis,
1064 2051 1115 2125 qul
1132 2047 1213 2109 nulla

131 2150 299 2208 sensatione
316 2150 512 2226 attinguntur,
526 2165 564 2207 ne
579 2148 719 2208 indirecte
736 2147 855 2226 quidem
873 2166 893 2208 a
911 2150 1090 2210 conscientia
1110 2147 1212 2206 referri

131 2254 267 2323 possum.
280 2248 390 2307 Verum
410 2232 506 2323 b'aec,
527 2264 595 2307 cum
618 2249 648 2307 lu
666 2248 863 2325 Psychologla
885 2247 1040 2309 traetundn
1061 2249 1141 2324 alut,
1166 2246 1215 2307 bic

130 2346 305 2423 perturbato
326 2346 431 2405 ordine
450 2348 604 2421 anbciparl
623 2362 683 2405 non
705 2346 825 2407 debent.
1154 2368 1157 2379 ·

107 2506 114 2516 ,
193 2441 292 2503 Obiic.
306 2444 373 2505 vii.
388 2442 527 2503 Amentoe
540 2448 759 2506 etsornuiantes
779 2450 884 2520 putant
902 2442 1071 2504 allactlonas
1095 2442 1214 2519 bubata,
1333 2432 1342 2443 ’

133 2558 210 2619 quas
228 2558 289 2601 uon
307 2542 429 2601 liment.
453 2541 531 2618 Ergo
551 2542 644 2603 fallax
660 2552 705 2612 est
722 2544 918 2603 eonscientiae
935 2542 1144 2601 testimoninm.

194 2642 285 2718 Rasp.
310 2640 476 2702 Difficultas
499 2642 572 2701 bace
591 2648 701 2702 statum
723 2644 903 2720 quaestionis
918 2643 1039 2701 omniuo
1060 2641 1168 2718 mlgm
1187 2648 1217 2701 et

133 2738 272 2800 elabitur.
296 2740 358 2801 Nos
378 2742 456 2800 enlm
478 2739 515 2799 de
531 2741 650 2800 bomine
670 2742 828 2818 loquimur,
853 2746 959 2816 prout,
985 2740 1103 2799 remotis
1126 2741 1216 2815 lmpe-

132 2838 288 2917 (timentis,
311 2840 343 2898 in
364 2839 463 2899 debita
481 2839 655 2900 facultatum
678 2855 800 2900 suarum
817 2840 1006 2916 dispositione
1032 2840 1215 2915 reperiatnr3

133 2938 188 2997 illa
209 2954 261 2997 eos
284 2938 420 3013 inducit,
443 2940 494 3014 qni
517 2946 633 3013 praeter
659 2945 768 2998 statum
793 2938 830 2999 ad
853 2942 909 2998 rita
933 2937 1168 3015 cognoscendum
1189 2944 1218 2997 et

132 3036 326 3095 iudicandum
345 3037 483 3096 idoneum
503 3037 589 3113 plane
608 3039 679 3097 sint.
700 3037 757 3097 Sed
776 3044 811 3097 ut
828 3038 901 3097 baac
914 3040 1077 3113 mittamus,
1090 3034 1218 3096 dlfflrui·

134 3138 182 3193 tas
200 3136 336 3194 vanescit
355 3151 393 3193 ex
411 3152 458 3211 eo,
478 3136 557 3212 quod
580 3151 661 3219 error
684 3135 734 3195 iile
754 3138 785 3195 ln
806 3137 1019 3197 somniantibus
1042 3142 1073 3196 et
1094 3138 1217 3197 amanti·

133 3230 192 3293 bns
213 3249 275 3293 non
294 3236 488 3293 concientiae
502 3236 682 3309 testimonio,
705 3236 756 3294 sed
777 3238 994 3311 imaginationis
1007 3234 1218 3311 perturbationi

134 3329 348 3391 adscribendus
369 3338 426 3395 est.
445 3331 630 3391 Conscientia
650 3334 741 3409 enim,
763 3348 830 3393 curn
854 3334 997 3409 attingere
1018 3340 1141 3409 nequeat
1161 3335 1218 3393 nisi

134 3428 169 3489 ld
183 3430 264 3506 qnod
279 3446 382 3507 reapse
398 3430 483 3489 nobis
501 3432 582 3504 insit,
599 3428 762 3505 deceptioni
777 3446 851 3507 qnae
866 3430 1001 3490 obiicitur
1016 3446 1074 3489 non
1090 3434 1217 3491 interse-

134 3529 193 3587 nlt.
213 3528 262 3587 lili
278 3536 379 3587 tamen
398 3529 468 3587 inde
481 3528 637 3605 falluntur,
651 3529 731 3605 qnod
748 3546 796 3603 ea,
810 3545 886 3605 quaa
905 3534 1055 3589 aestuante
1072 3535 1102 3589 et
1118 3531 1218 3607 exlege

136 3626 348 3702 imaginatione
360 3629 538 3702 concipiunt,
553 3634 702 3703 mmqnam
718 3644 818 3703 reapse
833 3630 995 3703 praesentia
1010 3634 1040 3687 el
1056 3629 1146 3689 realia
1159 3632 1219 3688 exi·

137 3724 270 3784 stlment.
290 3726 377 3798 Quod
397 3726 475 3785 unde
493 3727 605 3785 oriatur
625 3730 657 3785 in
674 3726 871 3803 Psychologla
890 3714 1045 3786 dlacndnm
1066 3728 1131 3787 erlt.

200 3820 296 3879 Obiic.
314 3823 395 3881 vill.
418 3824 525 3883 Sensus
547 3824 677 3884 referunt
701 3828 732 3883 in
758 3825 927 3901 corporibus
951 3828 1044 3885 inesse
1069 3826 1217 3900 colorem,

137 3934 286 3998 saporem,
299 3920 419 3983 morem
434 3929 601 3997 ceterasque
614 3924 781 3999 qualitates,
798 3940 872 3999 quas
887 3922 1080 3983 rcmndarios
1101 3928 1217 3981 vacant.

140 4016 270 4075 atvero
291 4018 347 4077 bae
368 4020 398 4076 ln
420 4018 478 4078 illis
497 4022 614 4079 minime
635 4023 744 4080 insunt.
768 4020 843 4081 Nam
866 4021 1006 4098 quidquid
1023 4020 1060 4077 ad
1080 4019 1218 4077 sensatio-
