2892 4425
523 377 579 420 ΒΝ
603 377 782 422 ΟΜΟΙΜΙΔ
1134 367 1190 420 245

117 489 180 548 ulla
198 503 289 548 eausa
310 491 332 544 ¹.
356 485 396 546 Ut
416 485 550 546 ordinata
574 487 774 563 pmondamus,
796 489 922 563 primunr
942 490 1092 546 remotam
1113 485 1205 562 prm·

119 587 189 662 cipit
216 584 395 646 conmittatis
421 581 587 658 tutabimur,
615 582 720 646 dciodc
747 583 905 644 advocarit
933 587 1062 662 argutias
1090 582 1192 644 dismi-

122 698 239 743 vanus.

181 788 233 840 78.
254 778 292 839 Et
311 777 349 838 ad
371 779 498 854 primum
526 776 604 853 quod
635 780 761 853 attinet,
781 793 827 838 res
858 776 928 837 adeo
953 781 984 836 in
1014 785 1147 854 promptu
1166 783 1195 834 et

119 877 273 956 explorata
293 883 357 950 cst,
379 883 413 935 ut
439 877 555 935 nonnisi
577 875 704 934 bominis
723 877 948 952 pertinacissimi
973 878 1124 936 temeritas
1158 875 1196 934 ad

120 974 329 1052 disputandum
355 987 409 1032 uos
431 973 542 1048 adigat.
565 971 721 1032 Enimvero
748 975 814 1048 quis
831 980 892 1034 taur
912 987 982 1032 succ
1011 975 1131 1034 rationis
1154 977 1198 1032 est

121 1078 240 1151 impos,
262 1079 295 1132 nt
316 1072 469 1148 explicatis
496 1074 694 1148 perceptisque
722 1074 871 1149 terminis,
898 1071 1196 1148 quibus-principium

120 1170 303 1232 cnowlitatls
322 1175 453 1245 constat,
475 1184 508 1228 ao
529 1169 566 1228 de
584 1171 647 1228 olus
666 1171 787 1228 veritate
806 1169 939 1230 dubitare
958 1173 1033 1230 sario
1050 1167 1198 1230 affirmati

122 1267 299 1346 opinabitur
324 1268 413 1342 igitur
435 1266 579 1342 qulspiam
600 1281 689 1326 sonae
712 1269 816 1327 mentis
837 1267 927 1326 bomo
944 1283 1050 1342 corpus
1070 1265 1109 1326 ud
1122 1265 1198 1341 qule-

123 1375 183 1428 tenr
201 1372 352 1425 motomve
364 1366 486 1424 inertiae
504 1363 567 1441 lage
580 1363 750 1424 indifferens
764 1367 827 1426 sine
841 1365 1005 1442 impellente
1023 1365 1121 1442 aliquo
1137 1378 1198 1422 mo·

125 1468 209 1539 veri;
228 1466 324 1523 aerem
347 1461 458 1538 absque
475 1462 540 1521 luco
563 1462 721 1522 illumiuml
745 1478 846 1540 posse3
868 1469 978 1540 segetes
1005 1463 1067 1522 sina
1092 1462 1201 1522 semine

124 1565 243 1640 enasci3
261 1578 358 1622 aream
376 1563 498 1638 pecnnia
513 1568 670 1637 carentem,
694 1562 775 1624 nulla
793 1563 940 1622 inliciente
960 1577 1069 1638 manu,
1088 1559 1199 1638 ingenti

126 1666 193 1724 anri
212 1663 241 1720 ri
258 1661 409 1738 impletum
424 1659 478 1718 irii
494 1658 651 1720 Delirnntls
664 1667 735 1720 suut
745 1660 817 1739 baec
835 1655 994 1733 insomnia,
1012 1675 1088 1737 quaa
1101 1675 1201 1740 quam:

127 1775 217 1838 qnam
232 1775 283 1834 per
295 1759 393 1818 iocum
411 1773 462 1816 oro
477 1756 599 1833 proierri
613 1759 737 1834 possint,
756 1764 853 1818 mente
864 1765 966 1818 murco
979 1764 1125 1835 amoenat
1140 1759 1201 1834 ugi-

127 1861 196 1918 tori.
214 1857 392 1933 Principium
408 1857 502 1916 enim:
517 1854 664 1932 quidquid
672 1855 726 1932 stt,
740 1870 859 1916 oouaom
879 1856 984 1932 lubet,
1002 1859 1034 1916 in
1048 1856 1203 1934 analyticis

128 1961 186 2031 ως
200 1953 433 2031 quandoquidem
449 1954 493 2012 sic
508 1953 707 2028 praedicatum
721 1969 790 2014 cnm
804 1953 933 2014 subiecto
949 1955 1132 2030 complexum
1150 1953 1202 2012 bn·

129 2053 179 2114 bet
198 2058 287 2127 atque
304 2053 447 2126 iunctum,
468 2057 514 2127 ut,
534 2053 560 2110 ai
575 2067 666 2110 unum
683 2051 847 2128 sustuleris,
867 2053 986 2112 alterium
1006 2052 1091 2112 simul
1107 2053 1202 2110 nodo·

131 2167 198 2210 nem
218 2150 321 2227 perimi
335 2155 364 2206 et
383 2163 555 2208 euanescere
573 2163 690 2209 necessa
708 2151 759 2208 sit.
776 2147 812 2208 Et
826 2163 907 2225 sane,
921 2165 966 2208 rm
983 2163 1057 2225 quae
1074 2146 1202 2208 efficitur

130 2265 184 2309 ssu
205 2262 280 2323 quae
303 2262 321 2305 a
343 2251 423 2305 statu
448 2246 647 2321 possibilitatis
672 2246 709 2305 ud
729 2253 836 2309 statum
865 2246 994 2323 graditur
1014 2246 1200 2319 calamariae,

132 2347 281 2405 uodonem
297 2343 416 2403 exhibet
428 2346 483 2419 rei,
494 2360 569 2420 qnae
585 2344 695 2421 aliquid
716 2346 828 2420 recipit,
847 2347 983 2405 nimirum
1003 2344 1199 2415 existentiam

133 2459 210 2520 quae
230 2449 309 2503 certa
329 2458 426 2501 merae
447 2442 629 2518 possibilitati
658 2441 809 2518 quidpiam
830 2440 908 2501 aliud
923 2439 1110 2516 superaddit.
1133 2438 1204 2499 Plus

134 2544 213 2601 enim
227 2546 311 2621 ,certe
334 2546 379 2599 est
397 2545 464 2599 acto
478 2546 613 2615 exstare,
627 2556 715 2616 qnam
739 2537 874 2615 possibile
892 2556 955 2597 esse
980 2538 1144 2597 dumtaxat.
1168 2536 1207 2595 tt

136 2636 264 2711 proiecto
282 2642 439 2712 conceptus
458 2637 518 2712 rei,
541 2653 618 2713 qnae
644 2637 827 2696 animalium
852 2637 978 2711 accipit,
1001 2632 1207 2693 completivum

138 2732 225 2795 babet
236 2741 406 2810 conceptum
425 2736 466 2793 rei
481 2750 557 2811 qnae
566 2736 750 2797 existentiam
763 2733 841 2793 banc
856 2733 1029 2810 elargiatar3
1045 2729 1116 2790 nibil
1130 2732 1208 2789 enim
1317 2714 1320 2723 ’

138 2831 211 2891 nibil
224 2830 287 2891 dot.
304 2830 366 2909 rige
378 2831 457 2892 nond
470 2834 587 2893 realitas
598 2834 783 2893 existentiam
799 2832 882 2891 alteri
895 2831 1054 2907 elarqicns,
1071 2846 1161 2891 cauae
1174 2829 1210 2887 li·

138 2929 197 2990 lius
209 2936 256 2989 est
272 2944 306 2987 ac
328 2932 403 2989 ratio
416 2928 576 2991 sufficiens.
601 2930 677 3007 Ergo
696 2946 802 2989 causae
825 2931 1029 2991 existentiaet
1053 2930 1210 2987 necessitas

139 3026 236 3104 quoad
256 3042 334 3103 rem,
354 3042 429 3104 quae
447 3034 561 3087 exstare
576 3029 677 3104 incipit
696 3044 748 3086 seu
769 3043 843 3103 quaa
862 3026 907 3104 iit,
923 3044 989 3087 cum
1010 3028 1071 3086 eiua
1092 3028 1212 3085 notione

139 3128 303 3185 necessario
316 3128 452 3186 nectitur.
465 3127 546 3200 Quae
559 3128 752 3202 mtiocinatio,
767 3142 817 3185 seu
833 3126 935 3186 melius
950 3130 1141 3200 conceptuum
1160 3138 1211 3181 ex·

140 3223 274 3299 plicatio,
297 3224 368 3284 dum
387 3222 532 3301 eiiatum,
552 3222 588 3282 de
607 3241 666 3303 quo
685 3227 793 3302 agitur,
818 3226 847 3282 in
873 3225 1085 3301 analyticorum
1109 3220 1213 3297 probat

140 3320 242 3381 baberi
261 3337 403 3397 numero,
426 3322 574 3398 Begoelini
594 3322 680 3381 simui
701 3321 907 3382 absurditatem
932 3320 1024 3381 elidit.
1049 3320 1123 3379 Num
1146 3334 1210 3394 pro·

142 3421 269 3480 nuntiati
287 3418 366 3478 iilius
383 3436 441 3477 non
465 3419 552 3479 modo
570 3422 733 3496 veritatem,
753 3420 803 3479 scd
823 3422 909 3479 etiam
931 3419 1094 3479 absolutam
1117 3432 1213 3477 neces·

142 3521 259 3577 sitatem
279 3517 416 3577 ostendit.

202 3615 243 3675 At
263 3615 300 3675 ad
315 3617 508 3699 pervicaciam
523 3615 649 3675 bominis
668 3617 762 3693 iungis
776 3612 983 3675 retundendam
1005 3614 1147 3690 optimum
1161 3612 1216 3671 erit

145 3714 296 3772 imitatem
310 3713 398 3774 buius
417 3715 550 3791 principii
564 3730 601 3773 ex
621 3716 685 3791 ipso
705 3712 940 3774 contradictionis
958 3710 1048 3771 effato
1063 3710 1215 3784 deducere,

203 3854 213 3895 1
229 3846 486 3910 camoranam
505 3846 609 3896 namuri
625 3846 776 3897 amaraco:
802 3844 948 3909 amasam
970 3856 1018 3894 aar
1038 3820 1076 3892 ira
1097 3840 1219 3889 maore

145 3922 178 3973 de
188 3926 225 3975 ii.
240 3925 368 3988 Beouelbr
379 3938 481 3977 eoam.
493 3926 517 3976 lc
524 3927 645 3989 Μοίρι
656 3925 690 3976 de
704 3926 733 3977 lo
748 3930 836 3976 roirorr
857 3922 1006 3986 aufflroutc
1014 3992 1017 4002 Ι
1026 3924 1054 3970 Τ.
1068 3926 1082 3971 i
1094 3930 1204 3982 opernm.

1361 1 1443 498 l
