<?xml version="1.0" encoding="UTF-8"?>
<!DOCTYPE html PUBLIC "-//W3C//DTD XHTML 1.0 Transitional//EN"
    "http://www.w3.org/TR/xhtml1/DTD/xhtml1-transitional.dtd">
<html xmlns="http://www.w3.org/1999/xhtml" xml:lang="en" lang="en">
 <head>
  <title>
</title>
<meta http-equiv="Content-Type" content="text/html;charset=utf-8" />
  <meta name='ocr-system' content='tesseract 3.04.00' />
  <meta name='ocr-capabilities' content='ocr_page ocr_carea ocr_par ocr_line ocrx_word'/>
</head>
<body>
  <div class='ocr_page' id='page_1' title='image "./institutionesph01libegoog_0187.png"; bbox 0 0 2892 4425; ppageno 0'>
   <div class='ocr_carea' id='block_1_1' title="bbox 554 349 1221 402">
    <p class='ocr_par' dir='ltr' id='par_1_1' title="bbox 554 349 1221 402">
     <span class='ocr_line' id='line_1_1' title="bbox 554 349 1221 402; baseline -0.001 -2"><span class='ocrx_word' id='word_1_1' title='bbox 554 359 613 400; x_wconf 73' lang='lat' dir='ltr'><strong>atu</strong></span> <span class='ocrx_word' id='word_1_2' title='bbox 636 357 818 402; x_wconf 72' lang='lat' dir='ltr'><strong>cunctosin</strong></span> <span class='ocrx_word' id='word_1_3' title='bbox 1168 349 1221 400; x_wconf 82' lang='lat'><strong>181</strong></span> 
     </span>
    </p>
   </div>
   <div class='ocr_carea' id='block_1_2' title="bbox 128 465 1303 1518">
    <p class='ocr_par' dir='ltr' id='par_1_2' title="bbox 145 465 1227 547">
     <span class='ocr_line' id='line_1_2' title="bbox 145 465 1227 547; baseline -0.005 -17"><span class='ocrx_word' id='word_1_4' title='bbox 145 473 212 547; x_wconf 85' lang='lat' dir='ltr'><strong>pins</strong></span> <span class='ocrx_word' id='word_1_5' title='bbox 225 469 404 528; x_wconf 84' lang='lat' dir='ltr'><strong>remotinsve</strong></span> <span class='ocrx_word' id='word_1_6' title='bbox 416 473 572 544; x_wconf 82' lang='lat' dir='ltr'><strong>prototypo</strong></span> <span class='ocrx_word' id='word_1_7' title='bbox 585 465 788 526; x_wconf 72' lang='lat' dir='ltr'><strong>accedentibus</strong></span> <span class='ocrx_word' id='word_1_8' title='bbox 804 469 1024 542; x_wconf 85' lang='lat' dir='ltr'><strong>rapraasentari.</strong></span> <span class='ocrx_word' id='word_1_9' title='bbox 1037 465 1114 544; x_wconf 84' lang='lat' dir='ltr'><strong>Ergo</strong></span> <span class='ocrx_word' id='word_1_10' title='bbox 1124 466 1227 526; x_wconf 83' lang='lat' dir='ltr'><strong>divina</strong></span> 
     </span>
    </p>

    <p class='ocr_par' dir='ltr' id='par_1_3' title="bbox 128 559 1303 1518">
     <span class='ocr_line' id='line_1_3' title="bbox 128 559 1227 649; baseline -0.003 -23"><span class='ocrx_word' id='word_1_11' title='bbox 128 584 227 649; x_wconf 87' lang='lat' dir='ltr'><strong>mena</strong></span> <span class='ocrx_word' id='word_1_12' title='bbox 253 567 411 624; x_wconf 72' lang='grc'><strong>1111111111</strong></span> <span class='ocrx_word' id='word_1_13' title='bbox 432 564 564 623; x_wconf 82' lang='lat' dir='ltr'><strong>diuinam</strong></span> <span class='ocrx_word' id='word_1_14' title='bbox 581 567 720 640; x_wconf 77' lang='lat' dir='ltr'><strong>perspicit</strong></span> <span class='ocrx_word' id='word_1_15' title='bbox 734 579 791 622; x_wconf 93' lang='lat' dir='ltr'><strong>non</strong></span> <span class='ocrx_word' id='word_1_16' title='bbox 814 563 900 622; x_wconf 93' lang='lat' dir='ltr'><strong>modo</strong></span> <span class='ocrx_word' id='word_1_17' title='bbox 914 570 1000 639; x_wconf 84' lang='lat' dir='ltr'><strong>prout</strong></span> <span class='ocrx_word' id='word_1_18' title='bbox 1013 566 1044 622; x_wconf 92' lang='lat' dir='ltr'><strong>in</strong></span> <span class='ocrx_word' id='word_1_19' title='bbox 1061 559 1227 624; x_wconf 81' lang='lat' dir='ltr'><strong>se&#39;iniinita</strong></span> 
     </span>
     <span class='ocr_line' id='line_1_4' title="bbox 132 645 1226 740; baseline -0.008 -12"><span class='ocrx_word' id='word_1_20' title='bbox 132 671 175 729; x_wconf 82' lang='lat' dir='ltr'><strong>,et</strong></span> <span class='ocrx_word' id='word_1_21' title='bbox 189 663 408 740; x_wconf 87' lang='lat' dir='ltr'><strong>simplicissima</strong></span> <span class='ocrx_word' id='word_1_22' title='bbox 428 669 486 739; x_wconf 86' lang='lat' dir='ltr'><strong>est,</strong></span> <span class='ocrx_word' id='word_1_23' title='bbox 505 662 558 722; x_wconf 87' lang='lat' dir='ltr'><strong>ned</strong></span> <span class='ocrx_word' id='word_1_24' title='bbox 577 665 665 721; x_wconf 80' lang='grc'><strong>1111111</strong></span> <span class='ocrx_word' id='word_1_25' title='bbox 681 668 768 736; x_wconf 91' lang='lat' dir='ltr'><strong>prout</strong></span> <span class='ocrx_word' id='word_1_26' title='bbox 785 661 946 720; x_wconf 85' lang='lat' dir='ltr'><strong>lorinsecus</strong></span> <span class='ocrx_word' id='word_1_27' title='bbox 960 645 1110 720; x_wconf 71' lang='lat' dir='ltr'><strong>imitabilis</strong></span> <span class='ocrx_word' id='word_1_28' title='bbox 1133 669 1177 720; x_wconf 86' lang='lat' dir='ltr'><strong>est</strong></span> <span class='ocrx_word' id='word_1_29' title='bbox 1196 666 1226 720; x_wconf 85' lang='lat' dir='ltr'><strong>et</strong></span> 
     </span>
     <span class='ocr_line' id='line_1_5' title="bbox 146 758 1227 839; baseline -0.006 -17"><span class='ocrx_word' id='word_1_30' title='bbox 146 764 274 839; x_wconf 88' lang='lat' dir='ltr'><strong>aliquam</strong></span> <span class='ocrx_word' id='word_1_31' title='bbox 296 763 342 820; x_wconf 86' lang='lat' dir='ltr'><strong>aul</strong></span> <span class='ocrx_word' id='word_1_32' title='bbox 368 761 587 820; x_wconf 89' lang='lat' dir='ltr'><strong>similitudinem</strong></span> <span class='ocrx_word' id='word_1_33' title='bbox 610 761 754 820; x_wconf 90' lang='lat' dir='ltr'><strong>condendi</strong></span> <span class='ocrx_word' id='word_1_34' title='bbox 773 775 878 835; x_wconf 78' lang='lat' dir='ltr'><strong>capax.</strong></span> <span class='ocrx_word' id='word_1_35' title='bbox 895 759 971 818; x_wconf 84' lang='lat' dir='ltr'><strong>ilinc</strong></span> <span class='ocrx_word' id='word_1_36' title='bbox 993 763 1162 819; x_wconf 86' lang='lat' dir='ltr'><strong>innumeros</strong></span> <span class='ocrx_word' id='word_1_37' title='bbox 1187 758 1227 816; x_wconf 89' lang='lat' dir='ltr'><strong>ei·</strong></span> 
     </span>
     <span class='ocr_line' id='line_1_6' title="bbox 144 849 1227 936; baseline -0.005 -16"><span class='ocrx_word' id='word_1_38' title='bbox 144 862 254 920; x_wconf 77' lang='lat' dir='ltr'><strong>format</strong></span> <span class='ocrx_word' id='word_1_39' title='bbox 277 867 434 936; x_wconf 89' lang='lat' dir='ltr'><strong>conceptus</strong></span> <span class='ocrx_word' id='word_1_40' title='bbox 461 875 558 922; x_wconf 85' lang='lat' dir='ltr'><strong>rernm</strong></span> <span class='ocrx_word' id='word_1_41' title='bbox 586 849 810 932; x_wconf 85' lang='lat' dir='ltr'><strong>distinctarum,</strong></span> <span class='ocrx_word' id='word_1_42' title='bbox 833 873 908 934; x_wconf 86' lang='lat' dir='ltr'><strong>qnae</strong></span> <span class='ocrx_word' id='word_1_43' title='bbox 930 873 983 932; x_wconf 89' lang='lat' dir='ltr'><strong>pro</strong></span> <span class='ocrx_word' id='word_1_44' title='bbox 1015 873 1069 916; x_wconf 84' lang='lat' dir='ltr'><strong>suo</strong></span> <span class='ocrx_word' id='word_1_45' title='bbox 1093 872 1227 934; x_wconf 86' lang='lat' dir='ltr'><strong>quaeque</strong></span> 
     </span>
     <span class='ocr_line' id='line_1_7' title="bbox 147 953 1293 1033; baseline -0.004 -16"><span class='ocrx_word' id='word_1_46' title='bbox 147 957 269 1017; x_wconf 83' lang='lat' dir='ltr'><strong>modulo</strong></span> <span class='ocrx_word' id='word_1_47' title='bbox 294 955 411 1016; x_wconf 74' lang='lat' dir='ltr'><strong>divium</strong></span> <span class='ocrx_word' id='word_1_48' title='bbox 436 957 628 1033; x_wconf 75' lang='lat' dir='ltr'><strong>perfectiones</strong></span> <span class='ocrx_word' id='word_1_49' title='bbox 656 962 684 1014; x_wconf 87' lang='lat' dir='ltr'><strong>et</strong></span> <span class='ocrx_word' id='word_1_50' title='bbox 709 962 846 1014; x_wconf 88' lang='lat' dir='ltr'><strong>naturam</strong></span> <span class='ocrx_word' id='word_1_51' title='bbox 871 953 936 1028; x_wconf 89' lang='lat' dir='ltr'><strong>plus</strong></span> <span class='ocrx_word' id='word_1_52' title='bbox 957 955 1055 1012; x_wconf 89' lang='lat' dir='ltr'><strong>minus</strong></span> <span class='ocrx_word' id='word_1_53' title='bbox 1080 954 1227 1013; x_wconf 89' lang='lat' dir='ltr'><strong>multimo·</strong></span> <span class='ocrx_word' id='word_1_54' title='bbox 1287 961 1293 980; x_wconf 89' lang='lat'><em>&#39;</em></span> 
     </span>
     <span class='ocr_line' id='line_1_8' title="bbox 145 1049 1228 1128; baseline -0.004 -15"><span class='ocrx_word' id='word_1_55' title='bbox 145 1055 192 1114; x_wconf 86' lang='lat' dir='ltr'><strong>dis</strong></span> <span class='ocrx_word' id='word_1_56' title='bbox 218 1057 330 1112; x_wconf 89' lang='lat' dir='ltr'><strong>imitari</strong></span> <span class='ocrx_word' id='word_1_57' title='bbox 349 1057 478 1128; x_wconf 81' lang='lat' dir='ltr'><strong>possent.</strong></span> <span class='ocrx_word' id='word_1_58' title='bbox 500 1053 539 1112; x_wconf 86' lang='lat' dir='ltr'><strong>ili</strong></span> <span class='ocrx_word' id='word_1_59' title='bbox 561 1059 718 1127; x_wconf 87' lang='lat' dir='ltr'><strong>conceptus</strong></span> <span class='ocrx_word' id='word_1_60' title='bbox 742 1051 788 1110; x_wconf 86' lang='lat' dir='ltr'><strong>uel</strong></span> <span class='ocrx_word' id='word_1_61' title='bbox 809 1050 890 1109; x_wconf 84' lang='lat' dir='ltr'><strong>ideae</strong></span> <span class='ocrx_word' id='word_1_62' title='bbox 910 1067 969 1108; x_wconf 90' lang='lat' dir='ltr'><strong>non</strong></span> <span class='ocrx_word' id='word_1_63' title='bbox 993 1049 1089 1125; x_wconf 90' lang='lat' dir='ltr'><strong>quoad</strong></span> <span class='ocrx_word' id='word_1_64' title='bbox 1115 1049 1228 1110; x_wconf 88' lang='lat' dir='ltr'><strong>realita-</strong></span> 
     </span>
     <span class='ocr_line' id='line_1_9' title="bbox 145 1141 1303 1226; baseline -0.005 -16"><span class='ocrx_word' id='word_1_65' title='bbox 145 1158 203 1210; x_wconf 89' lang='lat' dir='ltr'><strong>tem</strong></span> <span class='ocrx_word' id='word_1_66' title='bbox 228 1151 440 1225; x_wconf 85' lang='lat' dir='ltr'><strong>subiectiram,</strong></span> <span class='ocrx_word' id='word_1_67' title='bbox 467 1165 555 1226; x_wconf 88' lang='lat' dir='ltr'><strong>qnam</strong></span> <span class='ocrx_word' id='word_1_68' title='bbox 583 1149 692 1208; x_wconf 87' lang='lat' dir='ltr'><strong>habent</strong></span> <span class='ocrx_word' id='word_1_69' title='bbox 720 1150 751 1206; x_wconf 93' lang='lat' dir='ltr'><strong>ln</strong></span> <span class='ocrx_word' id='word_1_70' title='bbox 778 1147 850 1223; x_wconf 89' lang='lat' dir='ltr'><strong>Deo,</strong></span> <span class='ocrx_word' id='word_1_71' title='bbox 873 1147 924 1206; x_wconf 89' lang='lat' dir='ltr'><strong>sed</strong></span> <span class='ocrx_word' id='word_1_72' title='bbox 949 1146 1046 1222; x_wconf 88' lang='lat' dir='ltr'><strong>quoad</strong></span> <span class='ocrx_word' id='word_1_73' title='bbox 1067 1151 1227 1205; x_wconf 87' lang='lat' dir='ltr'><strong>terminum</strong></span> <span class='ocrx_word' id='word_1_74' title='bbox 1274 1141 1303 1190; x_wconf 61' lang='lat'><strong>‹&#39;</strong></span> 
     </span>
     <span class='ocr_line' id='line_1_10' title="bbox 144 1230 1229 1323; baseline -0.005 -17"><span class='ocrx_word' id='word_1_75' title='bbox 144 1230 336 1323; x_wconf 74' lang='grc' dir='ltr'><strong>1111111ιὶ1111,</strong></span> <span class='ocrx_word' id='word_1_76' title='bbox 353 1263 439 1323; x_wconf 72' lang='lat' dir='ltr'><strong>quun</strong></span> <span class='ocrx_word' id='word_1_77' title='bbox 456 1248 636 1323; x_wconf 86' lang='lat' dir='ltr'><strong>exprimunt,</strong></span> <span class='ocrx_word' id='word_1_78' title='bbox 657 1247 817 1320; x_wconf 87' lang='lat' dir='ltr'><strong>inspectae,</strong></span> <span class='ocrx_word' id='word_1_79' title='bbox 835 1243 985 1319; x_wconf 88' lang='lat' dir='ltr'><strong>possibilia</strong></span> <span class='ocrx_word' id='word_1_80' title='bbox 999 1245 1183 1303; x_wconf 88' lang='lat' dir='ltr'><strong>constituunt</strong></span> <span class='ocrx_word' id='word_1_81' title='bbox 1199 1249 1229 1302; x_wconf 89' lang='lat' dir='ltr'><strong>et</strong></span> 
     </span>
     <span class='ocr_line' id='line_1_11' title="bbox 143 1342 1226 1420; baseline -0.006 -16"><span class='ocrx_word' id='word_1_82' title='bbox 143 1349 374 1420; x_wconf 74' lang='lat' dir='ltr'><strong>repraesentant,</strong></span> <span class='ocrx_word' id='word_1_83' title='bbox 385 1344 423 1403; x_wconf 89' lang='lat' dir='ltr'><strong>ad</strong></span> <span class='ocrx_word' id='word_1_84' title='bbox 436 1358 561 1419; x_wconf 84' lang='lat' dir='ltr'><strong>quornm</strong></span> <span class='ocrx_word' id='word_1_85' title='bbox 572 1342 707 1418; x_wconf 77' lang='lat' dir='ltr'><strong>ddnoeps</strong></span> <span class='ocrx_word' id='word_1_86' title='bbox 721 1343 913 1401; x_wconf 86' lang='lat' dir='ltr'><strong>imitationem</strong></span> <span class='ocrx_word' id='word_1_87' title='bbox 925 1349 1062 1402; x_wconf 78' lang='lat' dir='ltr'><strong>creantur</strong></span> <span class='ocrx_word' id='word_1_88' title='bbox 1072 1356 1226 1418; x_wconf 89' lang='lat' dir='ltr'><strong>quaecum·</strong></span> 
     </span>
     <span class='ocr_line' id='line_1_12' title="bbox 146 1439 962 1518; baseline -0.005 -16"><span class='ocrx_word' id='word_1_89' title='bbox 146 1458 205 1518; x_wconf 85' lang='lat' dir='ltr'><strong>que</strong></span> <span class='ocrx_word' id='word_1_90' title='bbox 221 1448 370 1502; x_wconf 81' lang='lat' dir='ltr'><strong>creantur.</strong></span> <span class='ocrx_word' id='word_1_91' title='bbox 396 1442 494 1514; x_wconf 81' lang='lat' dir='ltr'><strong>Quare</strong></span> <span class='ocrx_word' id='word_1_92' title='bbox 521 1443 668 1517; x_wconf 86' lang='lat' dir='ltr'><strong>sapienter</strong></span> <span class='ocrx_word' id='word_1_93' title='bbox 688 1439 826 1500; x_wconf 74' lang='lat' dir='ltr'><strong>Boethius</strong></span> <span class='ocrx_word' id='word_1_94' title='bbox 845 1443 962 1500; x_wconf 90' lang='lat' dir='ltr'><strong>cecinit.</strong></span> 
     </span>
    </p>
   </div>
   <div class='ocr_carea' id='block_1_3' title="bbox 227 1647 1136 1896">
    <p class='ocr_par' dir='ltr' id='par_1_4' title="bbox 227 1647 1136 1896">
     <span class='ocr_line' id='line_1_13' title="bbox 232 1647 1058 1732; baseline 0.001 -30"><span class='ocrx_word' id='word_1_95' title='bbox 232 1687 475 1703; x_wconf 87' lang='lat'><strong><em>......</em></strong></span> <span class='ocrx_word' id='word_1_96' title='bbox 509 1688 523 1732; x_wconf 87' lang='lat'><strong>.·</strong></span> <span class='ocrx_word' id='word_1_97' title='bbox 564 1689 570 1702; x_wconf 91' lang='lat'><strong>.</strong></span> <span class='ocrx_word' id='word_1_98' title='bbox 612 1692 617 1703; x_wconf 96' lang='lat'><strong>.</strong></span> <span class='ocrx_word' id='word_1_99' title='bbox 658 1688 666 1701; x_wconf 89' lang='lat'><strong>.</strong></span> <span class='ocrx_word' id='word_1_100' title='bbox 706 1689 712 1702; x_wconf 93' lang='lat'><strong>.</strong></span> <span class='ocrx_word' id='word_1_101' title='bbox 751 1647 794 1703; x_wconf 87' lang='lat' dir='ltr'><strong>Tu</strong></span> <span class='ocrx_word' id='word_1_102' title='bbox 814 1653 914 1704; x_wconf 86' lang='lat' dir='ltr'><strong>cuneta</strong></span> <span class='ocrx_word' id='word_1_103' title='bbox 935 1661 1058 1718; x_wconf 88' lang='lat' dir='ltr'><strong>superno</strong></span> 
     </span>
     <span class='ocr_line' id='line_1_14' title="bbox 228 1733 1009 1808; baseline -0.004 -16"><span class='ocrx_word' id='word_1_104' title='bbox 228 1737 317 1792; x_wconf 85' lang='lat' dir='ltr'><strong>Ducis</strong></span> <span class='ocrx_word' id='word_1_105' title='bbox 339 1734 375 1792; x_wconf 85' lang='lat' dir='ltr'><strong>ab</strong></span> <span class='ocrx_word' id='word_1_106' title='bbox 394 1735 530 1807; x_wconf 83' lang='lat' dir='ltr'><strong>exemplo,</strong></span> <span class='ocrx_word' id='word_1_107' title='bbox 551 1733 701 1808; x_wconf 85' lang='lat' dir='ltr'><strong>pulchrum</strong></span> <span class='ocrx_word' id='word_1_108' title='bbox 723 1734 929 1807; x_wconf 84' lang='lat' dir='ltr'><strong>pulcherrimus</strong></span> <span class='ocrx_word' id='word_1_109' title='bbox 949 1736 1009 1807; x_wconf 81' lang='lat' dir='ltr'><strong>ipse</strong></span> 
     </span>
     <span class='ocr_line' id='line_1_15' title="bbox 227 1822 1136 1896; baseline 0.002 -16"><span class='ocrx_word' id='word_1_110' title='bbox 227 1822 368 1880; x_wconf 84' lang='lat' dir='ltr'><strong>Mundum</strong></span> <span class='ocrx_word' id='word_1_111' title='bbox 390 1831 483 1881; x_wconf 88' lang='lat' dir='ltr'><strong>mente</strong></span> <span class='ocrx_word' id='word_1_112' title='bbox 501 1837 611 1895; x_wconf 62' lang='lat' dir='ltr'><strong>gerens</strong></span> <span class='ocrx_word' id='word_1_113' title='bbox 629 1823 772 1896; x_wconf 78' lang='lat' dir='ltr'><strong>similique</strong></span> <span class='ocrx_word' id='word_1_114' title='bbox 784 1822 819 1880; x_wconf 91' lang='lat' dir='ltr'><strong>ab</strong></span> <span class='ocrx_word' id='word_1_115' title='bbox 838 1823 959 1896; x_wconf 74' lang='lat' dir='ltr'><strong>imagine</strong></span> <span class='ocrx_word' id='word_1_116' title='bbox 977 1823 1101 1882; x_wconf 83' lang='lat' dir='ltr'><strong>lomnans</strong></span> <span class='ocrx_word' id='word_1_117' title='bbox 1117 1829 1136 1882; x_wconf 87' lang='lat'><strong>¹.</strong></span> 
     </span>
    </p>
   </div>
   <div class='ocr_carea' id='block_1_4' title="bbox 471 2019 879 2095">
    <p class='ocr_par' dir='ltr' id='par_1_5' title="bbox 471 2019 879 2095">
     <span class='ocr_line' id='line_1_16' title="bbox 471 2019 879 2095; baseline -0.005 -17"><span class='ocrx_word' id='word_1_118' title='bbox 471 2057 475 2064; x_wconf 92' lang='lat'>-</span> <span class='ocrx_word' id='word_1_119' title='bbox 502 2020 661 2078; x_wconf 76' lang='lat' dir='ltr'><strong>Solvuntur</strong></span> <span class='ocrx_word' id='word_1_120' title='bbox 678 2019 879 2095; x_wconf 64' lang='lat' dir='ltr'><strong>dffmrltotes.</strong></span> 
     </span>
    </p>
   </div>
   <div class='ocr_carea' id='block_1_5' title="bbox 63 2220 1311 3858">
    <p class='ocr_par' dir='ltr' id='par_1_6' title="bbox 147 2220 1230 2687">
     <span class='ocr_line' id='line_1_17' title="bbox 209 2220 1226 2299; baseline 0.005 -20"><span class='ocrx_word' id='word_1_121' title='bbox 209 2230 260 2280; x_wconf 77' lang='grc'><strong>15.</strong></span> <span class='ocrx_word' id='word_1_122' title='bbox 281 2220 376 2281; x_wconf 79' lang='lat' dir='ltr'><strong>oruc.</strong></span> <span class='ocrx_word' id='word_1_123' title='bbox 394 2222 419 2280; x_wconf 93' lang='lat' dir='ltr'><strong>l.</strong></span> <span class='ocrx_word' id='word_1_124' title='bbox 434 2221 593 2281; x_wconf 65' lang='lat' dir='ltr'><strong>adstructo</strong></span> <span class='ocrx_word' id='word_1_125' title='bbox 617 2224 760 2282; x_wconf 85' lang='lat' dir='ltr'><strong>sententia</strong></span> <span class='ocrx_word' id='word_1_126' title='bbox 783 2222 882 2282; x_wconf 80' lang='lat' dir='ltr'><strong>iuvere</strong></span> <span class='ocrx_word' id='word_1_127' title='bbox 897 2222 1011 2282; x_wconf 86' lang='lat' dir='ltr'><strong>videtur</strong></span> <span class='ocrx_word' id='word_1_128' title='bbox 1031 2224 1226 2299; x_wconf 85' lang='lat' dir='ltr'><strong>pentheismo.</strong></span> 
     </span>
     <span class='ocr_line' id='line_1_18' title="bbox 147 2318 1226 2397; baseline 0.002 -18"><span class='ocrx_word' id='word_1_129' title='bbox 147 2320 263 2380; x_wconf 75' lang='lat' dir='ltr'><strong>Etenim</strong></span> <span class='ocrx_word' id='word_1_130' title='bbox 284 2334 336 2394; x_wconf 88' lang='lat' dir='ltr'><strong>per</strong></span> <span class='ocrx_word' id='word_1_131' title='bbox 360 2334 426 2377; x_wconf 90' lang='lat' dir='ltr'><strong>eam</strong></span> <span class='ocrx_word' id='word_1_132' title='bbox 439 2335 486 2378; x_wconf 84' lang='lat' dir='ltr'><strong>res</strong></span> <span class='ocrx_word' id='word_1_133' title='bbox 506 2318 659 2395; x_wconf 83' lang='lat' dir='ltr'><strong>possibiles</strong></span> <span class='ocrx_word' id='word_1_134' title='bbox 679 2319 719 2378; x_wconf 92' lang='lat' dir='ltr'><strong>nil</strong></span> <span class='ocrx_word' id='word_1_135' title='bbox 742 2320 822 2379; x_wconf 88' lang='lat' dir='ltr'><strong>aliud</strong></span> <span class='ocrx_word' id='word_1_136' title='bbox 845 2321 959 2395; x_wconf 83' lang='lat' dir='ltr'><strong>forent,</strong></span> <span class='ocrx_word' id='word_1_137' title='bbox 978 2322 1034 2380; x_wconf 86' lang='lat' dir='ltr'><strong>nisi</strong></span> <span class='ocrx_word' id='word_1_138' title='bbox 1059 2324 1138 2397; x_wconf 86' lang='lat' dir='ltr'><strong>ipsae</strong></span> <span class='ocrx_word' id='word_1_139' title='bbox 1151 2323 1226 2381; x_wconf 85' lang='lat' dir='ltr'><strong>diui·</strong></span> 
     </span>
     <span class='ocr_line' id='line_1_19' title="bbox 148 2415 1226 2495; baseline 0.005 -21"><span class='ocrx_word' id='word_1_140' title='bbox 148 2432 204 2475; x_wconf 89' lang='lat' dir='ltr'><strong>nae</strong></span> <span class='ocrx_word' id='word_1_141' title='bbox 228 2415 309 2474; x_wconf 87' lang='lat' dir='ltr'><strong>ldeao</strong></span> <span class='ocrx_word' id='word_1_142' title='bbox 335 2432 371 2474; x_wconf 91' lang='lat' dir='ltr'><strong>ac</strong></span> <span class='ocrx_word' id='word_1_143' title='bbox 392 2415 493 2475; x_wconf 81' lang='grc'><strong>(111111</strong></span> <span class='ocrx_word' id='word_1_144' title='bbox 522 2419 648 2477; x_wconf 66' lang='lat' dir='ltr'><strong>munda</strong></span> <span class='ocrx_word' id='word_1_145' title='bbox 672 2416 897 2494; x_wconf 83' lang='lat' dir='ltr'><strong>participabilis.</strong></span> <span class='ocrx_word' id='word_1_146' title='bbox 919 2416 1030 2477; x_wconf 89' lang='lat' dir='ltr'><strong>Deinde</strong></span> <span class='ocrx_word' id='word_1_147' title='bbox 1055 2427 1226 2495; x_wconf 91' lang='lat' dir='ltr'><strong>conceptum</strong></span> 
     </span>
     <span class='ocr_line' id='line_1_20' title="bbox 147 2512 1230 2609; baseline 0.003 -37"><span class='ocrx_word' id='word_1_148' title='bbox 147 2514 305 2572; x_wconf 88' lang='lat' dir='ltr'><strong>creationis</strong></span> <span class='ocrx_word' id='word_1_149' title='bbox 327 2512 433 2590; x_wconf 75' lang='lat' dir='ltr'><strong>laedit,</strong></span> <span class='ocrx_word' id='word_1_150' title='bbox 458 2530 505 2572; x_wconf 77' lang='lat' dir='ltr'><strong>res</strong></span> <span class='ocrx_word' id='word_1_151' title='bbox 526 2518 604 2573; x_wconf 89' lang='lat' dir='ltr'><strong>enim</strong></span> <span class='ocrx_word' id='word_1_152' title='bbox 630 2531 690 2574; x_wconf 92' lang='lat' dir='ltr'><strong>non</strong></span> <span class='ocrx_word' id='word_1_153' title='bbox 717 2521 885 2575; x_wconf 86' lang='lat' dir='ltr'><strong>crearentur</strong></span> <span class='ocrx_word' id='word_1_154' title='bbox 912 2531 949 2573; x_wconf 83' lang='lat' dir='ltr'><strong>ex</strong></span> <span class='ocrx_word' id='word_1_155' title='bbox 975 2514 1084 2609; x_wconf 80' lang='lat' dir='ltr'><strong>nihilo,</strong></span> <span class='ocrx_word' id='word_1_156' title='bbox 1111 2516 1161 2575; x_wconf 89' lang='lat' dir='ltr'><strong>sed</strong></span> <span class='ocrx_word' id='word_1_157' title='bbox 1184 2520 1230 2575; x_wconf 87' lang='lat' dir='ltr'><strong>sul</strong></span> 
     </span>
     <span class='ocr_line' id='line_1_21' title="bbox 148 2612 600 2687; baseline 0.002 -17"><span class='ocrx_word' id='word_1_158' title='bbox 148 2612 371 2687; x_wconf 86' lang='lat' dir='ltr'><strong>possibilitatem</strong></span> <span class='ocrx_word' id='word_1_159' title='bbox 394 2618 600 2687; x_wconf 88' lang='lat' dir='ltr'><strong>supponerent.</strong></span> 
     </span>
    </p>

    <p class='ocr_par' dir='ltr' id='par_1_7' title="bbox 149 2661 1311 3644">
     <span class='ocr_line' id='line_1_22' title="bbox 210 2661 1311 2811; baseline 0.002 -42"><span class='ocrx_word' id='word_1_160' title='bbox 210 2711 300 2785; x_wconf 82' lang='lat' dir='ltr'><strong>lleep.</strong></span> <span class='ocrx_word' id='word_1_161' title='bbox 321 2710 403 2769; x_wconf 86' lang='lat' dir='ltr'><strong>Haeo</strong></span> <span class='ocrx_word' id='word_1_162' title='bbox 415 2712 533 2769; x_wconf 86' lang='lat' dir='ltr'><strong>nonnisi</strong></span> <span class='ocrx_word' id='word_1_163' title='bbox 547 2713 763 2787; x_wconf 86' lang='lat' dir='ltr'><strong>imperitissime</strong></span> <span class='ocrx_word' id='word_1_164' title='bbox 776 2718 897 2811; x_wconf 81' lang='lat' dir='ltr'><strong>possunt</strong></span> <span class='ocrx_word' id='word_1_165' title='bbox 914 2710 1010 2770; x_wconf 88' lang='lat' dir='ltr'><strong>obiici.</strong></span> <span class='ocrx_word' id='word_1_166' title='bbox 1028 2661 1141 2771; x_wconf 84' lang='lat' dir='ltr'><strong>Etenim</strong></span> <span class='ocrx_word' id='word_1_167' title='bbox 1164 2728 1231 2771; x_wconf 90' lang='lat' dir='ltr'><strong>sen·</strong></span> <span class='ocrx_word' id='word_1_168' title='bbox 1306 2718 1311 2723; x_wconf 79' lang='grc'><strong>’</strong></span> 
     </span>
     <span class='ocr_line' id='line_1_23' title="bbox 150 2803 1231 2884; baseline 0 -19"><span class='ocrx_word' id='word_1_169' title='bbox 150 2808 243 2865; x_wconf 88' lang='lat' dir='ltr'><strong>tentia</strong></span> <span class='ocrx_word' id='word_1_170' title='bbox 252 2822 365 2882; x_wconf 83' lang='lat' dir='ltr'><strong>,quam</strong></span> <span class='ocrx_word' id='word_1_171' title='bbox 387 2807 708 2884; x_wconf 80' lang='lat' dir='ltr'><strong>tuemur,longlssime</strong></span> <span class='ocrx_word' id='word_1_172' title='bbox 726 2803 840 2881; x_wconf 75' lang='lat' dir='ltr'><strong>abestp&#39;</strong></span> <span class='ocrx_word' id='word_1_173' title='bbox 857 2807 1063 2883; x_wconf 88' lang='lat' dir='ltr'><strong>pentheismo,</strong></span> <span class='ocrx_word' id='word_1_174' title='bbox 1079 2807 1231 2867; x_wconf 77' lang='grc'><strong>1111111111-</strong></span> 
     </span>
     <span class='ocr_line' id='line_1_24' title="bbox 149 2904 1232 2982; baseline 0.003 -20"><span class='ocrx_word' id='word_1_175' title='bbox 149 2906 269 2980; x_wconf 80' lang='lat' dir='ltr'><strong>gissime</strong></span> <span class='ocrx_word' id='word_1_176' title='bbox 293 2904 374 2963; x_wconf 90' lang='lat' dir='ltr'><strong>illine</strong></span> <span class='ocrx_word' id='word_1_177' title='bbox 392 2905 514 2965; x_wconf 79' lang='lat' dir='ltr'><strong>abineie</strong></span> <span class='ocrx_word' id='word_1_178' title='bbox 533 2906 671 2965; x_wconf 83' lang='lat' dir='ltr'><strong>Doctores</strong></span> <span class='ocrx_word' id='word_1_179' title='bbox 693 2906 847 2982; x_wconf 89' lang='lat' dir='ltr'><strong>catholici,</strong></span> <span class='ocrx_word' id='word_1_180' title='bbox 866 2908 914 2981; x_wconf 87' lang='lat' dir='ltr'><strong>qui</strong></span> <span class='ocrx_word' id='word_1_181' title='bbox 937 2922 1026 2981; x_wconf 90' lang='lat' dir='ltr'><strong>prope</strong></span> <span class='ocrx_word' id='word_1_182' title='bbox 1046 2922 1146 2965; x_wconf 89' lang='lat' dir='ltr'><strong>omncs</strong></span> <span class='ocrx_word' id='word_1_183' title='bbox 1167 2922 1232 2965; x_wconf 86' lang='lat' dir='ltr'><strong>enm</strong></span> 
     </span>
     <span class='ocr_line' id='line_1_25' title="bbox 149 3001 1232 3079; baseline 0 -19"><span class='ocrx_word' id='word_1_184' title='bbox 149 3001 322 3061; x_wconf 87' lang='lat' dir='ltr'><strong>docuerunt.</strong></span> <span class='ocrx_word' id='word_1_185' title='bbox 345 3002 564 3077; x_wconf 79' lang='lat' dir='ltr'><strong>Rationalem,</strong></span> <span class='ocrx_word' id='word_1_186' title='bbox 583 3019 658 3077; x_wconf 89' lang='lat' dir='ltr'><strong>qnae</strong></span> <span class='ocrx_word' id='word_1_187' title='bbox 676 3005 850 3079; x_wconf 90' lang='lat' dir='ltr'><strong>opponitur,</strong></span> <span class='ocrx_word' id='word_1_188' title='bbox 870 3005 950 3061; x_wconf 86' lang='lat' dir='ltr'><strong>vocis</strong></span> <span class='ocrx_word' id='word_1_189' title='bbox 971 3002 1161 3079; x_wconf 81' lang='lat' dir='ltr'><strong>ambiguitate</strong></span> <span class='ocrx_word' id='word_1_190' title='bbox 1188 3006 1232 3061; x_wconf 90' lang='lat' dir='ltr'><strong>nl-</strong></span> 
     </span>
     <span class='ocr_line' id='line_1_26' title="bbox 150 3098 1233 3175; baseline 0 -17"><span class='ocrx_word' id='word_1_191' title='bbox 150 3100 234 3159; x_wconf 88' lang='lat' dir='ltr'><strong>titur.</strong></span> <span class='ocrx_word' id='word_1_192' title='bbox 257 3098 333 3157; x_wconf 84' lang='lat' dir='ltr'><strong>Nam</strong></span> <span class='ocrx_word' id='word_1_193' title='bbox 354 3103 496 3159; x_wconf 74' lang='lat' dir='ltr'><strong>esmntine</strong></span> <span class='ocrx_word' id='word_1_194' title='bbox 516 3100 669 3175; x_wconf 88' lang='lat' dir='ltr'><strong>possibiles</strong></span> <span class='ocrx_word' id='word_1_195' title='bbox 696 3116 755 3159; x_wconf 92' lang='lat' dir='ltr'><strong>non</strong></span> <span class='ocrx_word' id='word_1_196' title='bbox 777 3103 843 3175; x_wconf 85' lang='lat' dir='ltr'><strong>ipsa</strong></span> <span class='ocrx_word' id='word_1_197' title='bbox 861 3101 991 3159; x_wconf 85' lang='lat' dir='ltr'><strong>realitate</strong></span> <span class='ocrx_word' id='word_1_198' title='bbox 1009 3099 1170 3160; x_wconf 87' lang='lat' dir='ltr'><strong>subiectiva</strong></span> <span class='ocrx_word' id='word_1_199' title='bbox 1190 3100 1233 3159; x_wconf 89' lang='lat' dir='ltr'><strong>dl·</strong></span> 
     </span>
     <span class='ocr_line' id='line_1_27' title="bbox 152 3196 1234 3273; baseline 0.005 -21"><span class='ocrx_word' id='word_1_200' title='bbox 152 3199 290 3256; x_wconf 86' lang='lat' dir='ltr'><strong>vlnarum</strong></span> <span class='ocrx_word' id='word_1_201' title='bbox 304 3197 435 3257; x_wconf 88' lang='lat' dir='ltr'><strong>idearum</strong></span> <span class='ocrx_word' id='word_1_202' title='bbox 450 3199 680 3273; x_wconf 75' lang='lat' dir='ltr'><strong>coordinantur,</strong></span> <span class='ocrx_word' id='word_1_203' title='bbox 691 3198 742 3257; x_wconf 88' lang='lat' dir='ltr'><strong>scd</strong></span> <span class='ocrx_word' id='word_1_204' title='bbox 756 3198 888 3257; x_wconf 88' lang='lat' dir='ltr'><strong>terminis</strong></span> <span class='ocrx_word' id='word_1_205' title='bbox 901 3204 1016 3257; x_wconf 87' lang='lat' dir='ltr'><strong>tantum</strong></span> <span class='ocrx_word' id='word_1_206' title='bbox 1028 3196 1142 3255; x_wconf 86' lang='lat' dir='ltr'><strong>illarum</strong></span> <span class='ocrx_word' id='word_1_207' title='bbox 1158 3197 1234 3257; x_wconf 83' lang='lat' dir='ltr'><strong>idce-</strong></span> 
     </span>
     <span class='ocr_line' id='line_1_28' title="bbox 153 3294 1233 3371; baseline 0 -18"><span class='ocrx_word' id='word_1_208' title='bbox 153 3296 290 3371; x_wconf 84' lang='lat' dir='ltr'><strong>rum,qai</strong></span> <span class='ocrx_word' id='word_1_209' title='bbox 306 3297 344 3353; x_wconf 90' lang='lat' dir='ltr'><strong>in</strong></span> <span class='ocrx_word' id='word_1_210' title='bbox 353 3296 390 3354; x_wconf 91' lang='lat' dir='ltr'><strong>iis</strong></span> <span class='ocrx_word' id='word_1_211' title='bbox 401 3298 587 3355; x_wconf 87' lang='lat' dir='ltr'><strong>continentur</strong></span> <span class='ocrx_word' id='word_1_212' title='bbox 605 3300 640 3353; x_wconf 90' lang='lat' dir='ltr'><strong>nt</strong></span> <span class='ocrx_word' id='word_1_213' title='bbox 655 3296 779 3354; x_wconf 88' lang='lat' dir='ltr'><strong>obiecta.</strong></span> <span class='ocrx_word' id='word_1_214' title='bbox 793 3294 857 3353; x_wconf 89' lang='lat' dir='ltr'><strong>Non</strong></span> <span class='ocrx_word' id='word_1_215' title='bbox 869 3296 946 3353; x_wconf 90' lang='lat' dir='ltr'><strong>enim</strong></span> <span class='ocrx_word' id='word_1_216' title='bbox 959 3302 1042 3353; x_wconf 88' lang='lat' dir='ltr'><strong>actus</strong></span> <span class='ocrx_word' id='word_1_217' title='bbox 1056 3296 1233 3371; x_wconf 85' lang='lat' dir='ltr'><strong>cognitionis</strong></span> 
     </span>
     <span class='ocr_line' id='line_1_29' title="bbox 151 3389 1234 3468; baseline 0.003 -20"><span class='ocrx_word' id='word_1_218' title='bbox 151 3389 286 3467; x_wconf 83' lang='grc'><strong>(11111111,</strong></span> <span class='ocrx_word' id='word_1_219' title='bbox 307 3408 470 3468; x_wconf 89' lang='lat' dir='ltr'><strong>quaecum</strong></span> <span class='ocrx_word' id='word_1_220' title='bbox 492 3392 552 3451; x_wconf 84' lang='lat' dir='ltr'><strong>lieo</strong></span> <span class='ocrx_word' id='word_1_221' title='bbox 573 3408 663 3451; x_wconf 89' lang='lat' dir='ltr'><strong>unum</strong></span> <span class='ocrx_word' id='word_1_222' title='bbox 686 3391 820 3466; x_wconf 85' lang='lat' dir='ltr'><strong>idemque</strong></span> <span class='ocrx_word' id='word_1_223' title='bbox 838 3400 904 3468; x_wconf 81' lang='lat' dir='ltr'><strong>est3</strong></span> <span class='ocrx_word' id='word_1_224' title='bbox 929 3390 980 3450; x_wconf 88' lang='lat' dir='ltr'><strong>sed</strong></span> <span class='ocrx_word' id='word_1_225' title='bbox 999 3391 1078 3467; x_wconf 89' lang='lat' dir='ltr'><strong>quod</strong></span> <span class='ocrx_word' id='word_1_226' title='bbox 1097 3397 1163 3451; x_wconf 88' lang='lat' dir='ltr'><strong>acta</strong></span> <span class='ocrx_word' id='word_1_227' title='bbox 1183 3390 1234 3451; x_wconf 93' lang='lat' dir='ltr'><strong>illo</strong></span> 
     </span>
     <span class='ocr_line' id='line_1_30' title="bbox 152 3487 1234 3595; baseline -0.001 -48"><span class='ocrx_word' id='word_1_228' title='bbox 152 3488 317 3563; x_wconf 83' lang='lat' dir='ltr'><strong>concipitur</strong></span> <span class='ocrx_word' id='word_1_229' title='bbox 336 3495 366 3549; x_wconf 88' lang='lat' dir='ltr'><strong>et</strong></span> <span class='ocrx_word' id='word_1_230' title='bbox 391 3488 523 3551; x_wconf 88' lang='lat' dir='ltr'><strong>idealiter</strong></span> <span class='ocrx_word' id='word_1_231' title='bbox 543 3490 742 3565; x_wconf 79' lang='lat' dir='ltr'><strong>exprimitur,</strong></span> <span class='ocrx_word' id='word_1_232' title='bbox 766 3504 863 3549; x_wconf 83' lang='lat' dir='ltr'><strong>rernm</strong></span> <span class='ocrx_word' id='word_1_233' title='bbox 890 3489 1045 3595; x_wconf 72' lang='grc'><strong>1111111111</strong></span> <span class='ocrx_word' id='word_1_234' title='bbox 1068 3487 1234 3565; x_wconf 87' lang='lat' dir='ltr'><strong>possibilem</strong></span> 
     </span>
     <span class='ocr_line' id='line_1_31' title="bbox 152 3581 303 3644; baseline 0 -1"><span class='ocrx_word' id='word_1_235' title='bbox 152 3581 303 3644; x_wconf 82' lang='lat' dir='ltr'><strong>eiiormat.</strong></span> 
     </span>
    </p>

    <p class='ocr_par' dir='ltr' id='par_1_8' title="bbox 63 3681 1234 3858">
     <span class='ocr_line' id='line_1_32' title="bbox 63 3681 1234 3771; baseline 0 -30"><span class='ocrx_word' id='word_1_236' title='bbox 63 3756 70 3771; x_wconf 43' lang='grc' dir='ltr'><strong><em>Ι</em></strong></span> <span class='ocrx_word' id='word_1_237' title='bbox 211 3681 300 3741; x_wconf 86' lang='lat' dir='ltr'><strong>Notio</strong></span> <span class='ocrx_word' id='word_1_238' title='bbox 325 3689 422 3742; x_wconf 87' lang='lat' dir='ltr'><strong>autem</strong></span> <span class='ocrx_word' id='word_1_239' title='bbox 442 3684 599 3743; x_wconf 87' lang='lat' dir='ltr'><strong>creationis</strong></span> <span class='ocrx_word' id='word_1_240' title='bbox 619 3682 676 3742; x_wconf 88' lang='lat' dir='ltr'><strong>hoe</strong></span> <span class='ocrx_word' id='word_1_241' title='bbox 693 3686 852 3761; x_wconf 85' lang='lat' dir='ltr'><strong>importat,</strong></span> <span class='ocrx_word' id='word_1_242' title='bbox 878 3689 912 3743; x_wconf 89' lang='lat' dir='ltr'><strong>ut</strong></span> <span class='ocrx_word' id='word_1_243' title='bbox 934 3682 1015 3743; x_wconf 88' lang='lat' dir='ltr'><strong>nnila</strong></span> <span class='ocrx_word' id='word_1_244' title='bbox 1024 3682 1153 3761; x_wconf 84' lang='lat' dir='ltr'><strong>physica</strong></span> <span class='ocrx_word' id='word_1_245' title='bbox 1175 3698 1234 3741; x_wconf 89' lang='lat' dir='ltr'><strong>ren·</strong></span> 
     </span>
     <span class='ocr_line' id='line_1_33' title="bbox 151 3776 1234 3858; baseline 0 -23"><span class='ocrx_word' id='word_1_246' title='bbox 151 3776 219 3837; x_wconf 87' lang='lat' dir='ltr'><strong>litas</strong></span> <span class='ocrx_word' id='word_1_247' title='bbox 231 3820 241 3855; x_wconf 93' lang='lat'><strong>,</strong></span> <span class='ocrx_word' id='word_1_248' title='bbox 255 3794 293 3839; x_wconf 84' lang='lat' dir='ltr'><strong>ex</strong></span> <span class='ocrx_word' id='word_1_249' title='bbox 313 3794 372 3857; x_wconf 83' lang='lat' dir='ltr'><strong>qne</strong></span> <span class='ocrx_word' id='word_1_250' title='bbox 394 3787 545 3857; x_wconf 70' lang='lat' dir='ltr'><strong>umquam</strong></span> <span class='ocrx_word' id='word_1_251' title='bbox 564 3796 601 3841; x_wconf 83' lang='lat' dir='ltr'><strong>ex</strong></span> <span class='ocrx_word' id='word_1_252' title='bbox 624 3779 756 3841; x_wconf 87' lang='lat' dir='ltr'><strong>subiecto</strong></span> <span class='ocrx_word' id='word_1_253' title='bbox 778 3798 824 3841; x_wconf 88' lang='lat' dir='ltr'><strong>res</strong></span> <span class='ocrx_word' id='word_1_254' title='bbox 846 3780 915 3858; x_wconf 88' lang='lat' dir='ltr'><strong>ilat,</strong></span> <span class='ocrx_word' id='word_1_255' title='bbox 929 3782 1100 3857; x_wconf 83' lang='lat' dir='ltr'><strong>praelucent.</strong></span> <span class='ocrx_word' id='word_1_256' title='bbox 1123 3778 1162 3837; x_wconf 83' lang='lat' dir='ltr'><strong>m</strong></span> <span class='ocrx_word' id='word_1_257' title='bbox 1181 3780 1234 3835; x_wconf 90' lang='lat' dir='ltr'><strong>mi·</strong></span> 
     </span>
    </p>
   </div>
   <div class='ocr_carea' id='block_1_6' title="bbox 168 3990 689 4056">
    <p class='ocr_par' dir='ltr' id='par_1_9' title="bbox 168 3964 766 4073">
     <span class='ocr_line' id='line_1_34' title="bbox 168 3990 689 4056; baseline 0.007 -17"><span class='ocrx_word' id='word_1_258' title='bbox 168 4046 177 4053; x_wconf 45' lang='grc'>,</span> <span class='ocrx_word' id='word_1_259' title='bbox 215 3992 284 4040; x_wconf 80' lang='lat' dir='ltr'><strong>ille</strong></span> <span class='ocrx_word' id='word_1_260' title='bbox 302 3990 485 4043; x_wconf 75' lang='lat' dir='ltr'><strong>domolotlour</strong></span> <span class='ocrx_word' id='word_1_261' title='bbox 497 3990 689 4056; x_wconf 73' lang='lat' dir='ltr'><strong>Philosophiae.</strong></span> 
     </span>
    </p>
   </div>
   <div class='ocr_carea' id='block_1_7' title="bbox 0 0 1460 4425">
    <p class='ocr_par' dir='ltr' id='par_1_10' title="bbox 0 0 1460 4425">
     <span class='ocr_line' id='line_1_35' title="bbox 0 0 1460 4425; baseline 0 0"><span class='ocrx_word' id='word_1_262' title='bbox 0 0 1460 4425; x_wconf 95' lang='lat' dir='ltr'><strong> </strong></span> 
     </span>
    </p>
   </div>
  </div>
 </body>
</html>
