2892 4425
249 334 314 416 254'
575 368 791 412 utunuutstca
813 367 985 410 aestuatis

248 498 316 539 num
344 490 502 538 numerum·
520 495 557 537 ex
579 478 636 537 lllis
660 477 820 537 coalescere
843 484 1043 536 contueamur.
1068 477 1126 535 Pro
1151 476 1320 537 Geometrla

249 594 317 636 vero
337 575 445 651 profert
464 577 680 653 pronuntiatum
706 574 779 633 hoc:
800 573 879 634 liaeo
899 579 1042 633 recteest
1062 576 1189 633 oronim
1212 575 1320 635 treve·

247 679 334 747 sima,
358 691 434 751 quoe
454 677 530 745 inter
550 672 608 731 dno
627 672 701 731 doto
718 676 834 749 puncto
854 671 924 730 duci
940 675 1066 749 possint.
1092 673 1154 730 lloc
1176 688 1234 731 non
1256 690 1322 733 esse

249 773 385 831 iudicium
404 772 582 849 analyticum
602 771 667 829 inde
686 770 799 846 prohat,
816 769 893 845 quod
911 786 927 828 e
944 778 1084 845 conceptu
1102 774 1185 845 recti,
1210 774 1261 846 qui
1281 773 1321 831 od

248 871 415 947 qualitatem
437 873 575 947 pertinet,
597 869 661 928 elici
680 876 804 945 nequeat
822 872 902 928 notio
924 868 1090 943 breuitatis,
1115 887 1188 945 quae
1207 878 1322 945 spectat

249 968 285 1026 ad
305 972 505 1043 quantitatem.
528 968 706 1042 Proindeque
726 970 812 1025 etiam
837 967 884 1025 hic
902 984 973 1042 opus
992 984 1053 1025 esse
1072 971 1113 1026 ait
1133 970 1244 1027 visione
1267 970 1319 1028 all·

248 1084 317 1142 qua,
338 1082 411 1141 quoe
433 1069 473 1125 rei
492 1073 662 1142 conceptum
680 1068 770 1124 iuvet.
788 1066 898 1125 Deinde
923 1069 1025 1125 asserit
1048 1066 1190 1143 Physicae
1210 1070 1321 1145 etiam,

248 1167 358 1241 ipsique
375 1146 591 1241 Metaphysicae
605 1163 711 1224 iudicia
725 1166 817 1221 inesse
838 1164 1002 1242 synthetica
1021 1180 1039 1223 a
1058 1167 1158 1239 priori,
1174 1167 1319 1241 exempla-

247 1280 303 1338 que
324 1262 411 1321 aliert
435 1266 464 1320 iu
486 1262 614 1338 physicis
627 1263 686 1320 duo
707 1262 777 1320 haec
791 1266 992 1337 pronuntiata:
1018 1266 1050 1320 in
1065 1261 1198 1323 omnibus
1221 1268 1320 1323 matu·

249 1359 375 1419 tionibus
393 1358 496 1419 mandi
516 1363 644 1435 corporei
667 1359 767 1419 eodem
790 1364 890 1419 monet
910 1363 1051 1419 materiae
1069 1364 1244 1437 quatrinum
1268 1368 1318 1420 et:

247 1460 279 1516 in
297 1461 398 1535 quouis
414 1464 494 1516 molo
507 1458 745 1520 communicando
762 1463 839 1517 notio
855 1463 885 1517 et
903 1463 1011 1517 reontio
1027 1463 1071 1517 cst
1086 1476 1197 1535 semper
1212 1476 1321 1536 acquo-
1370 1452 1374 1457 ’

249 1555 295 1615 lis.
318 1557 350 1614 In
375 1556 579 1632 metaphysicis
602 1574 669 1615 vero
690 1557 808 1616 adducit
828 1560 1052 1634 propositionem
1075 1557 1165 1615 hanc:
1192 1556 1321 1616 mundus

174 1648 179 1661 '
248 1654 407 1731 aliquando
424 1653 590 1731 primordio
610 1658 718 1731 coperit
736 1673 848 1714 neccsse
868 1661 910 1712 est
932 1660 953 1713 ¹.

310 1753 414 1811 Verum
430 1756 593 1829 enimuero,
615 1770 684 1827 pace
702 1754 828 1811 hominis
846 1756 994 1828 peracuti,
1012 1754 1083 1811 haec
1101 1752 1256 1810 admodum
1276 1752 1318 1810 iu-

248 1850 310 1909 tilia
328 1857 414 1927 suut,
434 1858 462 1909 et
482 1858 616 1910 nontam
636 1851 672 1910 ad
693 1853 941 1926 ratiocinandum,
963 1870 1049 1928 quam
1069 1851 1104 1910 ad
1120 1852 1319 1910 cavillandum

247 1952 419 2024 excogitata.
438 1948 483 2006 Ad
498 1952 621 2024 primum
637 1954 713 2009 enim
729 1951 807 2026 quod
825 1954 938 2026 attinet,
951 1970 1065 2010 summa
1079 1952 1144 2009 illa:
1165 1959 1222 2022 7†5
1234 1972 1257 2003 =
1268 1961 1278 2009 t
1289 1961 1317 2025 2,

248 2046 386 2105 iudicium
406 2055 502 2121 aperte
520 2048 719 2123 complectitur
739 2050 928 2126 analyticum.
955 2050 1087 2107 Patenter
1103 2051 1179 2106 enim
1199 2055 1318 2124 uterque

248 2150 308 2202 eius
330 2148 471 2204 terminus
499 2147 618 2205 eandem
645 2148 739 2205 ideam
762 2151 907 2223 continet,
933 2165 1033 2222 nempe
1052 2150 1192 2205 unitatem
1220 2148 1265 2205 his
1291 2154 1319 2204 et

248 2243 342 2302 decies
363 2252 553 2321 assumptam,
569 2248 622 2304 etsi
635 2247 751 2304 diversa
771 2247 907 2305 relatione
925 2255 954 2304 et
969 2249 1044 2318 signi
1066 2248 1256 2320 expressione.
1267 2263 1316 2302 cx·

249 2342 380 2400 hibitam.
402 2345 437 2401 Et
454 2361 522 2402 sane
545 2345 583 2402 ibi
606 2345 766 2403 subiectum
791 2346 861 2403 nihil
880 2353 923 2403 est
942 2345 1021 2402 aliud
1039 2347 1093 2402 nisi
1120 2344 1316 2418 praedicatum

248 2442 277 2498 in
301 2441 359 2499 duo
384 2443 524 2500 elementa
554 2444 729 2518 resolutum3
756 2443 895 2518 siquidem
925 2447 1033 2518 septem
1058 2449 1086 2499 et
1109 2444 1237 2518 quiaque
1261 2458 1318 2498 non

248 2540 326 2597 aliud
350 2547 418 2598 sunt
436 2543 491 2597 nisi
511 2549 606 2615 partes
630 2546 741 2599 numeri
764 2541 926 2600 duodecim.
953 2542 991 2599 At
1017 2545 1096 2598 irixta
1120 2543 1214 2614 ipsum
1240 2540 1319 2598 Kant

248 2637 386 2695 iudicium
407 2647 450 2695 est
471 2639 979 2715 analyticum,quotiescumqueaut
998 2640 1193 2713 praedicatum
1208 2641 1317 2696 enasci·

249 2743 296 2793 tur
319 2753 354 2792 ex
380 2736 551 2795 resolutione
573 2738 712 2812 subiecti,
738 2746 787 2796 aut
814 2743 958 2796 viceversa
983 2739 1142 2795 subiectum
1166 2740 1257 2794 oritur
1281 2753 1318 2794 ex

249 2835 423 2891 resolutione
443 2835 609 2908 praedicati.
629 2836 707 2892 ldem
730 2835 776 2893 dic
797 2837 832 2894 de
847 2838 911 2895 aliis
926 2837 1086 2911 quibusque
1101 2839 1233 2894 summis.
1259 2836 1318 2892 Nec

248 2931 340 2988 hilum
362 2931 473 3005 officit,
494 2933 570 3006 quod
592 2935 755 3007 interdum,
780 2936 809 2990 in
827 2935 983 2992 maioribus
1002 2937 1170 3009 praesertim
1191 2936 1318 2991 numeris

246 3029 448 3103 supputandis,
470 3029 505 3085 ad
522 3037 639 3087 externa
661 3035 744 3106 sigua
762 3033 915 3108 confugero
935 3050 1008 3106 opus
1027 3036 1076 3105 sit,
1098 3049 1144 3089 ex.
1162 3049 1205 3106 gr.
1223 3032 1259 3089 ad
1274 3033 1317 3088 di·

249 3129 323 3201 gitos
346 3127 388 3184 vel
409 3129 603 3200 scriptionem.
626 3129 657 3186 ld
674 3133 749 3186 enim
769 3147 826 3187 non
848 3135 1016 3206 assumitur,
1031 3138 1063 3189 ut
1082 3131 1118 3188 ad
1139 3133 1319 3205 pronuntiati

249 3228 398 3283 veritatem
421 3225 567 3299 quidpiam
585 3227 723 3302 conferat,
747 3229 795 3286 sud
813 3235 844 3287 ut
864 3233 1019 3287 mornoriao
1037 3230 1200 3302 subveniat,
1221 3232 1317 3286 sisint-

247 3340 303 3399 que
326 3324 520 3399 phantasiam,
538 3342 573 3382 no
594 3325 648 3384 hac
668 3327 734 3384 illnc
757 3328 951 3403 dispergatur.
974 3329 1078 3403 Agitur
1099 3332 1174 3385 enirn
1197 3328 1232 3384 de
1247 3327 1318 3384 ideis

248 3426 282 3480 iis
309 3426 382 3480 inter
401 3441 430 3480 se
447 3427 661 3498 comparandis,
678 3443 751 3499 quae
768 3428 924 3484 admodum
945 3429 1110 3500 complexae
1127 3433 1209 3496 sunt,
1233 3442 1319 3501 quae

247 3537 303 3596 que
326 3520 432 3577 idcirco
458 3525 577 3597 exigunt
603 3525 638 3581 ad
662 3527 799 3582 unitatem
824 3525 951 3600 aliquam
973 3529 1164 3598 expressionis
1188 3524 1317 3597 adduci,

247 3627 333 3693 atque
354 3622 479 3677 externis
498 3621 578 3697 alfigi
604 3624 712 3698 signis,
731 3639 767 3680 nc
788 3623 964 3680 intellectum
992 3623 1191 3697 confundant,
1213 3629 1264 3680 aut
1283 3640 1318 3680 ne

248 3719 385 3775 memoria
414 3718 558 3778 labantur.
588 3723 683 3794 Quare
711 3722 739 3779 id
770 3738 870 3796 omne,
897 3723 974 3797 quod
1004 3723 1072 3780 hinc
1099 3724 1212 3796 capitur
1236 3722 1318 3779 adiu·

247 3818 347 3890 menti,
374 3832 431 3873 non
455 3821 547 3892 ipsum
575 3820 711 3878 iudicium
742 3827 867 3894 spectat,
898 3821 948 3878 sed
976 3821 1103 3878 idearum
1130 3818 1316 3878 conferenda·

307 4041 313 4080 t
334 4035 430 4082 (hilion
450 4036 564 4083 nationis
589 4037 681 4081 i’umc.
703 4034 772 4080 tristit
796 4036 823 4074 V.
