2892 4425
514 280 517 287 ·
590 267 667 314 usas
688 219 806 313 aureus
979 326 984 335 .
1160 267 1222 320 'itu

147 375 216 451 plari
238 376 343 452 incipit
362 377 529 453 simplicia,
552 379 583 437 ln
606 394 681 455 quae
700 379 776 440 iorte
796 384 988 458 compositum
1013 388 1136 459 partitus
1153 392 1218 463 est,

145 480 176 533 ut
196 477 240 533 sic
262 474 437 550 pedetentim
462 478 503 534 rei
525 478 693 552 complexae
718 478 885 539 distinctam
907 484 1039 557 acquirat
1060 484 1217 560 notitiam,

145 579 228 650 atque
242 572 321 633 hene
340 590 443 636 revere
461 591 514 650 pro
527 575 585 635 line
598 577 654 635 sibi
671 579 853 654 praestituit,
876 579 1039 640 cuiusmodi
1052 584 1217 693 exemplum

144 672 255 732 illustre
275 672 404 731 Euclidis
423 676 580 749 geometria
597 675 725 733 exhibet.

66 753 70 763 ⁵
199 779 252 831 62.
275 771 354 832 Solet
372 773 460 831 etiarn
479 773 609 850 analysis
627 775 804 832 inventionis
822 773 891 847 dici,
909 774 1055 851 synthesis
1076 793 1145 835 vero
1165 776 1216 838 do·

141 872 257 930 cirinus
278 869 444 929 methodus.
468 862 552 944 Quo'd
573 888 632 931 uon
657 873 697 929 ita
716 870 938 957 intelligendum
961 856 1015 947 est,
1039 878 1123 948 quasi
1149 892 1216 933 ana·

52 955 55 1044 J
140 966 214 1043 lysis
228 984 380 1043 nunquam
402 968 575 1027 inducendo
595 969 786 1044 adhiheatur;
805 970 954 1045 synthesis
971 988 1040 1029 vero
1063 989 1212 1048 nunquam

50 1069 53 1130 f
139 1068 177 1127 ad
205 1066 414 1126 inveniendum
444 1068 551 1125 ualeat.
584 1068 770 1142 Expectentle
802 1070 879 1127 enlm
907 1072 1086 1127 contrarium
1114 1078 1211 1145 aperte

48 1183 50 1236 J
138 1165 279 1225 ostendit.
299 1163 357 1223 Sed
370 1164 591 1241 intelligendum
604 1173 648 1224 est
660 1168 714 1242 ita,
736 1172 878 1241 quatenus
899 1167 929 1223 in
944 1166 1145 1241 investigando
1158 1168 1215 1243 ple·

138 1279 265 1339 rumque
285 1263 412 1341 anulysi,
432 1264 463 1321 in
485 1262 616 1321 docendo
638 1266 823 1340 potissimum
843 1270 960 1323 utamur
979 1264 1121 1341 synthesi.

198 1363 277 1423 Nam
302 1378 369 1421 cum
393 1364 424 1420 iu
444 1360 544 1421 ¹rerum
564 1364 753 1423 universitate
775 1362 986 1422 consideranda
1006 1362 1090 1422 uobis
1114 1377 1216 1439 perse

135 1478 198 1521 non
219 1466 339 1537 pateant
359 1462 417 1519 nisi
435 1460 587 1519 indiuidua
603 1468 633 1519 et
651 1463 831 1538 composita;
861 1462 912 1537 qul
932 1462 1059 1537 primum
1082 1460 1214 1539 detegere

134 1560 169 1618 in
196 1558 245 1617 his
270 1574 377 1618 novam
404 1561 556 1617 veritatem
583 1559 700 1634 studet,
730 1574 961 1635 communesque
989 1566 1110 1623 naturae
1135 1562 1212 1638 leges

134 1672 302 1733 causasque
322 1660 445 1733 rimeri;
467 1658 493 1715 is
518 1673 537 1715 a
556 1664 756 1717 concretorum
778 1656 1009 1717 considemtione
1029 1662 1149 1717 examen
1172 1661 1214 1717 in·

134 1755 227 1819 choat
251 1761 281 1813 et
301 1770 521 1831 quaquaversus
547 1772 607 1814 rem
628 1754 852 1831 contemplando
874 1754 1028 1832 diiigenter
1051 1756 1214 1817 considerat

134 1870 213 1913 num
240 1853 401 1912 consimilis
425 1853 527 1929 aliqua
543 1852 730 1931 inomnibus
751 1856 824 1912 ratio
845 1858 897 1913 aut
918 1854 1011 1913 latens
1037 1854 1212 1914 elementum

135 1957 291 2028 appareat.
311 1952 351 2010 At
364 1957 467 2009 eontra
486 1952 535 2026 qui
555 1953 708 2010 veritmem
728 1950 862 2027 adeptus,
884 1967 947 2010 eam
970 1968 1037 2009 cum
1057 1952 1121 2011 aliis
1136 1968 1212 2011 com·

134 2052 289 2109 muniente
305 2048 402 2108 studet
424 2056 511 2125 ahpue
531 2048 656 2109 ullorum
677 2050 853 2109 institutioni
869 2048 920 2107 dat
940 2066 1080 2127 operam;
1098 2050 1123 2107 is
1149 2049 1212 2107 lon-

29 2159 30 2172 *
134 2150 250 2226 glorem
265 2146 358 2224 illam,
373 2162 431 2224 qua
445 2148 512 2224 ipse
525 2154 649 2225 vegetus
665 2154 721 2225 est,
741 2149 819 2205 viam
839 2162 1045 2224 saepenumero
1060 2148 1210 2224 omittens,

133 2247 278 2306 eontlnuo
296 2245 463 2323 obiectum,
481 2247 517 2305 de
537 2263 596 2322 quo
612 2231 854 2323 agitur,*ponens
876 2247 914 2304 ob
936 2247 1036 2304 oculos
1059 2243 1210 2322 illudque',

133 2345 162 2403 si
184 2360 259 2419 opus
281 2349 336 2419 est,
354 2343 482 2403 evidenti
506 2344 649 2402 diuisione
672 2346 807 2419 partitus,
828 2359 845 2402 a
869 2345 992 2418 partium
1015 2357 1066 2402 seu
1084 2343 1210 2401 elemen-

132 2449 233 2503 torum
254 2442 382 2502 dilucida
399 2443 603 2519 explanatione
626 2441 750 2514 orditur,
781 2447 867 2516 utque
885 2441 1025 2516 paulatim
1046 2440 1083 2498 ad
1106 2440 1210 2499 distin·

133 2547 214 2600 mem
233 2542 384 2616 compositi
405 2541 599 2616 cognitionem
620 2537 765 2597 auditores
780 2537 907 2597 adducit.
931 2539 1065 2598 Ceterum
1083 2537 1162 2614 quod
1181 2539 1211 2596 in

133 2641 217 2699 omni
235 2641 402 2697 inventione
418 2638 583 2696 adhibenda
603 2641 641 2696 sit
663 2638 760 2713 aliqua
782 2635 941 2715 synthesis,
964 2639 1073 2696 nemini
1090 2635 1210 2695 dubium

133 2753 199 2798 esse
212 2743 321 2812 potet.
337 2735 412 2795 Nam
435 2737 565 2795 inventio
585 2753 643 2794 non
659 2735 694 2796 ilt
712 2735 771 2794 nisi
788 2736 1003 2812 ratiocinando,
1026 2737 1210 2794 ratiocinium

134 2842 234 2896 autern
256 2833 295 2894 ed
309 2833 471 2912 synthesim
492 2841 656 2911 revocatur,
671 2835 813 2911 siquidem
827 2835 1023 2910 applicatione
1037 2841 1150 2894 constat
1164 2851 1211 2894 re·

133 2937 257 2994 ritatem
276 2935 466 3010 generalium.
1098 2949 1100 2956 ,

93 3067 99 3084 ·
195 3039 247 3092 33.
268 3031 587 3090 Exhisiacitededucl
602 3037 851 3108 potestqueenam
871 3031 1024 3090 methodus
1044 3031 1082 3088 sit
1105 3031 1210 3088 intra·
1241 3047 1248 3058 ·

131 3129 237 3191 dendis
262 3133 391 3190 scientiis
413 3129 609 3207 praeligenda.
637 3131 702 3203 Qua
721 3134 751 3188 in
776 3147 807 3190 re
825 3129 884 3189 duio
906 3129 1112 3206 distinguenda
1138 3135 1208 3187 sunt

132 3231 282 3288 maxime:
305 3230 442 3287 nimirum
461 3229 593 3305 singulae
612 3230 810 3304 quaestiones,
833 3240 908 3304 quse
929 3228 966 3286 ad
988 3230 1131 3303 integram
1154 3227 1208 3284 ali-
1309 3255 1317 3266 ·

132 3341 222 3402 quum
236 3326 419 3401 disciplinam
439 3330 596 3404 pertinent,
612 3333 642 3386 et
655 3327 821 3386 earumdem
841 3327 985 3386 ordinatio
1003 3333 1032 3385 et
1050 3331 1208 3400 structura,
1229 3343 1235 3354 ·

132 3440 193 3502 qua
212 3427 243 3484 iu
264 3440 355 3484 unum
376 3428 460 3501 quasi
480 3426 587 3501 corpu's
606 3425 782 3484 condantur.
806 3425 920 3484 Etenim
942 3427 967 3483 sl
992 3423 1028 3483 de
1044 3423 1099 3482 hac
1123 3439 1209 3500 quae·

132 3526 209 3583 ritur
227 3521 306 3582 haud
326 3524 445 3583 dubium
468 3532 512 3584 est
530 3527 600 3601 quin
621 3523 768 3602 synthesis
786 3527 825 3584 sit
845 3523 1028 3602 adhibenda.
1042 3523 1106 3581 Nisi
1129 3525 1208 3580 enim

132 3623 163 3680 in
185 3623 405 3698 quaestimious
434 3623 640 3698 disponendis,
665 3637 740 3698 quae
766 3623 802 3680 ad
826 3622 1010 3697 disciplinam
1024 3622 1027 3628 '
1041 3625 1206 3698 pertinent,

131 3720 311 3795 simpliciora
324 3726 352 3778 et
368 3722 546 3797 generaliora
566 3723 647 3796 prius
666 3727 890 3796 pertractentur,
905 3727 990 3796 atque
1011 3737 1045 3778 ex
1066 3719 1125 3778 lllls
1140 3731 1206 3793 gra·

131 3818 223 3878 datim
248 3817 286 3877 ad
303 3821 463 3894 composita
483 3825 512 3877 et
535 3819 724 3895 particularia
748 3817 800 3878 hat
822 3819 950 3897 gradus,
977 3835 1029 3876 nec
1051 3807 1126 3876 'ordo
1154 3829 1207 3874 nee

132 3916 283 3978 distinctio
308 3924 337 3977 et
357 3919 436 3977 nitor
461 3917 592 3977 idearum
614 3919 644 3977 ln
670 3917 837 3978 addiscente
862 3911 1007 3994 glgdltur,
1032 3913 1082 3974 sed
1108 3915 1204 3992 potius

1076 4007 1087 4034 1
