2892 4425
336 370 576 419 instituimus
598 370 732 418 tomeun
754 370 1007 417 euouoomon
1175 367 1210 417 Μ

131 484 259 567 pianurs
273 482 409 567 prosectu
426 487 536 563 potest.
565 482 644 543 iiine
667 482 778 561 topica
803 484 951 561 aequimta
970 482 1118 561 erumpit,-
1139 498 1215 561 quae

134 584 243 649 murco
263 600 323 646 non
346 580 434 643 atiud
454 579 616 661 quidquam
631 578 721 640 addit
741 580 889 655 naturali,
913 582 973 641 nisi
990 579 1162 641 distinctam
1183 585 1212 641 et

134 686 307 745 commatum
325 683 466 743 notitiam
483 678 656 756 medionon,
677 694 755 755 quoe
771 694 852 739 niens
869 682 973 757 sponte
994 675 1128 753 adhibet,
1148 694 1215 738 cum

134 798 235 843 uenum
251 781 419 857 assequitur
436 781 467 839 et
483 775 616 837 declinat
634 791 773 837 errorem

84 904 90 913 ·
191 878 244 940 Ea
261 894 318 956 quo
335 878 424 955 patet
441 876 572 953 putantne
590 875 774 934 necessitatis
793 890 829 932 ea
846 874 887 933 sit
909 870 952 933 asi
971 875 1112 934 scientias
1135 890 1213 934 emn-

130 972 297 1054 parundas.
321 972 390 1034 Nisi
412 973 490 1031 enim
510 970 650 1031 distincte
671 974 703 1031 et
719 969 811 1048 piene
831 970 968 1047 reputas,
992 988 1067 1049 quas
1090 974 1124 1033 in
1147 989 1228 1032 vero·

132 1068 309 1150 inquirendo
324 1070 437 1129 seruari
450 1070 574 1145 oportet,
592 1072 662 1127 onte
677 1068 864 1141 noverinm
879 1084 968 1145 oepre
983 1068 1142 1130 admodum
1163 1086 1216 1129 neo

134 1170 197 1228 sine
217 1164 339 1229 mandi
354 1163 487 1245 pericula
506 1163 612 1225 mediis
634 1164 676 1225 asi
696 1163 928 1243 capnosemssiun
952 1164 1033 1225 datis
1052 1168 1099 1225 uti
1115 1183 1215 1243 possu-

133 1278 211 1338 mus,·
223 1266 402 1342 praesertim
419 1279 486 1323 cum
504 1260 543 1323 cte
558 1262 645 1323 retus
669 1260 892 1341 difficilioribus
912 1264 1016 1340 opitur
1033 1278 1052 1321 o
1071 1267 1217 1341 captuque

133 1359 257 1440 sulpuri
276 1358 493 1421 rmunoritu.

192 1458 240 1519 De
262 1456 319 1519 tae
342 1475 413 1537 erpo
437 1456 550 1536 topica
574 1459 723 1536 acquisita
745 1456 831 1518 notis
852 1458 886 1517 in
902 1473 1046 1537 praesens
1067 1455 1216 1536 uantum

133 1558 199 1631 ests
223 1559 308 1618 euius
326 1558 550 1635 praeceptiones
574 1572 614 1616 en
640 1556 768 1616 rosione
788 1554 1045 1617 animadversione
1066 1552 1216 1635 projectos

128 1656 247 1733 primus
263 1652 433 1715 mioteies
450 1652 492 1713 asi
507 1656 648 1714 scientiae
661 1650 797 1731 sormam
809 1655 919 1732 occepit.
938 1652 1025 1727 Quod
1040 1669 1113 1731 opus
1133 1670 1217 1730 epre-

130 1754 214 1831 9ium
232 1752 279 1811 ita
292 1747 459 1829 perfectum
477 1748 702 1829 absolutumque
722 1768 762 1811 en
779 1753 842 1811 eius
860 1750 1000 1812 manibus
1021 1754 1158 1826 nonsit,
1182 1756 1217 1811 ut

133 1846 215 1909 niieii
232 1849 260 1909 ei
274 1846 404 1927 postiae
423 1846 465 1909 ad
477 1851 578 1909 nostra
591 1865 683 1927 sesque
698 1852 828 1929 tempora
845 1848 981 1911 addisci
996 1848 1116 1911 detraisi
1135 1866 1217 1929 opor·

133 1946 234 2006 tuerit.
254 1944 465 2007 itatiocinondi
478 1948 556 2007 enin
573 1946 704 2025 reontio,
722 1962 797 2025 quas
811 1949 966 2025 proponit,
991 1951 1077 2009 tanta
1090 1950 1216 2008 ueritate

132 2045 164 2103 et
181 2044 338 2103 seunitote
356 2042 498 2122 pandent,
519 2047 556 2105 ut
574 2042 691 2105 nuilssm
704 2043 855 2123 sapitisne
868 2047 996 2123 corminpi
1012 2049 1118 2124 possit,
1138 2045 1218 2123 quasi

131 2156 234 2201 eamn
254 2138 318 2201 luce
338 2157 396 2201 non
414 2139 582 2221 detepatur.
601 2141 652 2202 iin
663 2140 807 2220 quomam
824 2140 948 2221 deipsis
966 2142 1099 2222 loquitur
1112 2143 1217 2203 Kant:

138 2239 309 2317 clauicm
331 2237 400 2300 inste
423 2238 463 2300 ab
476 2241 691 2319 antiquissimis
706 2239 884 2319 temporibus
903 2239 959 2300 noc
983 2245 1080 2301 tutum
1096 2245 1154 2302 iter
1171 2243 1217 2302 in·

137 2358 150 2384 a
167 2337 318 2412 nituisse,
346 2335 416 2396 inde
434 2340 532 2414 potest
547 2339 700 2414 perspici,
726 2336 806 2414 quasi
826 2339 855 2397 ei
872 2341 944 2415 post
971 2338 1157 2399 Aristotelem
1181 2357 1218 2400 ne

138 2455 151 2482 ι
164 2447 272 2510 possess
295 2429 414 2508 quidem
435 2435 516 2492 reiro
536 2431 691 2510 ponendus
707 2431 834 2509 suerit3
858 2435 919 2492 nisi
938 2432 1007 2510 sere
1029 2437 1219 2496 remotionem

138 2553 151 2580 ι
167 2526 373 2589 subtilitatum
392 2525 546 2588 inutilium
565 2527 774 2606 qnamntan,
794 2527 1058 2608 dilucidioremque
1076 2534 1218 2593 contin

137 2651 151 2679 ι
168 2627 276 2687 tionem
294 2641 411 2701 rerum,
431 2641 509 2704 quos
523 2629 731 2705 pertractatae
748 2630 851 2703 eram,
870 2643 930 2705 pro
947 2625 1149 2688 cruentatione
1165 2627 1217 2690 iso·

137 2749 150 2774 «
172 2721 282 2798 tussim
296 2737 372 2801 quoe
385 2739 453 2783 uero
466 2724 564 2802 napis
577 2720 620 2783 od
631 2722 815 2802 elepantiam
827 2725 971 2785 scientiae
978 2722 1110 2803 faciunt,
1126 2743 1218 2804 quon

137 2845 151 2873 ι
167 2819 210 2882 od
226 2819 445 2882 cntimdinem.
464 2820 523 2881 iist
535 2824 627 2882 etiam
646 2825 755 2883 notatu
768 2821 893 2902 dipnun
914 2839 979 2883 ean
996 2821 1038 2883 od
1054 2821 1109 2884 ios
1121 2827 1220 2902 ipsum

137 2943 150 2971 ι
169 2921 282 2996 ternpus
303 2933 341 2979 ne
361 2917 458 2980 udum
478 2917 597 2997 quidm
613 2936 737 2998 passum
753 2924 887 3000 potus'sse
901 2921 1065 3001 praerecti,
1096 2921 1220 3002 ideoque

136 3042 150 3067 ι
162 3012 329 3096 perfectam
347 3017 466 3076 omnino
486 3015 708 3096 absolutamoue
726 3015 823 3078 uideri
837 3021 859 3078 ¹.
876 3043 890 3071 ι

196 3111 272 3173 Cum
291 3112 402 3191 Loaica
421 3116 485 3173 tota
508 3117 641 3175 versetur
660 3117 694 3174 in
718 3118 824 3176 mentis
847 3117 1068 3195 operatiorsiinm
1089 3116 1133 3178 aei
1154 3123 1218 3179 veri
1267 3149 1271 3155 ⁴

12 3209 15 3224 '
132 3207 360 3288 indapationem
374 3209 550 3290 diripensiis,
565 3209 623 3272 iae
637 3211 756 3291 quiden
770 3211 825 3273 icc
835 3216 953 3275 nomine
966 3214 1113 3276 abiectum
1125 3217 1219 3294 ipsius

133 3309 340 3383 comtitmmt5
363 3305 397 3368 id
417 3310 497 3369 enim
517 3307 663 3369 obtectum
679 3309 858 3388 disciptinae
878 3315 1046 3391 cuiuspiam
1065 3331 1217 3393 nursmepa·

135 3407 195 3478 tur,
220 3403 299 3481 quasi
311 3401 368 3465 iiio
381 3404 441 3466 siti
453 3403 497 3466 osi
508 3405 757 3468 mmdmandmn
774 3410 911 3470 assumit.
929 3409 1029 3484 Quare
1049 3416 1159 3472 ueteres
1172 3410 1219 3471 di·

134 3515 200 3560 cere
219 3499 374 3562 saniant:
394 3502 540 3564 obiectum
562 3503 689 3584 Lapicm
708 3523 769 3565 esse
785 3523 838 3566 eos
858 3509 992 3586 sotionis,
1011 3511 1153 3569 nimirum
1172 3527 1218 3570 or-

134 3593 236 3658 dinem
255 3599 285 3657 et
307 3596 545 3677 dispositionem,
570 3618 630 3680 quo
646 3607 732 3662 actm
751 3606 877 3664 rationis
899 3607 1041 3683 insipniri
1061 3605 1169 3668 debent
1186 3609 1219 3668 in

133 3697 227 3770 motu,
250 3709 308 3771 quo
330 3691 373 3754 at
391 3699 546 3758 ueritatem
570 3697 765 3777 detependan
780 3697 933 3778 seruntur.
963 3703 1024 3779 Qui
1043 3709 1121 3765 certe
1148 3705 1219 3766 anto

132 3809 193 3854 non
211 3807 262 3854 ens
281 3789 432 3872 quoddam
446 3793 527 3856 reate
548 3799 602 3874 est,
623 3801 852 3860 nannenten
865 3804 1008 3877 enistenu
1029 3801 1082 3862 sect
1098 3806 1129 3862 in
1145 3807 1219 3863 octi-

194 4012 203 4056 ¹
222 4007 320 4060 tritico
333 4007 453 4088 Rationis
461 4019 558 4073 purae.
570 4009 651 4062 Psset.
665 4013 760 4076 postes.
773 4013 810 4063 Ex
825 4015 937 4067 versione
949 4015 1063 4066 Gonnos
1075 4016 1151 4066 iioou¹
