2892 4425
469 382 548 426 PARS
569 382 671 426 1²1!ss
692 396 704 411 ·
724 380 924 427 cosiioboiiia
1196 380 1234 433 29

220 494 299 553 iiuic
316 492 574 588 animadversioni,
596 508 674 569 quae
691 490 832 569 Spinoaae
854 498 1050 553 commentum
1074 494 1150 556 deiet
1167 495 1233 557 inn-

160 592 252 668 ditua,
272 591 345 650 baec
364 608 418 667 pro
435 593 550 669 ceteris,
569 608 645 668 quas
659 593 722 667 ipse
741 593 897 668 interserit,
916 592 1162 668 propositionibus
1184 595 1235 655 ad·

161 697 256 751 necte.
276 689 424 750 Primum:
445 690 481 749 ad
502 689 682 749 substantiae
696 695 867 765 conceptam
889 692 1073 750 existentiam
1094 694 1236 767 perduera

107 853 112 858 ,
163 788 299 865 quidem,
314 794 345 846 at
362 804 421 847 non
436 795 540 862 suapte
559 789 590 846 vi
608 786 758 864 habitam3
774 790 830 847 nisi
846 787 883 846 de
900 800 1039 863 suprema
1059 787 1249 867 substantia,

162 902 238 963 quae
251 903 270 945 a
283 902 316 945 se
334 891 443 962 exstat,
457 902 553 945 sermo
565 888 620 945 sit,
630 886 741 945 Deinde
754 885 866 945 nulium
880 884 991 945 nitendi
1005 886 1234 965 incommodum,

163 985 242 1060 quod
256 985 354 1061 piures
367 986 427 1043 sint
439 984 630 1059 substantiae,
643 999 719 1060 qnae
733 986 763 1041 in
778 984 876 1060 aliqua
888 982 1067 1059 perfectione
1081 1000 1134 1043 suo
1148 985 1236 1045 modo

163 1085 350 1143 conveniant.
374 1082 451 1141 Satis
470 1084 549 1141 enim
565 1088 610 1141 cat
627 1088 660 1140 ut
680 1083 712 1140 ia
734 1082 800 1140 aliis
820 1080 1002 1156 discrepent,
1026 1095 1101 1157 quae
1123 1081 1161 1140 ad
1179 1084 1236 1140 sin·

163 1182 248 1258 gaias
267 1183 413 1257 pertinent
432 1182 598 1255 separatim.
618 1179 704 1253 Quod
716 1181 742 1237 si
762 1178 889 1239 eiusdem
909 1180 1014 1253 speciei
1035 1179 1107 1255 sini,
1128 1178 1236 1255 oppido
1360 1201 1366 1212 1

161 1279 272 1339 suflicit
285 1285 318 1338 ut
331 1293 453 1337 numero
473 1284 503 1337 ct
521 1277 695 1337 differentiis
707 1279 757 1353 iis,
775 1292 851 1353 quae
870 1275 1087 1335 individuorum
1102 1280 1236 1356 propriae

161 1385 243 1451 sunt,
265 1382 468 1451 secernantor3
487 1376 555 1435 iicet
571 1378 603 1434 in
623 1376 743 1453 reliquis
759 1377 879 1435 omuino
902 1382 1071 1435 consonent.
1087 1374 1233 1453 Denique:

160 1477 418 1551 exus-immam
443 1475 517 1534 uibii
537 1476 659 1552 cogitari
687 1490 772 1550 posse
802 1474 880 1551 quod
903 1474 1017 1535 deiectu
1045 1480 1074 1534 ct
1096 1474 1237 1535 iimitibua

161 1574 247 1651 piane
261 1578 362 1649 vacet,
379 1579 411 1633 at
423 1576 532 1647 optimc
548 1579 632 1632 extra
648 1575 743 1647 ipsum
758 1574 923 1649 cogitantur
936 1575 1014 1633 entia
1028 1572 1169 1633 limitibus
1183 1576 1237 1633 cir·
1257 1558 1261 1587 '

159 1674 346 1747 cumscripta,
361 1672 447 1731 modo
464 1670 502 1730 ab
516 1672 567 1730 iiio
586 1670 730 1747 quidquid
746 1670 856 1743 habent
875 1674 1045 1748 receperint.

200 1770 350 1829 ·F1cara.
372 1770 406 1827 in
425 1772 526 1843 primis
544 1767 759 1827 observandum
779 1775 823 1827 est
841 1768 920 1827 hunc
939 1768 1144 1845 philosophum
1165 1772 1238 1829 into·

161 1867 280 1926 ierando
299 1866 495 1943 dogmatismo
514 1869 557 1927 sic
576 1866 713 1943 delirare,
735 1872 769 1925 at
787 1866 972 1941 pantheistici
994 1868 1127 1944 egoismi,
1151 1882 1237 1943 quem

160 1964 311 2040 obtrudit,
334 1964 448 2023 nuliam
471 1980 589 2039 pmrsus
610 1966 753 2023 rationem
775 1964 900 2040 atterat,
923 1980 998 2040 quae
1018 1980 1076 2024 non
1098 1964 1165 2023 dico
1187 1980 1239 2039 ap·

160 2064 333 2140 probatione
351 2065 391 2124 sit
413 2064 524 2140 digna,
547 2064 598 2123 sed
619 2066 743 2140 speeiem
768 2064 871 2123 saitem
895 2064 1027 2123 veritatis
1050 2063 1236 2139 praescierat.

159 2161 257 2235 Quare
274 2164 336 2223 cius
358 2166 489 2240 systema
507 2176 566 2240 qno
587 2164 650 2222 iore
672 2164 859 2239 proponitur,
878 2160 978 2220 eodem
1003 2158 1165 2236 respuitur3
1187 2161 1237 2238 qni

160 2265 245 2318 tenor
264 2260 434 2336 pierumque
455 2262 486 2318 in
512 2260 655 2320 eiusmodi
674 2258 864 2345 espiodendis
888 2261 1021 2335 insaniis,
1046 2275 1082 2318 nc
1101 2261 1239 2334 temporis

161 2356 314 2433 dispendia
332 2356 416 2434 tiant,
437 2357 600 2418 seruandus
616 2365 670 2418 eat.
692 2348 816 2435 Deinde,
839 2361 868 2415 τό
889 2373 942 2434 epo
956 2373 1078 2434 purum,
1099 2355 1137 2414 ad
1157 2358 1240 2416 cuius

160 2451 448 2529 comprehensionem
469 2454 513 2531 (ut
530 2471 566 2515 ex
584 2459 650 2532 ipso
663 2462 724 2515 tam
740 2461 852 2531 reperta
867 2458 988 2516 scientia
1001 2455 1153 2530 eiiiciatnr)
1175 2469 1239 2513 aen·

161 2567 213 2612 sua
238 2552 497 2613 transcendeataiis
521 2570 581 2613 non
606 2554 742 2612 omnibns
770 2561 916 2613 enatura
943 2555 1028 2612 datus
1056 2553 1240 2628 exquiritur3

41 2645 50 2655 ’
160 2654 193 2710 in
210 2649 425 2712 chimaeramm
445 2653 546 2712 baberi
567 2669 689 2712 numero
707 2669 793 2712 nemo
814 2669 873 2712 nou
891 2652 981 2712 videt.
1002 2651 1082 2712 Nihil
1102 2651 1178 2709 enim
1199 2660 1259 2708 rs'
1329 2667 1335 2676 ·

162 2766 233 2809 vera
252 2755 299 2810 eat
316 2750 418 2826 Diod,
441 2767 531 2827 qnam
549 2750 709 2811 abstractio
731 2750 875 2828 quaedam
898 2751 1003 2812 mentis
1027 2752 1057 2808 in
1081 2748 1240 2808 realitatem

161 2860 317 2906 conversa:
341 2845 379 2906 ad
398 2849 483 2906 cuius
501 2847 711 2908 absurditatem
734 2848 918 2924 aperiendam
937 2847 993 2907 boc
1014 2847 1140 2907 maxime
1158 2845 1242 2920 tacit,

163 2944 242 3018 quod
257 2945 300 3002 sic
316 2943 354 3003 ab
369 2950 488 3004 auctore
502 2961 557 3005 suo
569 2947 703 3024 fingitur,
717 2953 751 3006 ut
768 2947 893 3021 seipsum
910 2947 1024 3006 actione
1041 2945 1132 3005 iiberu
1145 2959 1243 3003 creare

163 3041 276 3102 debeat.
294 3043 360 3114 Quo
373 3049 539 3103 commento
558 3042 631 3103 nihii
651 3043 807 3104 absurdius
819 3045 878 3103 diei
893 3031 1005 3120 potest,
1018 3042 1094 3102 idern
1110 3043 1188 3101 enim
1209 3057 1243 3100 ea

163 3137 318 3216 hypothesi
338 3138 455 3201 deberet
475 3157 563 3218 agere
582 3147 739 3218 antequam
760 3149 856 3219 esset,
880 3157 914 3201 ac
932 3141 1054 3218 proinde
1072 3140 1159 3199 simui
1180 3155 1244 3198 asse

163 3243 193 3294 et
211 3253 271 3296 non
290 3254 364 3298 asse.
384 3239 509 3316 Deinde,
529 3239 692 3300 subiectum
715 3243 849 3319 cogitans
870 3239 956 3318 (ilo)
976 3237 1156 3299 individuale
1175 3255 1243 3298 cum
1267 3235 1273 3242 “

164 3333 250 3395 rebus
269 3335 406 3397 omnibns
423 3337 669 3424 confunderetur3
690 3355 755 3417 seu,
777 3340 892 3413 meiius,
912 3340 1010 3415 ipsum
1027 3337 1123 3398 soinra
1139 3339 1245 3412 eriste-

164 3437 219 3507 ret,
232 3439 263 3492 et
282 3441 378 3494 cetera
395 3437 475 3494 entia
497 3452 556 3495 non
571 3443 668 3496 essent
686 3436 766 3496 aiiud
789 3439 846 3496 nisi
869 3437 974 3495 ideaics
992 3434 1115 3495 effectus
1133 3436 1244 3512 logicae

163 3531 322 3589 activitatis
345 3547 405 3606 qua
430 3531 592 3592 subiectum
612 3533 685 3592 iiiud
709 3535 875 3592 instruitur.
896 3533 1043 3610 Denique,
1069 3547 1105 3590 ne
1128 3530 1244 3608 singula
1325 3517 1331 3526 ⁵

163 3641 401 3705 commemorem,
414 3631 557 3690 eiusmodi
576 3631 749 3706 subiectum,
769 3647 835 3691 cum
858 3647 962 3707 purum
983 3638 1028 3690 est
1044 3647 1095 3690 seu
1116 3647 1183 3690 cum
1205 3647 1247 3688 re·

164 3739 230 3782 rum
249 3733 334 3785 extra
352 3743 384 3786 se
400 3729 604 3808 ponendarum
624 3731 888 3803 repraesentatione
905 3735 996 3806 caret,
1017 3729 1163 3797 infinitum
1182 3743 1246 3787 esse

163 3819 283 3898 dicitur,
297 3839 365 3882 cum
379 3832 478 3886 autem
493 3807 754 3900 repraesentatione
769 3825 819 3884 iiia
837 3825 975 3901 aisscitnr,
992 3829 1022 3885 in
1037 3825 1151 3885 iiniium
1166 3839 1244 3884 com·

164 3926 311 3980 mutetur:
328 3923 412 3997 qnasi
436 3939 505 3982 vero
524 3925 662 4001 cogitatio
682 3924 790 3984 iimites
806 3923 879 4000 iigat
899 3926 1050 4001 cogitanti,
1068 3929 1120 3982 aut
1138 3929 1244 3984 natura
