2892 4425
452 376 529 419 nius
551 368 651 420 ΡΙῙΙἊ
673 390 685 405 ·
707 376 905 419 cosiioiooii
1160 370 1212 421 1οΙ

144 508 156 531 ·
182 482 257 556 Dei,
280 496 357 556 quoe
374 498 410 540 ex
435 486 605 543 nenessitote
629 492 660 542 et
690 483 866 559 perfectione
886 484 1003 545 dirime
1032 490 1154 547 nstnrse
1173 503 1217 547 se·

146 605 158 630 ·
183 585 324 656 qnnntnr.
340 578 370 637 Si
390 579 461 655 qnid
482 582 572 657 igitur
592 582 623 638 iu
646 587 750 641 netum
770 584 953 657 contingeret
972 582 1049 658 qnod
1070 584 1133 643 eius
1153 586 1217 643 uui·

145 702 157 721 ·
183 672 343 733 versoiibus
364 673 478 750 iegibus
497 683 684 752 repugnaret,
706 683 758 736 ent
778 679 803 735 si
821 678 887 752 quis
903 683 1042 736 statueret
1057 678 1148 739 Deum
1168 679 1218 739 nii·

144 797 157 821 ι
181 771 253 847 quid
276 775 379 831 eontra
400 770 477 849 ieges
508 778 630 831 neturue
664 788 767 849 ogere,
789 776 814 833 is
834 774 921 833 simui
954 776 1042 835 mum
1067 782 1219 853 cogeretur

143 894 156 917 ·
181 873 309 927 statuere
336 867 428 927 mum
453 875 556 928 ooutre
580 884 664 929 suum
691 875 827 930 naturum
849 886 956 946 egere,
981 886 1040 947 quo
1067 874 1140 931 nihii
1167 872 1219 933 ob-

146 992 160 1015 ·
184 966 312 1025 surdius.
338 990 351 1015 ·
814 994 816 1000 v

202 1062 278 1123 Tum
298 1061 387 1138 punio
406 1069 473 1139 post
492 1062 663 1139 subiungit:
690 1088 702 1113 «
727 1062 800 1123 Cum
823 1066 917 1123 virtus
934 1071 966 1123 et
986 1066 1114 1139 potentis
1135 1072 1219 1125 netu·

144 1188 157 1209 ·
182 1175 233 1221 ree
251 1161 291 1219 sii
303 1161 368 1236 ipsu
382 1159 433 1219 Dei
455 1162 549 1220 virtus
569 1169 599 1220 et
618 1162 761 1236 potentin,
776 1161 854 1237 ieges
868 1168 966 1222 eutem
986 1168 1017 1220 et
1036 1161 1152 1237 regnise
1168 1178 1219 1221 ne·

144 1284 163 1321 ·‚
182 1264 267 1317 inrue
284 1259 348 1333 ipsu
367 1257 420 1317 Dei
441 1257 569 1333 decreto,
590 1260 712 1316 omuino
731 1257 908 1317 eredendum
922 1265 967 1317 est
987 1260 1147 1333 potentium
1169 1274 1220 1319 ne-

144 1380 158 1404 ·
183 1354 267 1414 inrue
280 1353 424 1413 infinitum
439 1369 503 1413 esse
517 1357 637 1430 eiusque
650 1354 728 1431 ieges
743 1354 815 1415 adeo
829 1354 916 1432 intes,
928 1362 961 1415 ut
982 1354 1019 1415 eti
1033 1357 1132 1415 omnin
1145 1373 1221 1432 quse

144 1477 157 1501 ι
183 1450 223 1510 ub
234 1453 298 1526 ipso
310 1450 413 1509 divino
425 1452 575 1510 inteiieetu
590 1453 794 1527 ooneipiuutnr
808 1468 840 1511 se
853 1452 1023 1513 extendent.
1039 1452 1129 1513 Seous
1142 1456 1221 1513 euim

145 1548 254 1625 -qoid
280 1547 360 1607 eiiuti
384 1551 548 1623 statuitur,
576 1550 631 1607 uisi
656 1548 749 1608 mom
777 1557 913 1610 naturum
941 1550 1013 1609 ndeo
1033 1552 1220 1627 impotentem

144 1671 158 1695 «
183 1660 320 1719 creasse,
342 1648 460 1720 eiusque
485 1646 562 1721 leges
583 1651 614 1704 et
633 1645 750 1721 regnies
776 1646 848 1707 odeo
867 1649 982 1708 steriies
1011 1650 1168 1724 statuisse,
1190 1655 1223 1708 ui

146 1766 159 1791 ·
183 1758 271 1817 saepe
288 1757 306 1800 e
326 1757 404 1799 novo
423 1743 449 1799 ei
472 1740 627 1800 subvenire
646 1748 780 1819 oogntur,
795 1746 822 1803 si
842 1758 906 1803 eom
928 1752 1131 1805 eouservntnm
1153 1744 1223 1805 veiit

145 1865 158 1890 ·
182 1846 213 1899 et
231 1845 266 1899 ui
285 1856 331 1899 res
350 1856 367 1899 e
388 1844 456 1899 voto
476 1838 658 1899 succedenti
681 1864 694 1891 ι

203 1938 292 2013 Besp.
317 1938 395 1996 Haeo
413 1952 489 2012 quoe
506 1936 641 2012 Spinozs,
659 1935 698 1997 etl
717 1940 890 1997 sententium
909 1940 987 2016 quod
1007 1942 1122 2017 uttiuet,
1141 1943 1222 2015 expi-

143 2034 218 2094 iuvit
237 2050 255 2095 u
276 2034 306 2093 S.
321 2033 436 2093 Thomu
451 2034 475 2109 ¹,
488 2035 558 2108 quin
579 2039 679 2092 tomen
694 2034 737 2109 (ut
749 2034 889 2111 sophistis
904 2038 935 2094 in
955 2052 1034 2097 more
1047 2038 1100 2112 est)
1116 2036 1147 2096 S.
1163 2037 1221 2095 Do

142 2134 234 2191 etoris
257 2146 396 2206 ¹responsu
421 2129 632 2207 subiungeret;
655 2132 681 2189 si
707 2130 882 2191 verbositate
907 2138 938 2191 et
964 2132 1135 2191 eoniusioue
1160 2148 1223 2208 spo

143 2231 263 2306 iientur,
284 2229 322 2289 sd
341 2229 420 2289 hene
439 2229 530 2290 vuuti
550 2243 696 2289 summum
717 2237 904 2289 revoesninr.
925 2230 951 2289 1.
968 2230 1046 2290 Deus
1066 2234 1165 2290 omnin
1185 2247 1220 2290 ex

143 2330 315 2388 neeessitote
334 2325 480 2406 inteiligit.
496 2325 574 2402 Ergo
587 2327 687 2384 omniu
699 2341 735 2384 ex
754 2327 927 2384 ueoessitote
941 2326 1021 2402 vuit3
1038 2342 1106 2387 num
1122 2326 1223 2386 voion-

143 2433 190 2484 ios
207 2427 270 2483 eins
290 2439 356 2482 eum
377 2421 527 2481 inieiioetu
546 2437 639 2481 unum
660 2422 795 2498 idemque
814 2427 868 2481 est.
884 2421 981 2496 Qusre
1001 2423 1080 2499 leges
1101 2430 1228 2502 neturus,

145 2538 164 2581 u
183 2507 297 2582 ‹livine‘
308 2519 456 2580 voiuntnte
476 2517 674 2593 procedentes,
689 2519 870 2576 ueoessurtee
886 2521 1005 2577 omnino
1018 2524 1087 2578 sunt
1104 2534 1139 2578 se
1158 2534 1221 2578 mu·
1291 2547 1296 2556 ·

145 2619 267 2677 tutionis
280 2623 423 2692 expertes.
439 2616 478 2673 ii.
494 2615 585 2691 Leges
598 2621 721 2675 untnrue
742 2631 823 2676 mers
837 2622 906 2676 suut
919 2615 1033 2675 decretu
1053 2615 1116 2674 Dei.
1133 2611 1221 2692 Atqui

142 2711 259 2775 decretu
277 2712 330 2772 liei
346 2715 518 2772 necessitate
529 2727 566 2771 ex
583 2712 759 2787 perfectione
772 2713 890 2772 divione
904 2718 1025 2772 naturae
1040 2719 1221 2790 sequuntur,

145 2818 235 2888 etque
253 2809 318 2869 ideo
334 2811 441 2869 moturi
459 2825 518 2868 non
538 2814 670 2883 possum.
687 2810 765 2886 Ergo
781 2810 858 2869 idem
870 2809 907 2868 de
922 2809 1034 2886 iegibus
1048 2817 1168 2870 nuiuroe
1181 2810 1222 2870 ‹ii-

146 2907 272 2966 eendum
291 2913 345 2966 est.
362 2907 415 2964 iil.
427 2906 528 2964 Virtus
541 2914 663 2966 uniuree
682 2907 784 2966 endem
804 2913 848 2966 est
869 2922 903 2966 no
923 2909 1050 2983 potentin
1065 2907 1131 2966 Dei.
1146 2907 1223 2985 Ergo

146 3007 243 3064 virtus
263 3011 384 3065 noinroe
399 3004 436 3062 ud
455 3005 553 3062 omnio
572 3005 745 3080 porrigitur,
763 2986 896 3081 nihiiq'ue
915 3011 1027 3080 prester
1041 3008 1133 3080 ipsam
1148 3007 1223 3064 neei-

146 3101 216 3160 dere
236 3117 365 3176 unquam
386 3106 491 3176 potest.
520 3101 573 3159 iv.
599 3100 630 3160 Si
657 3102 735 3177 leges
758 3109 879 3161 nuturne
902 3108 1149 3162 eommutnreniur
1171 3102 1223 3160 nii·

145 3197 282 3273 quondo,
303 3199 537 3274 corrigereutnr3
563 3197 593 3256 id
617 3213 688 3256 vero
714 3215 763 3258 ens
789 3206 856 3258 unte
882 3215 939 3258 nou
966 3199 1107 3274 periseies
1137 3198 1225 3258 inisse

146 3301 344 3371 monstraret,
357 3296 436 3372 qnod
456 3295 559 3370 Opifiei
583 3299 654 3355 viiio
675 3304 845 3356 verteretur.

206 3395 341 3453 lemvero
358 3399 393 3452 ut
411 3409 430 3452 u
450 3396 544 3468 primo
557 3397 741 3469 umpioemur
754 3403 938 3472 argumento,
952 3395 982 3454 id
994 3395 1124 3454 divinem
1140 3396 1223 3454 iiber·

146 3497 235 3550 tutem
249 3496 278 3549 ei
297 3493 448 3549 seientiam
470 3492 582 3566 tnngit,
603 3506 678 3566 quoe
692 3490 757 3550 inse
772 3493 801 3549 iu
823 3493 949 3550 ustureii
963 3491 1122 3567 Theologiu
1137 3492 1224 3568 expii·

146 3587 242 3647 eunde
254 3595 334 3647 sunt,
355 3587 553 3648 Nihiiominus
574 3588 685 3663 eiiquid
703 3587 752 3648 hie
767 3589 935 3648 summatim
950 3587 1120 3662 delibemus,
1135 3603 1224 3664 quen·

146 3691 209 3742 tum
231 3680 269 3742 sd
293 3685 365 3744 iiiud
396 3685 569 3744 soirendum
596 3683 736 3744 suifleint.
767 3684 916 3759 Principio
936 3686 1025 3761 igliur
1046 3683 1152 3743 inisum
1180 3690 1225 3742 est

147 3797 264 3839 omnem
287 3784 317 3838 in
332 3781 393 3841 Deo
410 3784 576 3853 seientiam,
588 3780 730 3840 obieotive
751 3789 923 3858 spectatum,
940 3797 1004 3844 esee
1019 3781 1222 3840 ueeessurinur.

207 3914 341 3962 isumma
358 3912 425 3961 Titi
452 3927 494 3974 p.,
514 3925 541 3972 u.
564 3919 607 3971 io,
627 3925 650 3960 s.
669 3919 702 3972 n,
721 3913 762 3961 oi).
784 3919 812 3973 ὃς
832 3915 857 3961 ei
877 3916 999 3973 queens
1023 3915 1058 3960 iic
1079 3913 1135 3959 Poi.
1153 3923 1175 3958 e.
1193 3917 1221 3970 2,
1308 3971 1309 3974 Ἴ

148 3988 213 4040 ont
237 3994 262 4040 et
281 3998 318 4040 it.
920 4001 924 4010 ·
