2892 4425
217 344 255 395 78
686 348 820 390 tonicae

216 462 304 524 etde
326 463 391 539 ipsa
414 460 444 519 vi
467 460 570 519 mutini
594 457 770 535 impatientis
791 457 832 517 ad
856 473 1019 518 assensum
1042 459 1131 531 Quod
1148 462 1293 534 sopientes

214 561 342 623 «ἱνα-Εἴ
357 560 465 621 Snnree
480 560 527 619 his
543 556 658 617 rubis:
677 582 690 609 ι
705 557 787 617 Lioat
804 558 948 617 certitudo
966 572 1019 633 per
1034 559 1229 632 privationem
1243 574 1293 618 ex·

217 684 230 711 ι
248 660 383 737 piieetur,
401 674 491 735 quam
514 656 660 734 signifieat
677 655 894 731 iniaiiibiiitas,
909 654 1100 715 nihilominus
1119 671 1178 713 non
1196 658 1296 743 eonsi3.

217 783 231 810 ι
248 761 301 819 stit
319 758 481 817 formaliter
500 758 531 814 in
550 756 724 833 privatione,
744 753 796 813 sed
813 757 844 813 in
862 756 990 830 positivo
1007 753 1195 830 perfectione,
1216 768 1293 831 qnae

184 898 189 910 .
217 881 230 908 e
247 862 342 933 potest
363 870 427 915 esse
446 856 541 913 maior
557 858 588 913 et
613 854 719 927 minor,
743 854 828 912 iuxta
851 850 1052 941 exceltentiam
1072 858 1155 910 natus
1174 858 1204 912 et
1220 869 1290 912 eau-

217 980 230 1007 α
247 970 345 1015 sarum
359 957 436 1013 eius:
454 954 531 1013 siout
544 951 708 1011 substantia
721 950 924 1009 immaterialis
940 952 1034 1026 magis
1050 950 1096 1009 vei
1115 952 1212 1009 minus
1227 967 1291 1027 per·

173 1102 177 1107 .
217 1052 324 1113 «ionia
338 1051 435 1131 quood
451 1050 685 1128 spiritualitatem
705 1064 769 1107 esse
786 1054 898 1123 potost3
917 1047 985 1107 iieet
999 1050 1126 1123 privatio
1138 1051 1289 1121 materiae,

216 1176 229 1201 ι
246 1166 322 1229 qnae
339 1153 457 1211 nomino
472 1148 675 1208 immaterialis
693 1146 875 1228 sumtandae
893 1144 1087 1223 signideetur,
1104 1149 1135 1205 in
1153 1147 1291 1207 omnibns

216 1276 229 1302 ι
248 1250 376 1328 emuniit
399 1266 461 1309 esse
482 1246 616 1307 videatur
631 1249 653 1304 ¹.
673 1272 685 1297 ι

274 1348 311 1408 Et
333 1364 425 1423 eane,
447 1352 481 1406 nt
500 1344 640 1420 exemptis
659 1360 720 1402 rem
741 1342 824 1402 reiut
845 1342 885 1401 ob
907 1343 1007 1402 oenios
1030 1349 1214 1418 immamus,
1238 1360 1289 1404 eu·

214 1453 330 1506 mantnt
348 1446 405 1504 tria
426 1443 555 1517 iudicio,
579 1456 703 1519 quorum
726 1444 853 1517 primum
874 1440 1049 1500 certitudine
1066 1441 1288 1517 uretaphysiea,

213 1543 337 1602 aiterum
354 1542 490 1619 physion,
504 1542 621 1599 tertium
638 1538 742 1602 morali
758 1544 882 1599 onustet.
900 1538 966 1598 Sint
978 1540 1070 1615 igitur
1085 1537 1172 1596 haee:
1194 1542 1288 1598 totum

211 1640 376 1719 quoslibet
390 1636 507 1698 eoeoodii
520 1642 638 1716 purtem
647 1656 659 1713 ,·
677 1652 800 1715 mapues
812 1636 946 1697 attendit
954 1634 1091 1713 serrem
1107 1636 1206 1714 Scipio
1220 1638 1289 1697 ret»

212 1740 276 1816 epit
293 1735 389 1815 Asrns.
412 1736 455 1797 Ut
476 1739 599 1812 quisque
623 1738 733 1812 optime
755 1737 910 1812 perspicit,
931 1735 1035 1793 harum
1056 1738 1287 1811 propositionum

212 1838 308 1913 prima
330 1836 433 1895 oditur
454 1834 605 1893 identitate
626 1841 679 1894 ant
697 1837 877 1894 connexione
899 1836 1081 1911 necessaria,
1107 1848 1184 1910 quae
1205 1852 1288 1909 prae·

211 1934 342 1995 datam
359 1935 435 1994 inter
453 1940 484 1994 et
500 1933 662 1993 subiectum
677 1933 779 2010 viget,
801 1935 904 2009 nequit
924 1935 1002 1991 enim
1022 1940 1179 2009 ooneeptus
1197 1936 1288 1992 unius

155 2051 159 2057 ’
211 2035 275 2092 sine
298 2026 528 2092 oontrodietione
548 2047 567 2090 a
588 2036 730 2107 conceptu
742 2029 863 2090 eiterim
880 2032 1019 2106 squarari.
1042 2031 1138 2103 Quare
1156 2034 1219 2089 eius
1236 2046 1288 2107 op

210 2132 339 2207 positum
360 2132 401 2189 ita
420 2135 573 2206 repugnat,
592 2134 626 2187 ut
650 2144 687 2187 ne
711 2127 808 2187 aneo
835 2128 964 2205 quidem,
985 2130 1037 2204 qni
1057 2114 1286 2188 eontradiotoria

210 2241 272 2288 non
285 2229 356 2290 iaeit
373 2243 427 2288 nee
441 2243 537 2287 rernm
551 2229 691 2286 montiae
709 2230 856 2304 immutat,
871 2226 934 2287 iiori
952 2231 1054 2304 possit.
1073 2227 1206 2287 Secunda
1219 2243 1287 2304 pro

210 2327 318 2402 positio
337 2327 487 2386 institutae
506 2327 702 2402 experientiae
720 2325 787 2386 ddit
804 2333 834 2386 et
851 2329 1032 2386 constantiae
1050 2327 1146 2404 iegnm
1165 2333 1285 2386 natum-

207 2424 301 2502 itum,
325 2441 406 2503 quoa
419 2429 518 2484 mutae
536 2426 714 2484 necessitatis
732 2440 792 2484 non
810 2431 892 2500 enni,
913 2431 947 2485 ut
965 2426 1145 2485 eontrarium
1164 2427 1287 2484 omnino

210 2530 362 2601 ropnpnet.
390 2523 516 2583 Proinde
533 2539 551 2582 a
574 2523 634 2582 iioo
657 2527 701 2584 sie
720 2524 835 2584 uniente
851 2525 959 2584 inverti
975 2529 1100 2598 possum
1119 2530 1286 2599 eventuque

210 2620 357 2708 desumi.
375 2621 474 2680 Tertia
495 2621 612 2681 demum
634 2622 838 2681 historieorum
856 2621 977 2682 inicitur
990 2623 1159 2680 testimonio
1177 2626 1210 2680 et
1224 2628 1285 2681 sia-

210 2719 322 2780 biiitnte
345 2720 442 2796 iegum
465 2718 638 2794 moraiium,
661 2735 787 2796 qnorum
808 2719 964 2797 eppiinatio
979 2722 1012 2778 in
1033 2735 1104 2780 omn
1122 2721 1177 2780 iiio
1195 2735 1284 2796 peon-
1361 2721 1371 2732 “

211 2818 275 2877 iiad
300 2819 496 2878 constantiam
526 2817 624 2893 iegum
644 2817 834 2896 physicamm
856 2806 1015 2894 subaudst,
1039 2825 1070 2878 et
1092 2818 1224 2878 ordinem
1245 2817 1284 2876 ad
1326 2815 1334 2829 '

209 2915 372 2976 iitertntem
389 2915 522 2976 inoindit.
545 2914 630 2989 Quod
648 2919 719 2990 etsi,
740 2922 774 2975 ut
794 2931 849 2974 suo
867 2916 934 2975 ioeo
954 2916 1079 2992 dieetur,
1100 2919 1143 2976 rei
1163 2919 1282 2975 eertitn·

208 3014 306 3074 dinem
325 3031 384 3074 nnn
401 3014 500 3075 demat
512 3031 521 3090 3
534 3017 631 3072 minus
648 3019 748 3073 tamen
767 3021 881 3074 aretum
899 3015 995 3074 reddit
1014 3030 1121 3075 nmum
1141 3017 1219 3073 inter
1237 3021 1283 3073 at-

208 3112 348 3172 tributum
369 3111 588 3188 subieetumqoe
607 3114 824 3188 propositionis,
845 3111 993 3189 efficitque
1011 3121 1047 3174 nt
1066 3114 1209 3173 obtentam
1229 3112 1283 3171 ab·

207 3211 304 3271 eoiuta
321 3227 382 3270 nnn
399 3209 524 3288 gaudent
541 3214 723 3270 necessitate.
743 3211 826 3284 Quae
837 3227 904 3272 oum
925 3215 967 3271 ita
983 3213 1054 3289 sint,
1069 3227 1155 3271 nemo
1172 3214 1283 3292 estqui

208 3323 267 3368 non
281 3308 379 3368 rideat
397 3312 457 3367 tres
472 3316 656 3368 enumeratos
672 3309 855 3369 eeriitndnis
872 3313 981 3386 speeies
998 3310 1139 3369 eiusmodi
1156 3325 1231 3386 esse,
1248 3317 1284 3369 nt

208 3423 266 3467 non
289 3406 376 3466 modo
395 3403 536 3466 diiierant
561 3410 636 3467 inter
659 3423 711 3484 se,
736 3423 838 3468 verum
860 3411 948 3468 wem
970 3424 1031 3468 una
1053 3409 1119 3467 aiiis
1139 3411 1178 3468 sit
1199 3423 1283 3485 prae·

78 3533 86 3558 t
207 3507 347 3580 stantior3
362 3511 461 3582 atque,
479 3514 512 3566 ot
528 3521 563 3566 ex
579 3499 665 3566 dietis
682 3512 774 3583 putet,
794 3507 915 3567 moralis
930 3507 1015 3567 eedat
1031 3508 1184 3586 physicae,
1202 3515 1282 3567 uua·

206 3617 263 3679 que
282 3608 380 3662 nutem
398 3604 630 3682 metaphysicne.

271 3697 320 3762 t't.
341 3701 385 3762 nt
400 3702 515 3764 idemne
531 3704 688 3764 dioendum
703 3704 772 3781 erit,
789 3706 816 3762 si
831 3705 975 3764 oertitndo
989 3704 1220 3783 snpemntnrniis
1233 3702 1284 3763 Fi-

205 3797 252 3859 dei
272 3810 340 3878 oum
364 3803 472 3878 quavis
495 3803 622 3862 naturaii
641 3801 816 3863 uertitudine
838 3801 1036 3864 conferatur?
1056 3803 1102 3863 Ex
1123 3805 1182 3880 iis,
1207 3819 1285 3880 quoe

268 4020 274 4060 i
293 4011 420 4063 Trneioto
433 4011 465 4062 de
482 4011 556 4062 Fide.
575 4012 643 4075 Disp.
656 4021 680 4073 e,
693 4027 741 4062 seo.
756 4023 780 4072 a,
790 4013 814 4075 §.
828 4023 851 4062 s.
