2892 4425
241 395 299 448 m
710 407 843 484 iodim

237 516 295 574 tior
312 513 353 574 iio
372 514 446 574 mihi
463 514 632 575 facultatem
653 517 749 576 inesse
769 515 920 593 spectandi
940 515 1053 577 obieeta
1066 516 1209 594 quaedem
1227 535 1246 578 n
1264 513 1330 580 rne'

235 612 364 690 diuersa,
390 630 495 690 meque
515 617 546 672 in
572 629 707 689 praesens
734 615 875 674 eiusmodi
897 617 1040 676 notionem
1062 615 1177 676 eiioere.
1202 616 1242 676 At
1264 633 1312 677 me

185 763 191 774 .
237 715 269 772 in
287 727 322 770 ee
339 715 524 788 perceptione
539 729 598 770 uon
617 712 692 787 ieiii,
707 713 738 771 id
755 713 932 773 conscientie
948 717 1067 772 minime
1083 715 1172 790 dieii,
1195 715 1245 775 sed
1259 729 1312 774 uo-

158 813 163 828 '
237 817 300 868 tum
322 817 365 868 est
389 825 441 891 per
461 827 504 885 se,
526 817 669 886 qnatenus
690 810 772 870 nuiiu
796 810 940 886 facultas,
960 810 1030 870 dum
1056 813 1086 868 ri
1104 816 1227 870 neturee
1246 827 1313 888 ope-

237 913 338 982 retur,
359 909 437 966 eires
453 905 620 984 obiectum,
638 907 716 982 qood
740 909 897 985 pertingit,
916 909 1010 985 decipi
1028 915 1121 984 potest
1141 915 1193 968 sut
1214 909 1311 969 ionum

236 1003 390 1064 dubitandi
414 1005 585 1081 relinquere.
609 1007 690 1069 Idem
717 1004 755 1064 de
777 1007 984 1083 inteiiigeutirt3
1012 1006 1087 1066 idem
1111 1007 1148 1066 de
1171 1010 1201 1065 vi
1223 1009 1312 1066 retio-

236 1102 354 1161 eioeudi
376 1103 501 1166 dicetur.
528 1104 698 1164 Cavendum
720 1111 766 1163 eet
786 1105 876 1180 igitur
899 1105 1020 1180 sedulo,
1044 1121 1081 1164 ne
1101 1108 1131 1163 in
1159 1106 1222 1165 soie
1244 1121 1313 1164 eon·

236 1204 360 1262 seientia
390 1205 651 1279 conquiescentes,
679 1203 716 1262 de
741 1203 807 1261 eiiis
835 1203 1029 1280 eogooseendt
1052 1201 1239 1262 isouitntibus
1264 1203 1312 1262 de·

236 1301 475 1360 mensu-etiouem
495 1303 556 1359 seri
574 1303 702 1360 nominis
726 1307 907 1375 expetamus.
936 1302 969 1360 ld
993 1303 1113 1360 enimsi
1131 1300 1225 1374 deret,
1249 1316 1312 1360 see·

236 1399 388 1472 ptieismns
410 1403 516 1458 iterum
541 1400 626 1456 vitari
651 1413 710 1456 non
742 1406 861 1475 posset,
886 1399 940 1457 sed
964 1399 1002 1458 de
1031 1398 1166 1457 omuibus
1187 1398 1311 1458 dubium

234 1495 385 1571 incideret,
407 1503 460 1556 snt
480 1497 585 1555 saitem
603 1499 634 1554 iu
654 1499 792 1571 spaniae,
816 1511 875 1572 qno
897 1495 990 1556 solam
1012 1483 1105 1556 norim
1129 1499 1312 1554 amoenor-

235 1608 291 1668 paa
311 1589 507 1668 affectionem
531 1595 720 1654 existentiam
740 1597 887 1670 cognitum
909 1593 1090 1672 debeamus,
1113 1595 1218 1671 ingiter
1235 1600 1311 1654 esset

234 1691 474 1765 permanendum.
587 1759 592 1770 ι

642 1888 825 1948 Aurisuuus
841 1887 898 1948 iti.

369 2089 475 2151 Utrum
495 2091 596 2151 omnia
618 2092 651 2150 ia
668 2088 909 2168 philosophando
930 2087 1176 2151 demonstratione
1277 2109 1279 2116 ’

581 2202 636 2259 arti
657 2196 827 2275 definitione
848 2201 966 2275 «qenai.

294 2389 346 2441 oi.
367 2382 412 2458 id,
440 2398 477 2443 ex
499 2366 558 2458 quo
577 2381 702 2443 aiterum
726 2381 881 2459 proeedere
903 2383 1109 2457 conspicimus,
1125 2382 1309 2459 primitium

233 2467 429 2541 nominemus.
456 2481 504 2542 Sic
524 2484 568 2542 soi
593 2490 638 2541 est
658 2480 834 2559 principium
858 2481 950 2557 lueis,
976 2496 1082 2541 surore
1108 2482 1176 2541 diei.
1197 2480 1309 2540 Priuei-

235 2581 316 2653 pium
335 2582 427 2657 igitur
446 2580 703 2641 demonstrationis
727 2582 755 2639 id
775 2584 840 2656 erit,
863 2580 940 2638 unde
960 2580 1109 2639 exorditur
1128 2580 1311 2639 demonstra·

232 2679 285 2735 tio.
314 2678 405 2737 Porro
427 2680 512 2736 ueris
538 2685 608 2736 suot
636 2680 846 2753 prindpiorum
870 2692 999 2754 geners3
1023 2678 1082 2736 eiie
1105 2679 1183 2735 euim
1206 2680 1310 2754 prima

231 2772 369 2834 dieuntur
391 2784 421 2834 et
445 2780 516 2834 oeta
529 2780 652 2852 propter
677 2792 732 2849 sa,·
757 2776 816 2835 uiis
841 2792 913 2835 vero
937 2774 1113 2835 secundaria
1137 2783 1166 2835 et
1191 2774 1309 2834 dem

232 2874 373 2931 siratioai
393 2873 533 2933 obnoxia.
556 2874 687 2949 itemque
709 2889 747 2932 ex
768 2874 918 2950 principiis
940 2875 1043 2948 primis
1064 2874 1123 2933 siis
1147 2879 1217 2931 suut
1235 2888 1310 2933 aaut·

234 2972 360 3045 monia,
383 2988 448 3040 seu,
465 2988 540 3048 quae
562 2987 580 3030 e
606 2972 736 3047 quoiibet
755 2972 873 3032 homine
895 2974 1095 3048 percipiuntur
1117 2976 1309 3032 terminorum

234 3068 476 3145 significationem
506 3070 704 3147 inteiiigente,
730 3078 783 3131 ui:
814 3075 907 3132 iotam
935 3074 982 3129 est
1003 3073 1099 3129 mains
1124 3086 1179 3131 maa
1195 3074 1307 3148 μανίας

234 3168 293 3226 uiis
310 3175 408 3253 autem
423 3170 565 3243 propria,
590 3184 641 3227 sen
661 3186 735 3246 quoe
755 3172 873 3227 nonnisi
897 3185 916 3228 a
939 3170 1037 3243 peritis
1061 3170 1091 3226 in
1111 3184 1147 3227 ea
1167 3172 1308 3246 mantia,

235 3264 383 3340 adquam
396 3267 552 3341 pertinent,
571 3270 739 3345 capiuntur,
761 3286 808 3328 ex.
832 3284 878 3343 gr.
901 3282 999 3325 amnes
1021 3266 1126 3343 napoli
1148 3270 1223 3327 reaia·
1239 3272 1312 3326 tarot

235 3362 391 3440 nepotalem
414 3372 466 3424 sut
486 3364 610 3442 anpeior
630 3384 691 3427 noo
712 3373 756 3426 eac
779 3370 811 3426 io
835 3366 908 3425 loeo.
935 3366 1066 3441 Denique
1083 3369 1226 3442 principio
1251 3366 1310 3425 eiie

233 3472 304 3523 sunt
325 3467 571 3542 eeperimeataiia
583 3510 593 3543 ,
621 3484 673 3528 sen
697 3468 900 3527 observatione
925 3473 977 3526 eut
1000 3470 1199 3543 experimento
1229 3477 1309 3527 eom*

232 3569 327 3639 perta,
348 3571 382 3623 ui
399 3581 446 3625 ex.
469 3582 514 3642 gr.
533 3582 654 3643 corpora
670 3571 742 3625 sani
756 3568 882 3641 praoia5
903 3564 960 3623 niie
974 3566 1148 3641 rationalia,
1168 3582 1218 3625 sea
1235 3578 1310 3640 queo

231 3677 283 3737 per
310 3665 506 3723 immediatam
530 3667 714 3723 intuitionem
741 3664 870 3722 idearum
895 3666 1114 3741 percipiuntur,
1143 3671 1195 3723 ut:
1224 3662 1310 3739 qaid·

232 3759 308 3835 qaid
316 3762 368 3837 fit,
391 3765 439 3821 toi
457 3778 576 3821 caueam
596 3760 696 3820 nabet.
716 3762 796 3821 lineo
814 3762 913 3821 iaeiiie
933 3770 1002 3823 suni
1021 3769 1120 3840 captu,
1145 3770 1176 3821 et
1194 3764 1308 3837 exiis,

233 3873 308 3933 quse
332 3859 402 3918 olibi
423 3860 563 3933 diximus,
586 3862 657 3917 satis
676 3860 801 3919 eiueent.

295 3956 348 4016 iiis
369 3960 532 4032 preeiaetis,
551 3956 652 4014 seduio
671 3958 913 4019 considerandum
928 3948 979 4019 est'
994 3968 1081 4037 etque
1097 3965 1131 4018 ut
1151 3964 1245 4017 retum
1260 3972 1310 4017 ex·

233 4052 437 4132 piorntumque
457 4054 636 4137 habendum,
651 4072 709 4117 uon
724 4073 810 4133 posse
828 4074 1003 4135 quemquam
1023 4054 1235 4133 phiiosopiriui,
1250 4059 1310 4116 nisi
