2892 4425
559 359 798 406 ilutt’lllltlcn
818 363 980 408 srucrsuls

656 529 844 588 Pacensrrln
866 531 888 586 l.

429 700 553 754 Animus
570 701 672 770 perire
689 700 805 768 sepult,
822 702 966 770 pereunte
983 714 1114 772 corpore.

295 870 364 923 lui.
385 859 454 921 Non
465 877 529 921 esse
542 863 674 921 animum
692 877 760 922 cum
775 876 897 937 corpore
910 864 1108 939 interiturum,
1123 863 1174 923 sed
1188 867 1250 926 elus
1266 883 1314 926 sn-

233 959 338 1019 lutioni
356 961 540 1035 superstitem
559 958 634 1034 lore,
651 958 802 1017 evidenter
818 958 969 1020 derivatur
986 975 1022 1020 ex
1041 963 1090 1036 lis,
1111 977 1187 1038 quae
1204 977 1258 1038 pro
1278 963 1314 1022 ll·

233 1057 292 1119 ilus
310 1057 496 1134 simplicitate
515 1062 545 1116 et
566 1057 773 1131 spiritualitate
794 1056 942 1132 disputate
956 1063 1042 1132 sunt.
1062 1035 1314 1134 Gorroptln'enlnn

233 1155 342 1230 duplici
360 1161 455 1230 potest
474 1155 587 1213 redona
601 1155 782 1237 oondngera.
794 1151 940 1230 Primum,
957 1157 983 1214 sl
1001 1155 1112 1233 aliquid
1130 1171 1182 1232 par
1199 1173 1231 1216 ss
1249 1173 1313 1218 cor·

149 1279 154 1286 ·
234 1260 387 1329 rumpatur
408 1258 439 1311 et
455 1254 594 1327 intereat;
618 1249 723 1309 deinde
743 1250 768 1308 sl
788 1249 911 1328 aliquo,
932 1267 970 1312 ax
990 1267 1049 1330 quo
1074 1253 1202 1342 pendet,
1224 1256 1313 1314 inp«.

234 1358 344 1426 sunte,
366 1367 402 1411 ao
423 1355 571 1426 perempto
594 1355 625 1408 et
647 1348 815 1425 dissoluto,
846 1349 936 1410 veluti
958 1352 1163 1410 consecutione
1185 1352 1314 1427 madum

233 1450 390 1508 existentia
408 1446 555 1506 viduetur.
574 1447 616 1506 lt
632 1461 703 1505 vern
721 1452 826 1507 neuter
845 1446 986 1522 pereundi
1004 1446 1109 1507 modus
1129 1450 1228 1508 animo
1243 1465 1313 1510 oon·

235 1558 340 1620 gruere
357 1549 463 1617 potest.

293 1639 372 1699 Nem
388 1626 427 1698 ad
444 1641 623 1714 superiorem
641 1641 720 1718 quod
744 1643 868 1718 attinet,
889 1642 915 1701 ls
935 1657 973 1704 ua
990 1643 1145 1720 eondngat
1163 1658 1202 1702 ex
1221 1645 1313 1704 ammi

234 1737 420 1813 simplicitate
441 1741 569 1795 vetetur.
594 1737 768 1796 Huiusmodi
787 1740 866 1797 enlm
886 1741 1036 1814 coemptio
1057 1747 1086 1798 et
1112 1723 1191 1798 inars
1209 1741 1246 1800 ils
1265 1756 1313 1800 sc·

235 1834 318 1909 cidit,
332 1850 419 1913 quse,
432 1849 500 1894 cum
516 1834 647 1909 panium
659 1835 824 1896 malescunt
841 1849 1000 1912 earumque
1014 1838 1132 1913 vigeant
1149 1838 1312 1914 iunctione,

234 1935 364 2009 separari
385 1931 544 2008 aliquando
566 1948 602 1992 ac
623 1931 724 1993 divelli
746 1935 778 1992 iu
801 1933 887 2008 plura
907 1938 1041 2008 possm
1065 1932 1146 1992 itini
1169 1937 1249 1993 enlm
1269 1941 1315 1995 est

235 2029 316 2090 aliud
338 2032 506 2106 corruptio,
531 2031 588 2089 nisi
612 2030 781 2090 denuntio
806 2045 841 2089 ac
864 2029 1019 2106 discerptis
1040 2032 1186 2107 partium
1207 2030 1314 2107 quibus

235 2128 398 2190 subiectum
419 2128 539 2205 aliquod
558 2135 690 2203 masten
706 2129 843 2188 interitus
863 2143 934 2186 vero
952 2143 1011 2186 nnn
1026 2133 1071 2187 est
1083 2127 1164 2188 alind
1183 2131 1240 2188 nlsl
1254 2127 1314 2188 dis·

235 2244 335 2288 omsus
352 2227 472 2304 quidam
491 2236 521 2287 et
539 2229 626 2304 quusi
643 2228 780 2303 migratio
798 2227 935 2302 principii
959 2226 1055 2285 uitalis
1073 2240 1132 2301 qno
1151 2225 1315 2287 substantia

235 2332 304 2387 ante
325 2325 486 2386 tuebatur.
506 2326 555 2386 Sic
577 2327 701 2385 moritur
723 2324 835 2398 homo,
857 2340 891 2383 eo
918 2323 997 2400 quod
1018 2325 1134 2383 animos
1157 2338 1314 2398 acorpore

234 2414 403 2498 separatum
422 2424 617 2498 corrumpitur
631 2422 757 2499 liguum,
774 2426 926 2498 propterea
943 2422 1014 2497 qoln
1028 2426 1138 2496 parte,
1156 2420 1233 2481 unde
1246 2436 1314 2479 non·

234 2524 379 2598 stltultm,
396 2523 522 2580 inuicem
537 2520 742 2580 dissociantur.
765 2519 857 2594 Atqui
876 2521 994 2579 animus
1009 2533 1078 2578 cnm
1095 2522 1158 2595 lpse
1175 2520 1216 2578 sit
1234 2520 1314 2593 prin

234 2621 343 2695 ciplum
366 2620 456 2693 sitae,
479 2619 581 2694 nequit
597 2623 708 2676 certes
730 2618 874 2692 principio
898 2619 976 2675 ultae
997 2618 1143 2691 separarl3
1163 2629 1315 2683 tumuere
1435 2662 1444 2681 .

235 2716 421 2791 simplicitate
443 2714 579 2791 gandeat,
602 2720 683 2774 caret
702 2713 848 2790 mutibus,
870 2715 901 2772 ln
926 2730 1000 2791 quas
1025 2720 1184 2790 utcumque
1205 2713 1314 2773 diluun-

235 2818 326 2872 retur.
347 2813 425 2888 Ergo
443 2815 539 2889 primo
558 2814 658 2889 generi
675 2813 885 2887 corruptionis,
902 2826 989 2887 quem
1010 2810 1150 2886 diximus,
1169 2810 1314 2870 obnoxius

235 2923 299 2967 esse
319 2923 379 2967 non
401 2915 506 2983 potest.
529 2908 577 2967 ld
599 2926 661 2967 rem
684 2909 821 2968 Tullius:
852 2932 864 2959 a
889 2909 925 2967 ln
946 2910 1036 2968 animi
1061 2891 1238 2985 oog'ltattnna
1260 2907 1313 2968 du·

239 3031 252 3055 ι
275 3004 369 3065 bitere
383 3008 504 3065 mlnlme
514 3020 680 3082 possumus,
693 3007 750 3065 nisi
765 3005 851 3081 plane
870 3005 1048 3083 inphysicis
1065 3004 1194 3082 plumbei
1210 3007 1313 3079 simus,

220 3126 252 3153 -a
275 3105 348 3179 quin
368 3102 441 3162 nihll
461 3104 568 3163 connis
586 3103 771 3179 admixtum,
795 3103 870 3163 nihil
891 3109 1081 3181 concretum,
1102 3102 1176 3162 nllall
1195 3102 1315 3178 oopnln·

239 3225 252 3250 «
275 3206 350 3277 tum,
369 3201 443 3260 nlllli
463 3206 699 3277 coagmentatum
715 3205 765 3279 sit,
787 3201 862 3261 nllnll
879 3201 998 3277 duplas.
1017 3200 1102 3275 Quod
1120 3216 1186 3260 cum
1206 3202 1249 3259 its
1262 3200 1315 3276 sit,

239 3321 252 3348 ι
275 3305 354 3357 certe
374 3314 429 3358 nac
450 3301 562 3359 secerni
581 3314 636 3359 nec
656 3299 751 3359 dluldi
769 3313 824 3359 nec
843 3299 968 3375 discerpi
987 3313 1041 3359 nec
1057 3296 1180 3358 distrahi
1201 3301 1313 3371 potest3

240 3419 252 3445 a
275 3411 330 3455 nec
352 3397 471 3456 interire
496 3398 596 3474 igitur.
618 3395 672 3456 Est
695 3398 774 3455 enim
795 3396 932 3457 interitus
949 3396 1034 3473 quasi
1057 3394 1202 3455 dlmnssm
1222 3398 1253 3452 et
1271 3392 1315 3451 dl·

240 3518 252 3543 ι
275 3500 406 3569 remptns
422 3509 524 3555 earum
539 3496 679 3571 partium,
696 3508 774 3569 quaa
789 3499 859 3553 anm
877 3494 1028 3553 interitum
1050 3492 1199 3553 iunctione
1217 3490 1317 3565 aliqua

240 3617 253 3642 s
276 3592 450 3652 tenebantui·
466 3594 489 3651 ¹.
515 3617 527 3644 n

294 3690 405 3751 Vemm
424 3706 478 3752 nac
499 3690 582 3750 alteri
601 3688 797 3766 corruptionis
817 3692 869 3747 aut
886 3687 1119 3763 interemptionis
1133 3684 1231 3763 modo
1253 3684 1315 3743 nnl-

236 3804 303 3848 mus
324 3804 428 3849 revera
451 3788 616 3849 subiicitur.
640 3788 696 3847 llic
719 3789 800 3847 enlm
821 3786 852 3845 ln
878 3786 914 3843 lis
936 3788 1053 3844 tantum
1077 3782 1164 3842 rebus
1191 3780 1317 3857 cogitari

236 3892 342 3963 puteat,
360 3902 447 3964 qnae,
465 3902 533 3947 cum
549 3902 587 3947 ex
605 3884 738 3947 subiecto
759 3884 859 3961 aliquo
877 3882 1059 3969 corruptioni
1078 3879 1206 3941 obnoxio
1218 3876 1316 3954 quosd

297 4007 308 4051 a
323 4004 368 4065 oq.
383 4002 488 4053 rescat.
502 4001 546 4051 aa.
561 4008 584 4050 i,
