<?xml version="1.0" encoding="UTF-8"?>
<!DOCTYPE html PUBLIC "-//W3C//DTD XHTML 1.0 Transitional//EN"
    "http://www.w3.org/TR/xhtml1/DTD/xhtml1-transitional.dtd">
<html xmlns="http://www.w3.org/1999/xhtml" xml:lang="en" lang="en">
 <head>
  <title>
</title>
<meta http-equiv="Content-Type" content="text/html;charset=utf-8" />
  <meta name='ocr-system' content='tesseract 3.04.00' />
  <meta name='ocr-capabilities' content='ocr_page ocr_carea ocr_par ocr_line ocrx_word'/>
</head>
<body>
  <div class='ocr_page' id='page_1' title='image "./institutionesph01libegoog_0075.png"; bbox 0 0 2892 4425; ppageno 0'>
   <div class='ocr_carea' id='block_1_1' title="bbox 564 408 1194 458">
    <p class='ocr_par' dir='ltr' id='par_1_1' title="bbox 564 408 1194 458">
     <span class='ocr_line' id='line_1_1' title="bbox 564 408 1194 458; baseline -0.002 -1"><span class='ocrx_word' id='word_1_1' title='bbox 564 416 637 457; x_wconf 75' lang='lat' dir='ltr'><strong>etas</strong></span> <span class='ocrx_word' id='word_1_2' title='bbox 656 415 758 457; x_wconf 70' lang='lat' dir='ltr'><strong>l’BiHA</strong></span> <span class='ocrx_word' id='word_1_3' title='bbox 1158 408 1194 458; x_wconf 79' lang='grc'><strong>67</strong></span> 
     </span>
    </p>
   </div>
   <div class='ocr_carea' id='block_1_2' title="bbox 119 522 1194 1681">
    <p class='ocr_par' dir='ltr' id='par_1_2' title="bbox 119 522 1194 1681">
     <span class='ocr_line' id='line_1_2' title="bbox 127 522 1193 603; baseline 0.001 -19"><span class='ocrx_word' id='word_1_4' title='bbox 127 524 220 584; x_wconf 78' lang='lat' dir='ltr'><strong>tenda</strong></span> <span class='ocrx_word' id='word_1_5' title='bbox 236 542 325 584; x_wconf 75' lang='lat' dir='ltr'><strong>curuo</strong></span> <span class='ocrx_word' id='word_1_6' title='bbox 339 523 537 603; x_wconf 72' lang='lat' dir='ltr'><strong>pitueraomeui</strong></span> <span class='ocrx_word' id='word_1_7' title='bbox 557 522 724 598; x_wconf 71' lang='lat' dir='ltr'><strong>cuiuslibet,</strong></span> <span class='ocrx_word' id='word_1_8' title='bbox 745 539 819 603; x_wconf 79' lang='lat' dir='ltr'><strong>quae</strong></span> <span class='ocrx_word' id='word_1_9' title='bbox 834 524 887 584; x_wconf 81' lang='lat' dir='ltr'><strong>aii</strong></span> <span class='ocrx_word' id='word_1_10' title='bbox 906 525 999 599; x_wconf 81' lang='lat' dir='ltr'><strong>adest,</strong></span> <span class='ocrx_word' id='word_1_11' title='bbox 1015 525 1193 603; x_wconf 75' lang='lat' dir='ltr'><strong>piamone-</strong></span> 
     </span>
     <span class='ocr_line' id='line_1_3' title="bbox 125 600 1194 703; baseline 0.002 -21"><span class='ocrx_word' id='word_1_12' title='bbox 125 640 181 683; x_wconf 82' lang='lat' dir='ltr'><strong>uuu</strong></span> <span class='ocrx_word' id='word_1_13' title='bbox 193 622 294 699; x_wconf 53' lang='lat' dir='ltr'><strong>adeun</strong></span> <span class='ocrx_word' id='word_1_14' title='bbox 308 623 362 683; x_wconf 80' lang='lat' dir='ltr'><strong>uti</strong></span> <span class='ocrx_word' id='word_1_15' title='bbox 379 622 517 699; x_wconf 81' lang='lat' dir='ltr'><strong>demitur,</strong></span> <span class='ocrx_word' id='word_1_16' title='bbox 537 622 760 701; x_wconf 76' lang='lat' dir='ltr'><strong>pitueruomcnon</strong></span> <span class='ocrx_word' id='word_1_17' title='bbox 773 628 884 698; x_wconf 58' lang='lat' dir='ltr'><strong>cerem</strong></span> <span class='ocrx_word' id='word_1_18' title='bbox 898 624 951 684; x_wconf 75' lang='lat' dir='ltr'><strong>oue</strong></span> <span class='ocrx_word' id='word_1_19' title='bbox 967 628 1081 699; x_wconf 68' lang='lat' dir='ltr'><strong>mermi,</strong></span> <span class='ocrx_word' id='word_1_20' title='bbox 1098 600 1194 703; x_wconf 65' lang='lat' dir='ltr'><strong>puce-</strong></span> 
     </span>
     <span class='ocr_line' id='line_1_4' title="bbox 123 720 1194 799; baseline 0.002 -18"><span class='ocrx_word' id='word_1_21' title='bbox 123 738 263 781; x_wconf 85' lang='lat' dir='ltr'><strong>uomeuon</strong></span> <span class='ocrx_word' id='word_1_22' title='bbox 280 726 400 795; x_wconf 54' lang='lat' dir='ltr'><strong>meumst</strong></span> <span class='ocrx_word' id='word_1_23' title='bbox 424 722 477 781; x_wconf 83' lang='lat' dir='ltr'><strong>ubi</strong></span> <span class='ocrx_word' id='word_1_24' title='bbox 499 720 647 796; x_wconf 73' lang='lat' dir='ltr'><em>decrescit,</em></span> <span class='ocrx_word' id='word_1_25' title='bbox 665 720 887 799; x_wconf 69' lang='lat' dir='ltr'><strong>phaenomena</strong></span> <span class='ocrx_word' id='word_1_26' title='bbox 908 722 1058 782; x_wconf 75' lang='lat' dir='ltr'><strong><em>decrescit.</em></strong></span> <span class='ocrx_word' id='word_1_27' title='bbox 1076 756 1115 766; x_wconf 90' lang='lat'><em>-</em></span> <span class='ocrx_word' id='word_1_28' title='bbox 1130 724 1194 783; x_wconf 85' lang='lat' dir='ltr'><strong>Hoc</strong></span> 
     </span>
     <span class='ocr_line' id='line_1_5' title="bbox 123 805 1193 898; baseline 0.003 -20"><span class='ocrx_word' id='word_1_29' title='bbox 123 821 266 879; x_wconf 84' lang='lat' dir='ltr'><strong>axiomata</strong></span> <span class='ocrx_word' id='word_1_30' title='bbox 280 822 453 895; x_wconf 81' lang='lat' dir='ltr'><strong>iliustratus,</strong></span> <span class='ocrx_word' id='word_1_31' title='bbox 469 836 525 879; x_wconf 93' lang='lat' dir='ltr'><strong>nun</strong></span> <span class='ocrx_word' id='word_1_32' title='bbox 542 836 625 896; x_wconf 82' lang='lat' dir='ltr'><strong>aegre</strong></span> <span class='ocrx_word' id='word_1_33' title='bbox 640 819 759 878; x_wconf 86' lang='lat' dir='ltr'><strong>deiinire</strong></span> <span class='ocrx_word' id='word_1_34' title='bbox 775 822 879 893; x_wconf 82' lang='lat' dir='ltr'><strong>poteria</strong></span> <span class='ocrx_word' id='word_1_35' title='bbox 894 805 924 879; x_wconf 85' lang='lat' dir='ltr'><strong>in</strong></span> <span class='ocrx_word' id='word_1_36' title='bbox 938 821 1052 881; x_wconf 83' lang='lat' dir='ltr'><strong>oaeibna</strong></span> <span class='ocrx_word' id='word_1_37' title='bbox 1068 822 1193 898; x_wconf 89' lang='lat' dir='ltr'><strong>pecutia·</strong></span> 
     </span>
     <span class='ocr_line' id='line_1_6' title="bbox 124 917 1194 995; baseline 0.002 -19"><span class='ocrx_word' id='word_1_38' title='bbox 124 917 202 977; x_wconf 88' lang='lat' dir='ltr'><strong>ribus</strong></span> <span class='ocrx_word' id='word_1_39' title='bbox 219 936 362 994; x_wconf 88' lang='lat' dir='ltr'><strong>quaenam</strong></span> <span class='ocrx_word' id='word_1_40' title='bbox 382 923 420 978; x_wconf 86' lang='lat' dir='ltr'><strong>sit</strong></span> <span class='ocrx_word' id='word_1_41' title='bbox 437 920 629 994; x_wconf 87' lang='lat' dir='ltr'><strong>phaenomeni</strong></span> <span class='ocrx_word' id='word_1_42' title='bbox 646 934 746 993; x_wconf 89' lang='lat' dir='ltr'><strong>cauea,</strong></span> <span class='ocrx_word' id='word_1_43' title='bbox 767 921 792 977; x_wconf 86' lang='lat' dir='ltr'><strong>ei</strong></span> <span class='ocrx_word' id='word_1_44' title='bbox 810 918 982 994; x_wconf 83' lang='lat' dir='ltr'><strong>muitiplioue</strong></span> <span class='ocrx_word' id='word_1_45' title='bbox 996 920 1194 995; x_wconf 80' lang='lat' dir='ltr'><strong>experimenta</strong></span> 
     </span>
     <span class='ocr_line' id='line_1_7' title="bbox 122 1016 1191 1095; baseline 0 -18"><span class='ocrx_word' id='word_1_46' title='bbox 122 1024 151 1077; x_wconf 86' lang='lat' dir='ltr'><strong>at</strong></span> <span class='ocrx_word' id='word_1_47' title='bbox 163 1016 390 1091; x_wconf 84' lang='lat' dir='ltr'><strong>observationes,</strong></span> <span class='ocrx_word' id='word_1_48' title='bbox 410 1016 551 1076; x_wconf 76' lang='lat' dir='ltr'><strong>rumando</strong></span> <span class='ocrx_word' id='word_1_49' title='bbox 569 1016 698 1076; x_wconf 85' lang='lat' dir='ltr'><strong>subiecta</strong></span> <span class='ocrx_word' id='word_1_50' title='bbox 718 1016 904 1092; x_wconf 82' lang='lat' dir='ltr'><strong>particularia</strong></span> <span class='ocrx_word' id='word_1_51' title='bbox 919 1026 948 1077; x_wconf 88' lang='lat' dir='ltr'><strong>et</strong></span> <span class='ocrx_word' id='word_1_52' title='bbox 961 1017 1098 1077; x_wconf 81' lang='lat' dir='ltr'><strong>adiuncta</strong></span> <span class='ocrx_word' id='word_1_53' title='bbox 1116 1034 1191 1095; x_wconf 88' lang='lat' dir='ltr'><strong>qnae</strong></span> 
     </span>
     <span class='ocr_line' id='line_1_8' title="bbox 122 1114 1193 1190; baseline 0.003 -18"><span class='ocrx_word' id='word_1_54' title='bbox 122 1130 182 1173; x_wconf 89' lang='lat' dir='ltr'><strong>rem</strong></span> <span class='ocrx_word' id='word_1_55' title='bbox 209 1116 396 1174; x_wconf 77' lang='lat' dir='ltr'><strong>comitantur.</strong></span> <span class='ocrx_word' id='word_1_56' title='bbox 430 1114 503 1173; x_wconf 86' lang='lat' dir='ltr'><strong>Nam</strong></span> <span class='ocrx_word' id='word_1_57' title='bbox 531 1116 555 1173; x_wconf 91' lang='lat' dir='ltr'><strong>si</strong></span> <span class='ocrx_word' id='word_1_58' title='bbox 583 1120 749 1173; x_wconf 72' lang='lat' dir='ltr'><strong>constanter</strong></span> <span class='ocrx_word' id='word_1_59' title='bbox 776 1114 861 1190; x_wconf 90' lang='lat' dir='ltr'><strong>ptura</strong></span> <span class='ocrx_word' id='word_1_60' title='bbox 889 1114 1039 1174; x_wconf 82' lang='lat' dir='ltr'><strong>individua</strong></span> <span class='ocrx_word' id='word_1_61' title='bbox 1067 1114 1193 1175; x_wconf 86' lang='lat' dir='ltr'><strong>uiicaiua</strong></span> 
     </span>
     <span class='ocr_line' id='line_1_9' title="bbox 122 1212 1191 1290; baseline 0.002 -20"><span class='ocrx_word' id='word_1_62' title='bbox 122 1212 247 1287; x_wconf 85' lang='lat' dir='ltr'><strong>speciei,</strong></span> <span class='ocrx_word' id='word_1_63' title='bbox 270 1213 300 1271; x_wconf 92' lang='lat' dir='ltr'><strong>in</strong></span> <span class='ocrx_word' id='word_1_64' title='bbox 319 1214 421 1273; x_wconf 87' lang='lat' dir='ltr'><strong>ceteris</strong></span> <span class='ocrx_word' id='word_1_65' title='bbox 444 1212 559 1270; x_wconf 86' lang='lat' dir='ltr'><strong>diversa</strong></span> <span class='ocrx_word' id='word_1_66' title='bbox 583 1212 724 1271; x_wconf 86' lang='lat' dir='ltr'><strong>eteniam</strong></span> <span class='ocrx_word' id='word_1_67' title='bbox 747 1214 951 1271; x_wconf 86' lang='lat' dir='ltr'><strong>convenientia</strong></span> <span class='ocrx_word' id='word_1_68' title='bbox 970 1215 1001 1271; x_wconf 91' lang='lat' dir='ltr'><strong>tn</strong></span> <span class='ocrx_word' id='word_1_69' title='bbox 1023 1219 1102 1272; x_wconf 75' lang='lat' dir='ltr'><strong>aeria</strong></span> <span class='ocrx_word' id='word_1_70' title='bbox 1119 1229 1191 1290; x_wconf 78' lang='lat' dir='ltr'><strong>qna·</strong></span> 
     </span>
     <span class='ocr_line' id='line_1_10' title="bbox 121 1308 1192 1386; baseline 0.002 -19"><span class='ocrx_word' id='word_1_71' title='bbox 121 1309 188 1367; x_wconf 86' lang='lat' dir='ltr'><strong>dam</strong></span> <span class='ocrx_word' id='word_1_72' title='bbox 208 1308 360 1386; x_wconf 80' lang='lat' dir='ltr'><strong>qualitate,</strong></span> <span class='ocrx_word' id='word_1_73' title='bbox 377 1309 451 1369; x_wconf 82' lang='lat' dir='ltr'><strong>idem</strong></span> <span class='ocrx_word' id='word_1_74' title='bbox 468 1310 597 1369; x_wconf 85' lang='lat' dir='ltr'><strong>otierunt</strong></span> <span class='ocrx_word' id='word_1_75' title='bbox 615 1310 848 1386; x_wconf 86' lang='lat' dir='ltr'><strong>phaenomenon;</strong></span> <span class='ocrx_word' id='word_1_76' title='bbox 867 1312 934 1370; x_wconf 87' lang='lat' dir='ltr'><strong>ticet</strong></span> <span class='ocrx_word' id='word_1_77' title='bbox 956 1313 1106 1372; x_wconf 85' lang='lat' dir='ltr'><strong>varientur</strong></span> <span class='ocrx_word' id='word_1_78' title='bbox 1120 1317 1192 1370; x_wconf 89' lang='lat' dir='ltr'><strong>tem-</strong></span> 
     </span>
     <span class='ocr_line' id='line_1_11' title="bbox 123 1401 1191 1485; baseline 0.002 -20"><span class='ocrx_word' id='word_1_79' title='bbox 123 1423 197 1483; x_wconf 80' lang='lat' dir='ltr'><strong>pas,</strong></span> <span class='ocrx_word' id='word_1_80' title='bbox 226 1407 356 1466; x_wconf 75' lang='lat' dir='ltr'><strong>incuset</strong></span> <span class='ocrx_word' id='word_1_81' title='bbox 377 1408 504 1482; x_wconf 82' lang='lat' dir='ltr'><strong>reliquus</strong></span> <span class='ocrx_word' id='word_1_82' title='bbox 527 1410 811 1469; x_wconf 70' lang='lat' dir='ltr'><strong>circumstantiarum</strong></span> <span class='ocrx_word' id='word_1_83' title='bbox 837 1401 1011 1485; x_wconf 81' lang='lat' dir='ltr'><strong>appnmtua:</strong></span> <span class='ocrx_word' id='word_1_84' title='bbox 1037 1408 1191 1468; x_wconf 86' lang='lat' dir='ltr'><strong>indubium</strong></span> 
     </span>
     <span class='ocr_line' id='line_1_12' title="bbox 120 1504 1191 1584; baseline 0.003 -21"><span class='ocrx_word' id='word_1_85' title='bbox 120 1506 185 1580; x_wconf 87' lang='lat' dir='ltr'><strong>erit,</strong></span> <span class='ocrx_word' id='word_1_86' title='bbox 204 1504 424 1582; x_wconf 88' lang='lat' dir='ltr'><strong>phaenomenon</strong></span> <span class='ocrx_word' id='word_1_87' title='bbox 438 1507 509 1565; x_wconf 85' lang='lat' dir='ltr'><strong>iiiud</strong></span> <span class='ocrx_word' id='word_1_88' title='bbox 527 1508 643 1566; x_wconf 87' lang='lat' dir='ltr'><strong>nonnisi</strong></span> <span class='ocrx_word' id='word_1_89' title='bbox 659 1506 696 1565; x_wconf 87' lang='lat' dir='ltr'><strong>ab</strong></span> <span class='ocrx_word' id='word_1_90' title='bbox 714 1524 748 1565; x_wconf 89' lang='lat' dir='ltr'><strong>ea</strong></span> <span class='ocrx_word' id='word_1_91' title='bbox 764 1508 904 1583; x_wconf 83' lang='lat' dir='ltr'><strong>qualitate</strong></span> <span class='ocrx_word' id='word_1_92' title='bbox 922 1507 1086 1584; x_wconf 86' lang='lat' dir='ltr'><strong>procedere,</strong></span> <span class='ocrx_word' id='word_1_93' title='bbox 1102 1514 1142 1583; x_wconf 87' lang='lat' dir='ltr'><strong>et,</strong></span> <span class='ocrx_word' id='word_1_94' title='bbox 1158 1515 1191 1566; x_wconf 92' lang='lat' dir='ltr'><strong>ut</strong></span> 
     </span>
     <span class='ocr_line' id='line_1_13' title="bbox 119 1604 1190 1681; baseline 0.003 -21"><span class='ocrx_word' id='word_1_95' title='bbox 119 1618 295 1679; x_wconf 76' lang='lat' dir='ltr'><strong>consequens</strong></span> <span class='ocrx_word' id='word_1_96' title='bbox 314 1608 367 1677; x_wconf 88' lang='lat' dir='ltr'><strong>eet,</strong></span> <span class='ocrx_word' id='word_1_97' title='bbox 388 1605 418 1662; x_wconf 90' lang='lat' dir='ltr'><strong>in</strong></span> <span class='ocrx_word' id='word_1_98' title='bbox 438 1604 555 1679; x_wconf 86' lang='lat' dir='ltr'><strong>reliquis</strong></span> <span class='ocrx_word' id='word_1_99' title='bbox 572 1606 658 1663; x_wconf 83' lang='lat' dir='ltr'><strong>etiam</strong></span> <span class='ocrx_word' id='word_1_100' title='bbox 677 1604 836 1663; x_wconf 79' lang='lat' dir='ltr'><strong>individuis</strong></span> <span class='ocrx_word' id='word_1_101' title='bbox 854 1622 918 1664; x_wconf 86' lang='lat' dir='ltr'><strong>caea</strong></span> <span class='ocrx_word' id='word_1_102' title='bbox 934 1607 1095 1680; x_wconf 82' lang='lat' dir='ltr'><strong>orituram,</strong></span> <span class='ocrx_word' id='word_1_103' title='bbox 1114 1620 1190 1681; x_wconf 87' lang='lat' dir='ltr'><strong>quae</strong></span> 
     </span>
    </p>
   </div>
   <div class='ocr_carea' id='block_1_3' title="bbox 119 1700 1275 1779">
    <p class='ocr_par' dir='ltr' id='par_1_3' title="bbox 119 1700 1275 1779">
     <span class='ocr_line' id='line_1_14' title="bbox 119 1700 1275 1779; baseline 0.001 -20"><span class='ocrx_word' id='word_1_104' title='bbox 119 1700 217 1759; x_wconf 85' lang='lat' dir='ltr'><strong>eadem</strong></span> <span class='ocrx_word' id='word_1_105' title='bbox 241 1702 380 1778; x_wconf 83' lang='lat' dir='ltr'><strong>qualitate</strong></span> <span class='ocrx_word' id='word_1_106' title='bbox 397 1709 549 1761; x_wconf 85' lang='lat' dir='ltr'><strong>ornantur.</strong></span> <span class='ocrx_word' id='word_1_107' title='bbox 569 1702 603 1761; x_wconf 87' lang='lat' dir='ltr'><strong>In</strong></span> <span class='ocrx_word' id='word_1_108' title='bbox 621 1701 676 1761; x_wconf 90' lang='lat' dir='ltr'><strong>hoc</strong></span> <span class='ocrx_word' id='word_1_109' title='bbox 697 1706 801 1777; x_wconf 90' lang='lat' dir='ltr'><strong>etiam,</strong></span> <span class='ocrx_word' id='word_1_110' title='bbox 823 1708 856 1761; x_wconf 88' lang='lat' dir='ltr'><strong>ut</strong></span> <span class='ocrx_word' id='word_1_111' title='bbox 877 1702 975 1777; x_wconf 84' lang='lat' dir='ltr'><strong>vides,</strong></span> <span class='ocrx_word' id='word_1_112' title='bbox 996 1719 1109 1778; x_wconf 80' lang='lat' dir='ltr'><strong>semper</strong></span> <span class='ocrx_word' id='word_1_113' title='bbox 1127 1702 1189 1779; x_wconf 86' lang='lat' dir='ltr'><strong>syt-</strong></span> <span class='ocrx_word' id='word_1_114' title='bbox 1271 1744 1275 1752; x_wconf 85' lang='lat'>.</span> 
     </span>
    </p>
   </div>
   <div class='ocr_carea' id='block_1_4' title="bbox 31 1799 1189 3640">
    <p class='ocr_par' dir='ltr' id='par_1_4' title="bbox 119 1799 1189 1974">
     <span class='ocr_line' id='line_1_15' title="bbox 120 1799 1189 1877; baseline 0.005 -21"><span class='ocrx_word' id='word_1_115' title='bbox 120 1799 248 1875; x_wconf 77' lang='lat' dir='ltr'><strong>togiemis</strong></span> <span class='ocrx_word' id='word_1_116' title='bbox 268 1802 355 1859; x_wconf 86' lang='lat' dir='ltr'><strong>ntxue</strong></span> <span class='ocrx_word' id='word_1_117' title='bbox 374 1799 576 1877; x_wconf 80' lang='lat' dir='ltr'><strong>progrederis3</strong></span> <span class='ocrx_word' id='word_1_118' title='bbox 601 1818 653 1859; x_wconf 88' lang='lat' dir='ltr'><strong>nec</strong></span> <span class='ocrx_word' id='word_1_119' title='bbox 677 1818 792 1877; x_wconf 82' lang='lat' dir='ltr'><strong>passum</strong></span> <span class='ocrx_word' id='word_1_120' title='bbox 815 1802 907 1860; x_wconf 90' lang='lat' dir='ltr'><strong>atium</strong></span> <span class='ocrx_word' id='word_1_121' title='bbox 929 1802 1045 1862; x_wconf 84' lang='lat' dir='ltr'><strong>tendere</strong></span> <span class='ocrx_word' id='word_1_122' title='bbox 1067 1818 1189 1877; x_wconf 79' lang='lat' dir='ltr'><strong>posaeo,</strong></span> 
     </span>
     <span class='ocr_line' id='line_1_16' title="bbox 119 1896 562 1974; baseline 0 -19"><span class='ocrx_word' id='word_1_123' title='bbox 119 1899 144 1955; x_wconf 85' lang='lat' dir='ltr'><strong>ei</strong></span> <span class='ocrx_word' id='word_1_124' title='bbox 165 1896 336 1974; x_wconf 78' lang='lat' dir='ltr'><strong>syiioglsmo</strong></span> <span class='ocrx_word' id='word_1_125' title='bbox 356 1896 562 1958; x_wconf 70' lang='lat' dir='ltr'><strong>destinareris.</strong></span> 
     </span>
    </p>

    <p class='ocr_par' dir='ltr' id='par_1_5' title="bbox 119 1995 1188 2269">
     <span class='ocr_line' id='line_1_17' title="bbox 176 1995 1187 2074; baseline 0.003 -20"><span class='ocrx_word' id='word_1_126' title='bbox 176 1995 264 2055; x_wconf 84' lang='lat' dir='ltr'><strong>Plura</strong></span> <span class='ocrx_word' id='word_1_127' title='bbox 287 1996 519 2072; x_wconf 79' lang='lat' dir='ltr'><strong>praeceptahuc</strong></span> <span class='ocrx_word' id='word_1_128' title='bbox 542 2011 599 2055; x_wconf 91' lang='lat' dir='ltr'><strong>non</strong></span> <span class='ocrx_word' id='word_1_129' title='bbox 622 2012 769 2073; x_wconf 77' lang='lat' dir='ltr'><strong>congero3</strong></span> <span class='ocrx_word' id='word_1_130' title='bbox 789 2000 839 2073; x_wconf 84' lang='lat' dir='ltr'><strong>qui</strong></span> <span class='ocrx_word' id='word_1_131' title='bbox 861 2014 896 2057; x_wconf 85' lang='lat' dir='ltr'><strong>aa</strong></span> <span class='ocrx_word' id='word_1_132' title='bbox 918 2000 999 2074; x_wconf 90' lang='lat' dir='ltr'><strong>capit</strong></span> <span class='ocrx_word' id='word_1_133' title='bbox 1017 1997 1104 2057; x_wconf 80' lang='lat' dir='ltr'><strong>adeat</strong></span> <span class='ocrx_word' id='word_1_134' title='bbox 1122 1998 1187 2057; x_wconf 81' lang='lat' dir='ltr'><strong>Ete-</strong></span> 
     </span>
     <span class='ocr_line' id='line_1_18' title="bbox 121 2092 1188 2171; baseline 0.005 -21"><span class='ocrx_word' id='word_1_135' title='bbox 121 2101 216 2153; x_wconf 91' lang='lat' dir='ltr'><strong>menta</strong></span> <span class='ocrx_word' id='word_1_136' title='bbox 237 2092 437 2171; x_wconf 76' lang='lat' dir='ltr'><strong>philosophiae</strong></span> <span class='ocrx_word' id='word_1_137' title='bbox 456 2110 473 2153; x_wconf 90' lang='lat' dir='ltr'><strong>a</strong></span> <span class='ocrx_word' id='word_1_138' title='bbox 493 2110 539 2153; x_wconf 89' lang='lat' dir='ltr'><strong>mc</strong></span> <span class='ocrx_word' id='word_1_139' title='bbox 557 2094 653 2153; x_wconf 84' lang='lat' dir='ltr'><strong>italice</strong></span> <span class='ocrx_word' id='word_1_140' title='bbox 670 2096 847 2170; x_wconf 71' lang='lat' dir='ltr'><strong>conscripta,</strong></span> <span class='ocrx_word' id='word_1_141' title='bbox 866 2095 915 2155; x_wconf 90' lang='lat' dir='ltr'><strong>abi</strong></span> <span class='ocrx_word' id='word_1_142' title='bbox 937 2095 1015 2155; x_wconf 85' lang='lat' dir='ltr'><strong>hunc</strong></span> <span class='ocrx_word' id='word_1_143' title='bbox 1035 2098 1188 2155; x_wconf 79' lang='lat' dir='ltr'><strong>materiam</strong></span> 
     </span>
     <span class='ocr_line' id='line_1_19' title="bbox 119 2188 562 2269; baseline 0 -19"><span class='ocrx_word' id='word_1_144' title='bbox 119 2188 212 2251; x_wconf 83' lang='lat' dir='ltr'><strong>insius</strong></span> <span class='ocrx_word' id='word_1_145' title='bbox 233 2192 382 2269; x_wconf 77' lang='lat' dir='ltr'><strong>aliquanto</strong></span> <span class='ocrx_word' id='word_1_146' title='bbox 399 2193 524 2251; x_wconf 81' lang='lat' dir='ltr'><strong>tractavi</strong></span> <span class='ocrx_word' id='word_1_147' title='bbox 540 2192 562 2250; x_wconf 81' lang='lat'><strong>¹.</strong></span> 
     </span>
    </p>

    <p class='ocr_par' dir='ltr' id='par_1_6' title="bbox 31 2289 1189 3640">
     <span class='ocr_line' id='line_1_20' title="bbox 179 2289 1187 2366; baseline 0.001 -18"><span class='ocrx_word' id='word_1_148' title='bbox 179 2289 224 2348; x_wconf 80' lang='lat' dir='ltr'><strong>Ad</strong></span> <span class='ocrx_word' id='word_1_149' title='bbox 238 2290 435 2349; x_wconf 83' lang='lat' dir='ltr'><strong>inductionem</strong></span> <span class='ocrx_word' id='word_1_150' title='bbox 455 2293 583 2348; x_wconf 87' lang='lat' dir='ltr'><strong>revocari</strong></span> <span class='ocrx_word' id='word_1_151' title='bbox 597 2297 690 2364; x_wconf 89' lang='lat' dir='ltr'><strong>poteet</strong></span> <span class='ocrx_word' id='word_1_152' title='bbox 708 2293 922 2366; x_wconf 81' lang='lat' dir='ltr'><strong>argumentatio</strong></span> <span class='ocrx_word' id='word_1_153' title='bbox 938 2306 975 2349; x_wconf 81' lang='lat' dir='ltr'><strong>ex</strong></span> <span class='ocrx_word' id='word_1_154' title='bbox 989 2291 1122 2366; x_wconf 78' lang='lat' dir='ltr'><strong>maiogia</strong></span> <span class='ocrx_word' id='word_1_155' title='bbox 1141 2291 1187 2349; x_wconf 81' lang='lat' dir='ltr'><strong>uei</strong></span> 
     </span>
     <span class='ocr_line' id='line_1_21' title="bbox 119 2367 1189 2463; baseline -0.001 -18"><span class='ocrx_word' id='word_1_156' title='bbox 119 2389 241 2463; x_wconf 83' lang='lat' dir='ltr'><strong>paritate</strong></span> <span class='ocrx_word' id='word_1_157' title='bbox 260 2387 442 2463; x_wconf 84' lang='lat' dir='ltr'><strong>deprompta,</strong></span> <span class='ocrx_word' id='word_1_158' title='bbox 463 2403 529 2446; x_wconf 86' lang='lat' dir='ltr'><strong>enm</strong></span> <span class='ocrx_word' id='word_1_159' title='bbox 554 2389 691 2446; x_wconf 88' lang='lat' dir='ltr'><strong>nimirum</strong></span> <span class='ocrx_word' id='word_1_160' title='bbox 715 2393 772 2445; x_wconf 74' lang='lat' dir='ltr'><strong>aar</strong></span> <span class='ocrx_word' id='word_1_161' title='bbox 786 2387 882 2446; x_wconf 88' lang='lat' dir='ltr'><strong>eimiie</strong></span> <span class='ocrx_word' id='word_1_162' title='bbox 898 2403 936 2445; x_wconf 85' lang='lat' dir='ltr'><strong>ex</strong></span> <span class='ocrx_word' id='word_1_163' title='bbox 955 2383 1043 2445; x_wconf 80' lang='lat' dir='ltr'><strong>simtu</strong></span> <span class='ocrx_word' id='word_1_164' title='bbox 1063 2367 1189 2445; x_wconf 62' lang='lat' dir='ltr'><strong>intertui</strong></span> 
     </span>
     <span class='ocr_line' id='line_1_22' title="bbox 121 2482 1188 2560; baseline -0.001 -18"><span class='ocrx_word' id='word_1_165' title='bbox 121 2484 208 2560; x_wconf 83' lang='lat' dir='ltr'><strong>(qnod</strong></span> <span class='ocrx_word' id='word_1_166' title='bbox 230 2485 352 2558; x_wconf 86' lang='lat' dir='ltr'><strong>pertinet</strong></span> <span class='ocrx_word' id='word_1_167' title='bbox 369 2483 407 2542; x_wconf 84' lang='lat' dir='ltr'><strong>ad</strong></span> <span class='ocrx_word' id='word_1_168' title='bbox 427 2483 608 2558; x_wconf 85' lang='lat' dir='ltr'><strong>paritatem);</strong></span> <span class='ocrx_word' id='word_1_169' title='bbox 632 2491 684 2542; x_wconf 88' lang='lat' dir='ltr'><strong>aut</strong></span> <span class='ocrx_word' id='word_1_170' title='bbox 703 2501 738 2542; x_wconf 84' lang='lat' dir='ltr'><strong>ex</strong></span> <span class='ocrx_word' id='word_1_171' title='bbox 760 2486 860 2560; x_wconf 81' lang='lat' dir='ltr'><strong>paucis</strong></span> <span class='ocrx_word' id='word_1_172' title='bbox 878 2484 1041 2542; x_wconf 67' lang='lat' dir='ltr'><strong>obeervme</strong></span> <span class='ocrx_word' id='word_1_173' title='bbox 1062 2482 1100 2542; x_wconf 82' lang='lat' dir='ltr'><strong>ad</strong></span> <span class='ocrx_word' id='word_1_174' title='bbox 1118 2499 1188 2541; x_wconf 90' lang='lat' dir='ltr'><strong>non-</strong></span> 
     </span>
     <span class='ocr_line' id='line_1_23' title="bbox 116 2567 1187 2658; baseline -0.001 -17"><span class='ocrx_word' id='word_1_175' title='bbox 116 2583 186 2641; x_wconf 86' lang='lat' dir='ltr'><strong>dum</strong></span> <span class='ocrx_word' id='word_1_176' title='bbox 200 2583 355 2640; x_wconf 80' lang='lat' dir='ltr'><strong>observata</strong></span> <span class='ocrx_word' id='word_1_177' title='bbox 372 2579 407 2640; x_wconf 89' lang='lat' dir='ltr'><strong>iit</strong></span> <span class='ocrx_word' id='word_1_178' title='bbox 424 2581 543 2657; x_wconf 79' lang='lat' dir='ltr'><strong>gratiae,</strong></span> <span class='ocrx_word' id='word_1_179' title='bbox 558 2597 633 2656; x_wconf 87' lang='lat' dir='ltr'><strong>quae</strong></span> <span class='ocrx_word' id='word_1_180' title='bbox 651 2567 705 2640; x_wconf 78' lang='lat' dir='ltr'><strong>&#39;etet</strong></span> <span class='ocrx_word' id='word_1_181' title='bbox 727 2597 785 2640; x_wconf 90' lang='lat' dir='ltr'><strong>aon</strong></span> <span class='ocrx_word' id='word_1_182' title='bbox 805 2581 975 2658; x_wconf 84' lang='lat' dir='ltr'><strong>perfectam,</strong></span> <span class='ocrx_word' id='word_1_183' title='bbox 992 2582 1121 2658; x_wconf 75' lang='lat' dir='ltr'><strong>niirpram</strong></span> <span class='ocrx_word' id='word_1_184' title='bbox 1142 2589 1187 2640; x_wconf 85' lang='lat' dir='ltr'><strong>ta·</strong></span> 
     </span>
     <span class='ocr_line' id='line_1_24' title="bbox 115 2679 1185 2756; baseline -0.002 -16"><span class='ocrx_word' id='word_1_185' title='bbox 115 2697 181 2740; x_wconf 91' lang='lat' dir='ltr'><strong>men</strong></span> <span class='ocrx_word' id='word_1_186' title='bbox 205 2695 271 2739; x_wconf 90' lang='lat' dir='ltr'><strong>cum</strong></span> <span class='ocrx_word' id='word_1_187' title='bbox 299 2680 358 2739; x_wconf 85' lang='lat' dir='ltr'><strong>iiiia</strong></span> <span class='ocrx_word' id='word_1_188' title='bbox 384 2686 502 2738; x_wconf 80' lang='lat' dir='ltr'><strong>servant</strong></span> <span class='ocrx_word' id='word_1_189' title='bbox 529 2679 747 2739; x_wconf 76' lang='lat' dir='ltr'><strong>similitudinem</strong></span> <span class='ocrx_word' id='word_1_190' title='bbox 774 2679 821 2739; x_wconf 86' lang='lat' dir='ltr'><strong>vet</strong></span> <span class='ocrx_word' id='word_1_191' title='bbox 845 2682 933 2740; x_wconf 71' lang='lat' dir='ltr'><strong>uiam</strong></span> <span class='ocrx_word' id='word_1_192' title='bbox 957 2681 1185 2756; x_wconf 88' lang='lat' dir='ltr'><strong>proportionem.</strong></span> 
     </span>
     <span class='ocr_line' id='line_1_25' title="bbox 31 2777 1186 2856; baseline -0.002 -16"><span class='ocrx_word' id='word_1_193' title='bbox 31 2809 37 2824; x_wconf 88' lang='lat'><strong>·</strong></span> <span class='ocrx_word' id='word_1_194' title='bbox 116 2781 265 2840; x_wconf 81' lang='lat' dir='ltr'><strong>Eiusmodi</strong></span> <span class='ocrx_word' id='word_1_195' title='bbox 279 2794 394 2856; x_wconf 85' lang='lat' dir='ltr'><strong>quoqne</strong></span> <span class='ocrx_word' id='word_1_196' title='bbox 407 2781 620 2856; x_wconf 80' lang='lat' dir='ltr'><strong>argumentatio</strong></span> <span class='ocrx_word' id='word_1_197' title='bbox 631 2777 805 2856; x_wconf 76' lang='lat' dir='ltr'><strong>eyttogiemo</strong></span> <span class='ocrx_word' id='word_1_198' title='bbox 819 2781 935 2854; x_wconf 89' lang='lat' dir='ltr'><strong>nititur,</strong></span> <span class='ocrx_word' id='word_1_199' title='bbox 950 2783 1034 2838; x_wconf 84' lang='lat' dir='ltr'><strong>cuiue</strong></span> <span class='ocrx_word' id='word_1_200' title='bbox 1049 2781 1186 2855; x_wconf 85' lang='lat' dir='ltr'><strong>praemia·</strong></span> 
     </span>
     <span class='ocr_line' id='line_1_26' title="bbox 113 2876 1185 2955; baseline -0.001 -17"><span class='ocrx_word' id='word_1_201' title='bbox 113 2892 175 2938; x_wconf 85' lang='lat' dir='ltr'><strong>eam</strong></span> <span class='ocrx_word' id='word_1_202' title='bbox 200 2879 255 2938; x_wconf 89' lang='lat' dir='ltr'><strong>hoe</strong></span> <span class='ocrx_word' id='word_1_203' title='bbox 275 2877 337 2955; x_wconf 79' lang='lat' dir='ltr'><strong>egit</strong></span> <span class='ocrx_word' id='word_1_204' title='bbox 359 2879 552 2954; x_wconf 88' lang='lat' dir='ltr'><strong>principium:</strong></span> <span class='ocrx_word' id='word_1_205' title='bbox 575 2876 628 2937; x_wconf 81' lang='lat' dir='ltr'><strong>abi</strong></span> <span class='ocrx_word' id='word_1_206' title='bbox 651 2877 752 2937; x_wconf 83' lang='lat' dir='ltr'><strong>eadem</strong></span> <span class='ocrx_word' id='word_1_207' title='bbox 774 2883 830 2937; x_wconf 82' lang='lat' dir='ltr'><strong>cet</strong></span> <span class='ocrx_word' id='word_1_208' title='bbox 851 2877 1109 2938; x_wconf 68' lang='lat' dir='ltr'><strong>committerem</strong></span> <span class='ocrx_word' id='word_1_209' title='bbox 1130 2880 1185 2937; x_wconf 82' lang='lat' dir='ltr'><strong>rui·</strong></span> 
     </span>
     <span class='ocr_line' id='line_1_27' title="bbox 113 2974 1186 3053; baseline -0.003 -16"><span class='ocrx_word' id='word_1_210' title='bbox 113 2975 194 3051; x_wconf 85' lang='lat' dir='ltr'><strong>litui,</strong></span> <span class='ocrx_word' id='word_1_211' title='bbox 214 2976 293 3037; x_wconf 83' lang='lat' dir='ltr'><strong>idem</strong></span> <span class='ocrx_word' id='word_1_212' title='bbox 313 2981 369 3036; x_wconf 79' lang='lat' dir='ltr'><strong>uei</strong></span> <span class='ocrx_word' id='word_1_213' title='bbox 390 2975 701 3038; x_wconf 62' lang='lat' dir='ltr'><strong>commilitaturam</strong></span> <span class='ocrx_word' id='word_1_214' title='bbox 715 2974 874 3053; x_wconf 64' lang='lat' dir='ltr'><strong>smerdem</strong></span> <span class='ocrx_word' id='word_1_215' title='bbox 893 2979 946 3035; x_wconf 77' lang='lat' dir='ltr'><strong>eri.</strong></span> <span class='ocrx_word' id='word_1_216' title='bbox 969 2975 1126 3035; x_wconf 84' lang='lat' dir='ltr'><strong>litantem</strong></span> <span class='ocrx_word' id='word_1_217' title='bbox 1147 2975 1186 3033; x_wconf 78' lang='lat' dir='ltr'><strong>air</strong></span> 
     </span>
     <span class='ocr_line' id='line_1_28' title="bbox 114 3072 1183 3152; baseline -0.003 -18"><span class='ocrx_word' id='word_1_218' title='bbox 114 3077 169 3136; x_wconf 88' lang='lat' dir='ltr'><strong>hoc</strong></span> <span class='ocrx_word' id='word_1_219' title='bbox 188 3075 411 3152; x_wconf 79' lang='lat' dir='ltr'><strong>argumentandi</strong></span> <span class='ocrx_word' id='word_1_220' title='bbox 431 3090 534 3150; x_wconf 82' lang='lat' dir='ltr'><strong>genere</strong></span> <span class='ocrx_word' id='word_1_221' title='bbox 554 3089 634 3133; x_wconf 87' lang='lat' dir='ltr'><strong>error</strong></span> <span class='ocrx_word' id='word_1_222' title='bbox 652 3077 748 3134; x_wconf 84' lang='lat' dir='ltr'><strong>omnia</strong></span> <span class='ocrx_word' id='word_1_223' title='bbox 767 3082 913 3149; x_wconf 81' lang='lat' dir='ltr'><strong>arceatur,</strong></span> <span class='ocrx_word' id='word_1_224' title='bbox 932 3073 1035 3133; x_wconf 85' lang='lat' dir='ltr'><strong>aeduin</strong></span> <span class='ocrx_word' id='word_1_225' title='bbox 1052 3072 1183 3132; x_wconf 75' lang='lat' dir='ltr'><strong>conoide</strong></span> 
     </span>
     <span class='ocr_line' id='line_1_29' title="bbox 112 3170 1182 3248; baseline -0.002 -18"><span class='ocrx_word' id='word_1_226' title='bbox 112 3174 236 3233; x_wconf 87' lang='lat' dir='ltr'><strong>randum</strong></span> <span class='ocrx_word' id='word_1_227' title='bbox 254 3180 299 3234; x_wconf 85' lang='lat' dir='ltr'><strong>eet</strong></span> <span class='ocrx_word' id='word_1_228' title='bbox 320 3179 418 3233; x_wconf 88' lang='lat' dir='ltr'><strong>utrum</strong></span> <span class='ocrx_word' id='word_1_229' title='bbox 436 3176 513 3232; x_wconf 87' lang='lat' dir='ltr'><strong>inter</strong></span> <span class='ocrx_word' id='word_1_230' title='bbox 529 3187 579 3247; x_wconf 85' lang='lat' dir='ltr'><strong>aa,</strong></span> <span class='ocrx_word' id='word_1_231' title='bbox 601 3187 654 3248; x_wconf 91' lang='lat' dir='ltr'><strong>pru</strong></span> <span class='ocrx_word' id='word_1_232' title='bbox 672 3172 779 3248; x_wconf 78' lang='lat' dir='ltr'><strong>quibas</strong></span> <span class='ocrx_word' id='word_1_233' title='bbox 796 3173 970 3246; x_wconf 84' lang='lat' dir='ltr'><strong>instituitur,</strong></span> <span class='ocrx_word' id='word_1_234' title='bbox 993 3185 1063 3230; x_wconf 87' lang='lat' dir='ltr'><strong>vera</strong></span> <span class='ocrx_word' id='word_1_235' title='bbox 1081 3170 1182 3230; x_wconf 88' lang='lat' dir='ltr'><strong>eimiti·</strong></span> 
     </span>
     <span class='ocr_line' id='line_1_30' title="bbox 112 3267 1181 3347; baseline -0.002 -19"><span class='ocrx_word' id='word_1_236' title='bbox 112 3269 183 3328; x_wconf 84' lang='lat' dir='ltr'><strong>tado</strong></span> <span class='ocrx_word' id='word_1_237' title='bbox 200 3278 251 3330; x_wconf 90' lang='lat' dir='ltr'><strong>aut</strong></span> <span class='ocrx_word' id='word_1_238' title='bbox 269 3273 415 3347; x_wconf 85' lang='lat' dir='ltr'><strong>proportio</strong></span> <span class='ocrx_word' id='word_1_239' title='bbox 439 3271 536 3346; x_wconf 83' lang='lat' dir='ltr'><strong>rigeat</strong></span> <span class='ocrx_word' id='word_1_240' title='bbox 556 3285 656 3328; x_wconf 86' lang='lat' dir='ltr'><strong>necne.</strong></span> <span class='ocrx_word' id='word_1_241' title='bbox 674 3271 755 3343; x_wconf 86' lang='lat' dir='ltr'><strong>Quae</strong></span> <span class='ocrx_word' id='word_1_242' title='bbox 774 3270 903 3346; x_wconf 88' lang='lat' dir='ltr'><strong>proiecto</strong></span> <span class='ocrx_word' id='word_1_243' title='bbox 918 3269 986 3328; x_wconf 81' lang='lat' dir='ltr'><strong>tatis</strong></span> <span class='ocrx_word' id='word_1_244' title='bbox 1002 3285 1067 3328; x_wconf 89' lang='lat' dir='ltr'><strong>eeec</strong></span> <span class='ocrx_word' id='word_1_245' title='bbox 1083 3267 1181 3342; x_wconf 79' lang='lat' dir='ltr'><strong>debet,</strong></span> 
     </span>
     <span class='ocr_line' id='line_1_31' title="bbox 113 3367 1183 3446; baseline -0.003 -20"><span class='ocrx_word' id='word_1_246' title='bbox 113 3375 147 3427; x_wconf 86' lang='lat' dir='ltr'><strong>at</strong></span> <span class='ocrx_word' id='word_1_247' title='bbox 177 3367 215 3426; x_wconf 84' lang='lat' dir='ltr'><strong>ad</strong></span> <span class='ocrx_word' id='word_1_248' title='bbox 242 3368 318 3427; x_wconf 82' lang='lat' dir='ltr'><strong>idem</strong></span> <span class='ocrx_word' id='word_1_249' title='bbox 343 3368 520 3428; x_wconf 81' lang='lat' dir='ltr'><strong>attributum</strong></span> <span class='ocrx_word' id='word_1_250' title='bbox 544 3371 676 3446; x_wconf 80' lang='lat' dir='ltr'><strong>utrisque</strong></span> <span class='ocrx_word' id='word_1_251' title='bbox 698 3367 915 3427; x_wconf 80' lang='lat' dir='ltr'><strong>eoncedendum</strong></span> <span class='ocrx_word' id='word_1_252' title='bbox 941 3374 994 3427; x_wconf 89' lang='lat' dir='ltr'><strong>ant</strong></span> <span class='ocrx_word' id='word_1_253' title='bbox 1017 3367 1183 3442; x_wconf 74' lang='lat' dir='ltr'><strong>negancium</strong></span> 
     </span>
     <span class='ocr_line' id='line_1_32' title="bbox 111 3465 1181 3544; baseline -0.004 -18"><span class='ocrx_word' id='word_1_254' title='bbox 111 3465 252 3526; x_wconf 81' lang='lat' dir='ltr'><strong>sufficiat.</strong></span> <span class='ocrx_word' id='word_1_255' title='bbox 271 3466 354 3539; x_wconf 80' lang='lat' dir='ltr'><strong>Quod</strong></span> <span class='ocrx_word' id='word_1_256' title='bbox 372 3470 441 3544; x_wconf 88' lang='lat' dir='ltr'><strong>qnia</strong></span> <span class='ocrx_word' id='word_1_257' title='bbox 466 3467 586 3526; x_wconf 78' lang='lat' dir='ltr'><strong>diffinite</strong></span> <span class='ocrx_word' id='word_1_258' title='bbox 608 3467 686 3525; x_wconf 89' lang='lat' dir='ltr'><strong>iacta</strong></span> <span class='ocrx_word' id='word_1_259' title='bbox 706 3472 768 3541; x_wconf 84' lang='lat' dir='ltr'><strong>est,</strong></span> <span class='ocrx_word' id='word_1_260' title='bbox 791 3467 900 3525; x_wconf 86' lang='lat' dir='ltr'><strong>idcireo</strong></span> <span class='ocrx_word' id='word_1_261' title='bbox 920 3465 1012 3524; x_wconf 80' lang='lat' dir='ltr'><strong>enimn</strong></span> <span class='ocrx_word' id='word_1_262' title='bbox 1034 3466 1181 3523; x_wconf 83' lang='lat' dir='ltr'><strong>coniectu·</strong></span> 
     </span>
     <span class='ocr_line' id='line_1_33' title="bbox 109 3563 851 3640; baseline -0.001 -18"><span class='ocrx_word' id='word_1_263' title='bbox 109 3581 174 3624; x_wconf 89' lang='lat' dir='ltr'><strong>rum</strong></span> <span class='ocrx_word' id='word_1_264' title='bbox 195 3563 267 3621; x_wconf 86' lang='lat' dir='ltr'><strong>haee</strong></span> <span class='ocrx_word' id='word_1_265' title='bbox 286 3565 466 3623; x_wconf 88' lang='lat' dir='ltr'><strong>ratiocinatio</strong></span> <span class='ocrx_word' id='word_1_266' title='bbox 489 3565 657 3640; x_wconf 88' lang='lat' dir='ltr'><strong>pierumque</strong></span> <span class='ocrx_word' id='word_1_267' title='bbox 676 3564 851 3639; x_wconf 88' lang='lat' dir='ltr'><strong>suppeditat.</strong></span> 
     </span>
    </p>
   </div>
   <div class='ocr_carea' id='block_1_5' title="bbox 171 3771 1178 3837">
    <p class='ocr_par' dir='ltr' id='par_1_7' title="bbox 171 3771 1178 3837">
     <span class='ocr_line' id='line_1_34' title="bbox 171 3771 1178 3837; baseline -0.005 -11"><span class='ocrx_word' id='word_1_268' title='bbox 171 3775 179 3826; x_wconf 91' lang='lat' dir='ltr'><strong>i</strong></span> <span class='ocrx_word' id='word_1_269' title='bbox 197 3775 326 3825; x_wconf 73' lang='lat' dir='ltr'><strong>titemuti</strong></span> <span class='ocrx_word' id='word_1_270' title='bbox 340 3774 367 3824; x_wconf 84' lang='lat' dir='ltr'><strong>di</strong></span> <span class='ocrx_word' id='word_1_271' title='bbox 384 3771 521 3835; x_wconf 67' lang='lat' dir='ltr'><strong>ittoaufim</strong></span> <span class='ocrx_word' id='word_1_272' title='bbox 534 3777 627 3837; x_wconf 65' lang='lat' dir='ltr'><strong>torma</strong></span> <span class='ocrx_word' id='word_1_273' title='bbox 643 3789 696 3837; x_wconf 83' lang='lat' dir='ltr'><strong>cap.</strong></span> <span class='ocrx_word' id='word_1_274' title='bbox 714 3779 737 3834; x_wconf 79' lang='lat'><strong>4,</strong></span> <span class='ocrx_word' id='word_1_275' title='bbox 755 3780 800 3826; x_wconf 87' lang='lat' dir='ltr'><strong>art.</strong></span> <span class='ocrx_word' id='word_1_276' title='bbox 816 3783 824 3825; x_wconf 85' lang='grc'>1</span> <span class='ocrx_word' id='word_1_277' title='bbox 842 3785 895 3825; x_wconf 82' lang='lat' dir='ltr'><strong>ea.</strong></span> <span class='ocrx_word' id='word_1_278' title='bbox 912 3777 972 3823; x_wconf 77' lang='lat' dir='ltr'><strong>itero</strong></span> <span class='ocrx_word' id='word_1_279' title='bbox 990 3786 1043 3836; x_wconf 84' lang='lat' dir='ltr'><strong>cap.</strong></span> <span class='ocrx_word' id='word_1_280' title='bbox 1058 3781 1082 3833; x_wconf 76' lang='lat' dir='ltr'><strong>u,</strong></span> <span class='ocrx_word' id='word_1_281' title='bbox 1097 3778 1143 3822; x_wconf 84' lang='lat' dir='ltr'><strong>ert.</strong></span> <span class='ocrx_word' id='word_1_282' title='bbox 1156 3783 1178 3821; x_wconf 77' lang='lat' dir='ltr'><strong>a.</strong></span> 
     </span>
    </p>
   </div>
   <div class='ocr_carea' id='block_1_6' title="bbox 533 3997 763 4008">
    <p class='ocr_par' dir='ltr' id='par_1_8' title="bbox 533 3997 763 4008">
     <span class='ocr_line' id='line_1_35' title="bbox 533 3997 763 4008; baseline 0.009 -2"><span class='ocrx_word' id='word_1_283' title='bbox 533 3997 763 4008; x_wconf 62' lang='grc' dir='ltr'><strong>-ο--ι-α-ι-ι-η</strong></span> 
     </span>
    </p>
   </div>
   <div class='ocr_carea' id='block_1_7' title="bbox 0 0 1450 4425">
    <p class='ocr_par' dir='ltr' id='par_1_9' title="bbox 0 0 1450 4425">
     <span class='ocr_line' id='line_1_36' title="bbox 0 0 1450 4425; baseline 0 5"><span class='ocrx_word' id='word_1_284' title='bbox 0 0 1450 4425; x_wconf 95' lang='lat' dir='ltr'><strong> </strong></span> 
     </span>
    </p>
   </div>
  </div>
 </body>
</html>
