2892 4425
537 371 592 414 san
614 371 791 416 earonoon
855 351 868 362 “
1141 367 1198 420 iit

128 487 258 560 indietis,
268 499 368 543 eorum
389 483 550 544 abeoimm
567 484 766 544 nenessitatem
787 486 982 558 pronuntiare.
996 485 1035 545 ir
1047 501 1117 546 vero
1132 502 1199 562 pro-

128 586 277 645 nuntiatio
300 584 405 641 mentis
431 597 499 641 cum
523 583 588 656 ipso
612 582 765 640 intuitione
790 580 989 644 eoahnditur.
1019 583 1096 662 Ergo
1119 599 1201 644 mens

127 683 329 742 nenessitatem
351 679 456 740 horum
479 680 651 739 indiciorum
673 680 852 756 euolutam,
873 681 929 742 hoe
949 684 1013 759 ipso
1038 682 1115 760 qued
1137 697 1202 759 pro·

127 783 263 854 nuntiat,
277 784 438 837 contuetur.
455 777 512 837 Sed
526 777 649 854 iudicia,
663 794 786 854 queam
803 781 956 839 necesitas
978 787 1073 840 mente
1090 781 1202 854 conspi-

127 881 219 953 citur,
237 880 268 935 in
290 877 501 954 analyticorum
522 883 591 935 aunt
611 893 742 935 numero.
758 877 835 954 Ergo
855 879 911 936 nisi
934 878 1013 938 Ksnt
1030 893 1127 937 mum
1139 880 1201 954 ipae

130 990 263 1052 pugnare
276 975 358 1051 veiit,
370 973 453 1033 fateri
466 977 581 1050 cogitur
599 974 717 1049 iudicis,
733 989 807 1051 quae
824 973 992 1054 multoties
1004 993 1024 1034 a
1035 978 1132 1054 priori
1146 991 1199 1036 no·

129 1077 236 1150 minat,
253 1089 319 1133 cum
336 1073 490 1150 analyticis
505 1075 670 1132 convenire.
686 1073 746 1132 Nee
762 1089 830 1133 vero
843 1073 1008 1150 exemplum
1022 1075 1201 1149 monentiati

129 1172 227 1232 iiiius:
242 1169 387 1248 quidquid
394 1171 446 1248 fit,
460 1187 580 1230 mamam
597 1169 697 1246 habet,
712 1171 821 1230 Kantio
836 1171 995 1248 quidquam
1011 1169 1200 1247 suffragatur.

129 1270 275 1330 cordatus
291 1271 369 1328 enim
388 1271 510 1350 quisque
530 1271 666 1346 perspicit
687 1269 826 1330 iudicium
843 1269 983 1329 eiusmodi
1002 1271 1032 1328 in
1047 1269 1203 1346 analyticis

130 1367 253 1442 unbem,
272 1365 505 1443 quandoquidem
525 1369 556 1425 in
581 1369 646 1442 ipso
669 1366 706 1427 ad
727 1369 872 1427 notionem
893 1367 1048 1444 praediesti
1072 1366 1203 1427 subiecto

130 1464 315 1525 tribuendam
332 1481 406 1540 opus
428 1481 485 1522 non
503 1471 548 1524 est
564 1471 734 1540 conceptum
755 1465 990 1543 subiectiegredi
1009 1481 1043 1524 ae
1060 1459 1201 1524 dmmere.

132 1563 170 1621 Et
182 1579 215 1622 re
231 1579 302 1621 sane
319 1578 399 1638 vera,
412 1563 483 1638 quid
498 1563 578 1622 aiiud
595 1563 651 1622 sibi
671 1564 734 1622 ruit
753 1565 815 1623 das
834 1563 912 1641 qaod
923 1565 976 1642 fit,
997 1579 1047 1624 seu
1066 1560 1199 1641 effecisse,

132 1665 230 1737 notio,
249 1663 305 1719 nisi
322 1661 400 1737 quod
418 1660 536 1720 reaiitaa
552 1675 611 1720 nno
628 1669 713 1720 antee
728 1677 786 1721 non
804 1665 931 1746 exotene
941 1669 1055 1723 exstare
1072 1663 1202 1738 incipiat,

132 1765 220 1835 atque
236 1759 324 1835 (qnod
340 1759 415 1818 idem
433 1759 527 1836 sonat)
541 1762 723 1820 existentiam
742 1777 825 1820 snum
844 1760 882 1822 ab
896 1762 964 1837 clio,
980 1765 1083 1820 nature
1098 1759 1200 1820 saitem

132 1861 214 1934 prins
239 1860 401 1933 existente,
427 1858 599 1918 mutuetur?
623 1857 707 1917 Certe
734 1861 834 1936 nequit
857 1858 1004 1934 quidpiam
1029 1857 1203 1934 perfectione

131 1957 209 2030 nitu,
229 1969 289 2030 qna
309 1971 429 2030 prorsus
446 1961 543 2031 earet,
561 1969 730 2033 augescere,
750 1958 821 2033 quin
841 1971 904 2015 eam
925 1955 963 2016 ab
983 1955 1041 2014 uilo
1060 1957 1201 2030 recipiat;

132 2069 201 2114 enm
218 2051 344 2111 niniiam
360 2051 433 2110 nihii
452 2052 510 2112 det.
532 2052 619 2112 Sanus
632 2056 761 2113 carentia
773 2053 911 2112 muium
926 2051 1084 2112 reaiitatem
1103 2052 1201 2128 gigne·

132 2157 196 2228 ret,
208 2158 296 2228 atque
306 2150 373 2210 ideo
392 2153 508 2229 negatio
521 2159 657 2229 aequaret
669 2153 852 2229 positionem.
869 2151 913 2210 Eu
926 2151 1043 2210 notione
1056 2149 1145 2226 igitur
1159 2149 1200 2208 ei·

132 2251 228 2309 temne
238 2250 381 2309 evolvitur
392 2252 471 2309 notio
484 2252 645 2327 exigentiae
653 2251 805 2311 cniusdam
820 2266 924 2309 causae
937 2264 1011 2326 qnae
1027 2248 1067 2307 iiii
1077 2248 1203 2307 exhon-

136 2348 210 2404 tiam
229 2346 347 2407 innuat.
369 2346 446 2423 Ergo
462 2349 492 2406 in
513 2350 660 2427 pmampio
678 2349 865 2409 eomaiitetis
885 2364 921 2407 ex
947 2350 1063 2407 notione
1083 2343 1204 2405 subiecti

133 2443 278 2503 avoiritnr
296 2447 378 2504 notio
401 2446 579 2523 praedicati,
603 2447 681 2523 quod
704 2462 755 2522 per
774 2448 868 2523 ipsum
891 2444 970 2505 liunt
989 2445 1138 2521 proprium
1159 2448 1205 2503 est

134 2542 306 2601 inditionum
324 2542 549 2621 anoiytieerum.

292 2780 301 2797 .
318 2745 475 2818 empta,
498 2762 573 2820 pace
589 2752 670 2806 Karai
685 2748 823 2818 adducit,
843 2744 1023 2819 refellantur.

194 2944 246 2994 ei.
265 2934 306 2995 Ut
322 2936 435 3012 pimim
453 2939 533 2999 Kant
553 2940 713 3016 reiutetnr,
734 2942 876 3016 optimum
898 2940 978 2999 iaetu
997 2940 1052 2998 erit
1072 2940 1204 3015 exempta

136 3036 245 3110 mam,
270 3049 346 3110 qnae
362 3052 399 3093 ex
418 3038 541 3114 singuiis
565 3042 673 3113 promit
691 3040 837 3117 amentiis,
861 3042 891 3097 iu
910 3053 1030 3098 examen
1052 3037 1203 3097 adducere.
1321 3030 1324 3035 ’

136 3130 166 3189 is
193 3133 284 3209 igitur
315 3134 345 3190 in
366 3136 466 3209 primia
485 3138 588 3195 asserit
617 3136 771 3196 mathesim
792 3152 895 3213 purum
913 3139 944 3195 iu
959 3136 1073 3197 iudiciis
1090 3135 1207 3213 synthe-

137 3230 201 3289 tieia
225 3246 243 3289 a
269 3231 358 3305 priori
378 3237 472 3291 totam
495 3234 622 3310 sermm
642 3234 830 3311 produntque
852 3236 1015 3312 exemplum
1038 3250 1091 3309 pm
1112 3232 1206 3292 Arith-

138 3330 241 3388 metiea
264 3326 386 3389 effatum
410 3330 483 3389 hoc:
508 3332 635 3408 potaque
654 3332 727 3409 pios
750 3338 857 3411 septem
882 3337 1011 3412 aequam
1037 3330 1206 3405 doudecim

137 3426 215 3501 qued
232 3426 373 3487 iudicium
400 3428 471 3489 dicit
492 3445 551 3488 oen
574 3444 637 3489 esse
659 3433 842 3508 empiricam,
862 3434 970 3509 quippe
988 3445 1056 3491 cum
1074 3430 1207 3489 notitiem

137 3526 256 3583 omuino
270 3529 461 3589 nenemariem
475 3528 632 3587 contineat.
651 3528 712 3588 Nee
724 3544 788 3589 essa
801 3530 998 3608 anniytien‘m3
1012 3529 1082 3604 quia
1096 3528 1207 3587 numeri

137 3620 263 3681 duodeni
283 3630 441 3701 eonoeptus
466 3640 524 3684 noo
545 3624 611 3685 ideo
633 3634 730 3686 mente
754 3626 949 3704 informatur,
974 3626 1053 3702 pund
1075 3632 1208 3703 septenos

139 3721 300 3796 qmnosqne
315 3722 402 3783 amni
423 3725 538 3783 iunctos
557 3722 764 3801 eoiiigetosque
784 3727 956 3802 cogitamus.
979 3724 1036 3786 Sed
1053 3739 1126 3802 opus
1146 3740 1209 3784 esse

138 3818 179 3876 uit
189 3834 324 3877 summae
334 3819 414 3881 iiiios
426 3828 597 3898 conceptum
610 3822 742 3883 demere
752 3866 761 3899 ,
772 3831 860 3901 atque
870 3824 907 3885 sd
920 3832 1071 3885 exterum
1082 3826 1208 3901 unigrare

22 3941 23 3986 3
141 3913 373 3992 adminiculum,
401 3917 542 3979 velutad
568 3919 674 3995 digitos
697 3924 803 3997 quinos
829 3922 939 3983 autad
963 3928 1070 3998 puncta
1095 3922 1207 3996 quina,

139 4014 222 4073 cutm
239 4016 365 4089 quinarii
389 4018 515 4075 unitates
534 4016 708 4092 pedetentim
729 4021 891 4097 septenario
908 4018 1076 4079 adiicientes
1099 4016 1207 4077 dunde-
