2892 4425
424 379 501 424 PARS
523 379 640 428 Abfflb
663 395 675 410 ·
697 379 915 428 ”tunoleum
1154 373 1211 426 tit

541 591 675 660 Struma
692 590 806 646 Koatlt.

49 857 55 863 .
198 792 269 844 iti.
291 782 463 843 Patriurcba
478 781 527 842 bic
546 785 738 844 rationallsmi
760 789 888 862 genesim
902 794 930 847 et
944 789 1022 865 leges
1037 791 1213 866 cognitionis

134 884 281 943 bummae
299 879 544 966 uansoenilentali
561 881 698 942 methorlo
714 885 864 961 inquirens
885 885 1093 946 animadvertit
1112 903 1213 948 conee-

136 987 204 1056 ptus
234 985 350 1038 nostros
368 993 405 1037 ex
434 977 549 1038 (luobus
574 980 666 1038 velmi
687 979 809 1040 oonilari
834 982 1003 1058 elementis;
1025 999 1150 1059 quorum
1172 985 1214 1043 el·

134 1085 230 1136 terum
249 1078 431 1136 extrinsecus
452 1075 584 1152 micuit,
607 1091 659 1136 sou
685 1093 722 1136 es
750 1078 863 1139 obiecto
889 1081 968 1156 quoti
991 1081 1063 1140 ioris
1085 1087 1148 1158 est3
1170 1082 1214 1140 ai·

137 1180 233 1234 terum
254 1175 431 1235 intrinsecus
447 1174 592 1250 exsurgit,
609 1189 661 1233 seu
683 1192 721 1234 er
746 1179 810 1252 ipso
837 1175 967 1237 subiecto
988 1177 1067 1254 qnod
1092 1181 1212 1254 cogitat.
1289 1215 1292 1220 -

135 1270 268 1330 Primum
287 1270 446 1346 appellarit
464 1273 632 1345 mumma,
653 1273 816 1332 secundum
836 1289 905 1334 vero
919 1271 1052 1350 somnum
1075 1277 1215 1354 cognitio

135 1369 194 1429 nis.
215 1367 263 1427 Ao
281 1367 359 1428 banc
377 1368 468 1443 igitur
488 1368 641 1428 formalem
660 1375 855 1446 eoneeptunm
877 1377 988 1448 purtem
1010 1373 1213 1450 detegendam,

4 1501 8 1508 ·
135 1481 213 1542 quae
232 1465 271 1524 ab
290 1466 354 1541 ipso
373 1465 473 1523 animo
492 1467 627 1540 provenit
639 1471 670 1525 et
683 1483 700 1525 a
715 1470 806 1542 priori
827 1470 857 1526 in
879 1465 963 1528 nobis
983 1477 1039 1546 est,
1060 1477 1152 1530 totum
1172 1475 1214 1531 ln·

136 1563 359 1638 vestigationem
378 1563 533 1620 convertit.
550 1563 648 1638 Atque
664 1572 698 1624 ut
715 1564 820 1640 quida
842 1569 929 1642 priori
950 1569 981 1626 ln
1002 1568 1086 1628 nobis
1106 1575 1152 1629 est
1171 1569 1215 1630 ‹li-

135 1660 304 1736 stingnatur
317 1658 356 1718 ab
367 1673 403 1718 eo
421 1659 500 1735 qnod
519 1661 650 1736 procedit
668 1661 707 1721 ab
726 1665 917 1741 experientia,
933 1664 987 1725 bas
1005 1667 1214 1728 elementorum

136 1757 265 1834 aspriora·
283 1758 435 1816 constituit
453 1763 554 1816 notas:
576 1760 828 1820 universalitatem
848 1768 877 1821 et
893 1765 1104 1824 amenitatem.

199 1853 253 1913 llis
273 1855 425 1930 positis,n
454 1855 649 1914 sensibilitate·
670 1858 823 1918 exordium
848 1859 933 1936 faclt3
959 1863 1037 1922 cirea
1055 1876 1144 1938 quum
1164 1863 1217 1924 ob-

137 1951 362 2012 servatobieeta
376 1967 515 2011 sensuum
537 1959 724 2014 externorum
747 1956 838 2015 veluti
861 1958 890 2014 in
905 1961 1000 2034 spatio
1013 1961 1109 2034 posita
1132 1961 1217 2022 nobis

138 2051 359 2127 repraesentari,
369 2049 457 2126 idque
467 2056 549 2110 tanta
562 2055 745 2129 necessitate,
756 2059 788 2114 ut
801 2055 915 2112 ebamsl
928 2053 1055 2114 mundus
1067 2055 1217 2131 adspecta·

138 2146 207 2208 blils
228 2150 258 2206 in
278 2147 404 2206 nibilum
426 2147 587 2226 redigatur,
607 2151 833 2226 repraesentatio
852 2155 950 2208 tamen
972 2151 1058 2225 spatii
1076 2150 1164 2212 nullis
1182 2151 1217 2212 li·

138 2246 260 2306 mitibus
279 2246 492 2321 circumscripti
514 2247 544 2304 in
567 2246 651 2307 nobis
672 2249 792 2307 omnino
815 2248 950 2323 supersit.
966 2246 1097 2324 itemque
1117 2262 1216 2309 sense·

138 2346 234 2403 dones
255 2345 387 2405 internas
407 2346 593 2403 successione
612 2344 740 2420 quedam
762 2360 813 2405 seu
834 2352 963 2421 tempore
986 2345 1108 2405 allectas
1134 2346 1218 2406 nobis

138 2441 248 2518 obiicl3
271 2444 313 2501 ita
332 2448 367 2501 ut
388 2443 414 2501 si
434 2441 472 2501 ab
491 2444 529 2501 iis
548 2445 755 2519 cogitationem
779 2442 996 2519 abstrahamus,
1020 2440 1216 2518 ‘repraesenta-

138 2542 183 2600 tio
195 2546 294 2599 tamen
309 2542 512 2615 successionis,
526 2536 643 2615 tempus
657 2538 840 2599 indefinitum
858 2538 1073 2615 constituentis,
1089 2546 1216 2600 maneat.

137 2636 272 2712 Spatium
293 2638 384 2713 igitur
405 2643 434 2696 et
454 2642 569 2713 tempus
590 2636 626 2696 ad
648 2635 800 2695 formalem
821 2635 996 2714 cognitionis
1021 2643 1133 2713 purtem
1153 2652 1218 2712 spe·

137 2738 221 2793 ctare
240 2732 379 2810 decernit,
406 2740 493 2810 atque
516 2736 643 2809 aptiori
668 2732 753 2793 nobis
773 2735 878 2793 inesse.
903 2734 975 2794 Cum
997 2736 1095 2810 itaque
1111 2732 1149 2792 ab
1169 2748 1218 2792 ex·

137 2834 281 2909 perienila
306 2847 366 2890 non
397 2832 558 2908 pendeant,
583 2834 730 2916 nominari
757 2838 895 2909 poterunt
923 2834 1095 2893 intuitiones
1124 2828 1218 2912 purae

137 2932 231 3007 spatii
258 2938 288 2989 et
313 2933 469 3007 temporis3
489 2937 576 3007 atque
606 2933 700 3007 prima
724 2938 877 3007 tamquam
898 2929 993 2990 forma
1018 2931 1217 2993 sensibilitatis

136 3034 291 3104 eatemae,
312 3027 405 3087 altera
431 3035 466 3087 ut
485 3028 580 3087 formu
602 3028 802 3088 sensibilitatis
823 3029 955 3087 internae
975 3028 1110 3089 habenda
1130 3032 1196 3089 erit.
1306 3046 1313 3061 ¹

199 3125 240 3186 it
255 3128 285 3184 in
306 3125 457 3186 sentiendo
477 3128 586 3202 potitur
607 3129 734 3185 animus.
759 3126 803 3185 Er
822 3124 936 3185 inilnxu
957 3130 1035 3186 enim
1056 3130 1096 3187 rel
1121 3132 1216 3186 exter·

136 3238 193 3284 nae
212 3224 323 3299 ailquid
344 3224 457 3299 recipit,
469 3225 516 3283 cui
529 3224 604 3283 (luas
624 3223 691 3282 illas
709 3223 911 3283 sensibilitatis
923 3224 1034 3284 formas
1050 3227 1077 3283 vi
1094 3231 1216 3283 naturae

136 3320 325 3398 adiungens,
347 3322 474 3379 visiones
502 3320 640 3380 ciiormat
658 3322 835 3397 empiricos,
858 3336 933 3397 quae
955 3328 1054 3381 tumen
1074 3321 1215 3379 iudicium

135 3418 251 3479 nullum
266 3417 416 3493 praebent.
438 3418 479 3477 llt
499 3421 597 3495 ltaque
617 3419 654 3477 ad
675 3434 709 3475 ea
724 3461 733 3493 ,
751 3420 780 3476 in
802 3418 909 3493 quibus
930 3432 988 3475 non
1011 3420 1068 3477 inm
1092 3420 1217 3501 visiones

135 3516 188 3575 seul
208 3524 365 3593 conceptus
383 3532 480 3575 rerum
495 3521 694 3591 eontinentur,
715 3518 878 3591 veniamus,
892 3515 984 3574 altius
1004 3515 1216 3591 assurgendum

135 3618 200 3690 est3
213 3617 353 3673 nimirum
370 3613 516 3689 adipsum
534 3616 714 3673 activitutem
730 3615 820 3671 animi
834 3628 910 3687 quae
924 3614 954 3670 in
973 3613 1120 3671 intellectu
1144 3614 1218 3670 inest

90 3772 96 3781 ,
135 3718 168 3770 et
197 3728 250 3787 per
279 3711 437 3787 iudicium,
458 3709 536 3786 quod
565 3709 753 3785 conceptibus
773 3714 906 3785 constat,
929 3716 1088 3768 exercetur.
1123 3706 1219 3783 Atque

136 3814 172 3867 ut
190 3814 304 3884 partem
324 3808 479 3868 formatem
500 3814 692 3883 conceptuum
716 3815 883 3865 nostrorum
909 3805 1090 3883 detegamus,
1112 3819 1218 3879 expen-

135 3906 206 3967 dere
224 3905 369 3981 oportebit
388 3923 438 3966 eas
459 3906 581 3984 iormas,
602 3905 708 3981 quibus
730 3906 893 3964 uecemarlo
913 3908 1018 3964 mentis
1040 3901 1216 3963 iudiciove

136 4004 276 4063 suuntur.
300 4002 363 4081 lige
381 4020 460 4065 nunc
479 4005 534 4065 etsi
548 4005 698 4083 ignoretur
714 4000 864 4080 quodnam
881 4001 1027 4061 obiectum
1041 3994 1149 4059 indicia
1163 4009 1215 4056 uo·
