<?xml version="1.0" encoding="UTF-8"?>
<!DOCTYPE html PUBLIC "-//W3C//DTD XHTML 1.0 Transitional//EN"
    "http://www.w3.org/TR/xhtml1/DTD/xhtml1-transitional.dtd">
<html xmlns="http://www.w3.org/1999/xhtml" xml:lang="en" lang="en">
 <head>
  <title>
</title>
<meta http-equiv="Content-Type" content="text/html;charset=utf-8" />
  <meta name='ocr-system' content='tesseract 3.04.00' />
  <meta name='ocr-capabilities' content='ocr_page ocr_carea ocr_par ocr_line ocrx_word'/>
</head>
<body>
  <div class='ocr_page' id='page_1' title='image "./institutionesph01libegoog_0203.png"; bbox 0 0 2892 4425; ppageno 0'>
   <div class='ocr_carea' id='block_1_1' title="bbox 539 372 1201 448">
    <p class='ocr_par' dir='ltr' id='par_1_1' title="bbox 539 372 1201 448">
     <span class='ocr_line' id='line_1_1' title="bbox 539 372 1201 448; baseline -0.008 -22"><span class='ocrx_word' id='word_1_1' title='bbox 539 385 594 444; x_wconf 78' lang='lat' dir='ltr'><strong>sau</strong></span> <span class='ocrx_word' id='word_1_2' title='bbox 617 384 796 427; x_wconf 76' lang='lat' dir='ltr'><strong>osroeours</strong></span> <span class='ocrx_word' id='word_1_3' title='bbox 1093 435 1099 448; x_wconf 29' lang='grc' dir='ltr'>ἱ</span> <span class='ocrx_word' id='word_1_4' title='bbox 1149 372 1201 422; x_wconf 79' lang='lat' dir='ltr'><strong>ibi</strong></span> 
     </span>
    </p>
   </div>
   <div class='ocr_carea' id='block_1_2' title="bbox 121 485 1229 1445">
    <p class='ocr_par' dir='ltr' id='par_1_2' title="bbox 121 485 1205 767">
     <span class='ocr_line' id='line_1_2' title="bbox 121 485 1205 570; baseline -0.008 -13"><span class='ocrx_word' id='word_1_5' title='bbox 121 487 258 557; x_wconf 76' lang='lat' dir='ltr'><strong>ordinem</strong></span> <span class='ocrx_word' id='word_1_6' title='bbox 270 497 354 554; x_wconf 76' lang='lat' dir='ltr'><strong>‘entis</strong></span> <span class='ocrx_word' id='word_1_7' title='bbox 374 495 569 570; x_wconf 78' lang='lat' dir='ltr'><strong>contingentis</strong></span> <span class='ocrx_word' id='word_1_8' title='bbox 583 501 612 553; x_wconf 90' lang='lat' dir='ltr'><strong>et</strong></span> <span class='ocrx_word' id='word_1_9' title='bbox 625 485 822 569; x_wconf 77' lang='lat' dir='ltr'><strong>finiti3‘proat</strong></span> <span class='ocrx_word' id='word_1_10' title='bbox 841 493 953 550; x_wconf 83' lang='lat' dir='ltr'><strong>notioni</strong></span> <span class='ocrx_word' id='word_1_11' title='bbox 974 491 1016 550; x_wconf 92' lang='lat' dir='ltr'><strong>iiii</strong></span> <span class='ocrx_word' id='word_1_12' title='bbox 1038 489 1205 550; x_wconf 86' lang='lat' dir='ltr'><strong>abstractis·</strong></span> 
     </span>
     <span class='ocr_line' id='line_1_3' title="bbox 122 583 1203 668; baseline -0.007 -13"><span class='ocrx_word' id='word_1_13' title='bbox 122 599 218 656; x_wconf 87' lang='lat' dir='ltr'><strong>simae</strong></span> <span class='ocrx_word' id='word_1_14' title='bbox 243 597 390 653; x_wconf 88' lang='lat' dir='ltr'><strong>notionem</strong></span> <span class='ocrx_word' id='word_1_15' title='bbox 420 583 660 666; x_wconf 83' lang='lat' dir='ltr'><strong>independentiae</strong></span> <span class='ocrx_word' id='word_1_16' title='bbox 685 598 773 668; x_wconf 88' lang='lat' dir='ltr'><strong>atque</strong></span> <span class='ocrx_word' id='word_1_17' title='bbox 800 591 864 650; x_wconf 88' lang='lat' dir='ltr'><strong>ideo</strong></span> <span class='ocrx_word' id='word_1_18' title='bbox 887 593 1033 650; x_wconf 70' lang='lat' dir='ltr'>carentiae</span> <span class='ocrx_word' id='word_1_19' title='bbox 1056 589 1203 665; x_wconf 88' lang='lat' dir='ltr'><strong>limitum,</strong></span> 
     </span>
     <span class='ocr_line' id='line_1_4' title="bbox 125 689 824 767; baseline -0.011 -14"><span class='ocrx_word' id='word_1_20' title='bbox 125 701 180 753; x_wconf 87' lang='lat' dir='ltr'><strong>ant</strong></span> <span class='ocrx_word' id='word_1_21' title='bbox 197 691 405 767; x_wconf 82' lang='lat' dir='ltr'><strong>dependentiae</strong></span> <span class='ocrx_word' id='word_1_22' title='bbox 426 697 456 748; x_wconf 89' lang='lat' dir='ltr'><strong>et</strong></span> <span class='ocrx_word' id='word_1_23' title='bbox 476 690 659 748; x_wconf 72' lang='lat' dir='ltr'><strong>limitationis</strong></span> <span class='ocrx_word' id='word_1_24' title='bbox 679 689 824 764; x_wconf 87' lang='lat' dir='ltr'><strong>adiungit.</strong></span> 
     </span>
    </p>

    <p class='ocr_par' dir='ltr' id='par_1_3' title="bbox 125 782 1229 1445">
     <span class='ocr_line' id='line_1_5' title="bbox 188 782 1205 860; baseline -0.006 -12"><span class='ocrx_word' id='word_1_25' title='bbox 188 799 238 848; x_wconf 79' lang='lat' dir='ltr'><strong>ai.</strong></span> <span class='ocrx_word' id='word_1_26' title='bbox 260 789 416 847; x_wconf 75' lang='lat' dir='ltr'><strong>Notionem</strong></span> <span class='ocrx_word' id='word_1_27' title='bbox 440 785 548 844; x_wconf 85' lang='lat' dir='ltr'><strong>infiniti</strong></span> <span class='ocrx_word' id='word_1_28' title='bbox 573 787 781 860; x_wconf 83' lang='lat' dir='ltr'><strong>simplicissimi</strong></span> <span class='ocrx_word' id='word_1_29' title='bbox 806 791 835 842; x_wconf 90' lang='lat' dir='ltr'><strong>et</strong></span> <span class='ocrx_word' id='word_1_30' title='bbox 860 784 1060 860; x_wconf 75' lang='lat' dir='ltr'><strong>undecumque</strong></span> <span class='ocrx_word' id='word_1_31' title='bbox 1087 782 1205 860; x_wconf 86' lang='lat' dir='ltr'><strong>perfecti</strong></span> 
     </span>
     <span class='ocr_line' id='line_1_6' title="bbox 125 881 1207 959; baseline -0.006 -12"><span class='ocrx_word' id='word_1_32' title='bbox 125 906 189 948; x_wconf 92' lang='lat' dir='ltr'><strong>non</strong></span> <span class='ocrx_word' id='word_1_33' title='bbox 210 890 266 945; x_wconf 92' lang='lat' dir='ltr'><strong>nisi</strong></span> <span class='ocrx_word' id='word_1_34' title='bbox 286 889 345 944; x_wconf 90' lang='lat' dir='ltr'><strong>enti</strong></span> <span class='ocrx_word' id='word_1_35' title='bbox 366 886 529 943; x_wconf 87' lang='lat' dir='ltr'><strong>necessario</strong></span> <span class='ocrx_word' id='word_1_36' title='bbox 548 891 711 958; x_wconf 78' lang='lat' dir='ltr'><strong>competere</strong></span> <span class='ocrx_word' id='word_1_37' title='bbox 724 885 848 959; x_wconf 88' lang='lat' dir='ltr'><strong>quisque</strong></span> <span class='ocrx_word' id='word_1_38' title='bbox 869 899 920 958; x_wconf 91' lang='lat' dir='ltr'><strong>per</strong></span> <span class='ocrx_word' id='word_1_39' title='bbox 940 899 972 940; x_wconf 91' lang='lat' dir='ltr'><strong>se</strong></span> <span class='ocrx_word' id='word_1_40' title='bbox 989 881 1074 941; x_wconf 86' lang='lat' dir='ltr'><strong>facile</strong></span> <span class='ocrx_word' id='word_1_41' title='bbox 1094 882 1207 941; x_wconf 87' lang='lat' dir='ltr'><strong>iudica·</strong></span> 
     </span>
     <span class='ocr_line' id='line_1_7' title="bbox 126 979 1207 1057; baseline -0.006 -14"><span class='ocrx_word' id='word_1_42' title='bbox 126 986 182 1044; x_wconf 86' lang='lat' dir='ltr'><strong>bit.</strong></span> <span class='ocrx_word' id='word_1_43' title='bbox 205 984 264 1042; x_wconf 86' lang='lat' dir='ltr'><strong>Ens</strong></span> <span class='ocrx_word' id='word_1_44' title='bbox 285 985 362 1042; x_wconf 90' lang='lat' dir='ltr'><strong>enim</strong></span> <span class='ocrx_word' id='word_1_45' title='bbox 382 984 571 1057; x_wconf 83' lang='lat' dir='ltr'><strong>contingens,</strong></span> <span class='ocrx_word' id='word_1_46' title='bbox 591 988 625 1039; x_wconf 92' lang='lat' dir='ltr'><strong>ut</strong></span> <span class='ocrx_word' id='word_1_47' title='bbox 646 979 897 1055; x_wconf 79' lang='lat' dir='ltr'><strong>exsuperioribus</strong></span> <span class='ocrx_word' id='word_1_48' title='bbox 919 985 1014 1055; x_wconf 88' lang='lat' dir='ltr'><strong>patet,</strong></span> <span class='ocrx_word' id='word_1_49' title='bbox 1033 995 1090 1038; x_wconf 94' lang='lat' dir='ltr'><strong>non</strong></span> <span class='ocrx_word' id='word_1_50' title='bbox 1112 979 1207 1038; x_wconf 92' lang='lat' dir='ltr'><strong>solum</strong></span> 
     </span>
     <span class='ocr_line' id='line_1_8' title="bbox 127 1075 1207 1156; baseline -0.01 -15"><span class='ocrx_word' id='word_1_51' title='bbox 127 1100 164 1141; x_wconf 83' lang='lat' dir='ltr'><strong>ex</strong></span> <span class='ocrx_word' id='word_1_52' title='bbox 188 1083 247 1140; x_wconf 87' lang='lat' dir='ltr'><strong>alio</strong></span> <span class='ocrx_word' id='word_1_53' title='bbox 266 1079 362 1156; x_wconf 90' lang='lat' dir='ltr'><strong>quoad</strong></span> <span class='ocrx_word' id='word_1_54' title='bbox 383 1079 566 1139; x_wconf 80' lang='lat' dir='ltr'><strong>existendum</strong></span> <span class='ocrx_word' id='word_1_55' title='bbox 587 1078 716 1153; x_wconf 81' lang='lat' dir='ltr'><strong>pendet,</strong></span> <span class='ocrx_word' id='word_1_56' title='bbox 739 1077 901 1136; x_wconf 87' lang='lat' dir='ltr'><strong>sedetiam</strong></span> <span class='ocrx_word' id='word_1_57' title='bbox 923 1078 1035 1135; x_wconf 88' lang='lat' dir='ltr'><strong>ratione</strong></span> <span class='ocrx_word' id='word_1_58' title='bbox 1055 1075 1207 1150; x_wconf 81' lang='lat' dir='ltr'><strong>multipiici</strong></span> 
     </span>
     <span class='ocr_line' id='line_1_9' title="bbox 126 1175 1206 1252; baseline -0.006 -16"><span class='ocrx_word' id='word_1_59' title='bbox 126 1179 350 1238; x_wconf 87' lang='lat' dir='ltr'><strong>motabilitatem</strong></span> <span class='ocrx_word' id='word_1_60' title='bbox 367 1177 501 1252; x_wconf 88' lang='lat' dir='ltr'><strong>includit,</strong></span> <span class='ocrx_word' id='word_1_61' title='bbox 512 1176 676 1252; x_wconf 89' lang='lat' dir='ltr'><strong>atqueideo</strong></span> <span class='ocrx_word' id='word_1_62' title='bbox 693 1178 843 1251; x_wconf 86' lang='lat' dir='ltr'><strong>augmenti</strong></span> <span class='ocrx_word' id='word_1_63' title='bbox 859 1182 888 1234; x_wconf 89' lang='lat' dir='ltr'><strong>et</strong></span> <span class='ocrx_word' id='word_1_64' title='bbox 906 1175 1080 1234; x_wconf 82' lang='lat' dir='ltr'><strong>decrementi</strong></span> <span class='ocrx_word' id='word_1_65' title='bbox 1101 1180 1145 1231; x_wconf 89' lang='lat' dir='ltr'><strong>est</strong></span> <span class='ocrx_word' id='word_1_66' title='bbox 1159 1189 1206 1231; x_wconf 88' lang='lat' dir='ltr'><strong>ea·</strong></span> 
     </span>
     <span class='ocr_line' id='line_1_10' title="bbox 126 1272 1209 1351; baseline -0.004 -19"><span class='ocrx_word' id='word_1_67' title='bbox 126 1292 200 1351; x_wconf 87' lang='lat' dir='ltr'><strong>pax.</strong></span> <span class='ocrx_word' id='word_1_68' title='bbox 211 1275 347 1334; x_wconf 80' lang='lat' dir='ltr'><strong>Excludit</strong></span> <span class='ocrx_word' id='word_1_69' title='bbox 357 1277 446 1350; x_wconf 85' lang='lat' dir='ltr'><strong>igitur</strong></span> <span class='ocrx_word' id='word_1_70' title='bbox 457 1277 620 1332; x_wconf 86' lang='lat' dir='ltr'><strong>necessario</strong></span> <span class='ocrx_word' id='word_1_71' title='bbox 631 1289 649 1332; x_wconf 89' lang='lat' dir='ltr'><strong>a</strong></span> <span class='ocrx_word' id='word_1_72' title='bbox 661 1289 692 1331; x_wconf 91' lang='lat' dir='ltr'><strong>se</strong></span> <span class='ocrx_word' id='word_1_73' title='bbox 700 1272 952 1348; x_wconf 87' lang='lat' dir='ltr'><strong>independentiam</strong></span> <span class='ocrx_word' id='word_1_74' title='bbox 965 1272 1209 1330; x_wconf 84' lang='lat' dir='ltr'><strong>nenecessitatem</strong></span> 
     </span>
     <span class='ocr_line' id='line_1_11' title="bbox 128 1365 1229 1445; baseline -0.006 -14"><span class='ocrx_word' id='word_1_75' title='bbox 128 1371 272 1431; x_wconf 82' lang='lat' dir='ltr'><strong>existendi</strong></span> <span class='ocrx_word' id='word_1_76' title='bbox 289 1378 318 1430; x_wconf 90' lang='lat' dir='ltr'><strong>et</strong></span> <span class='ocrx_word' id='word_1_77' title='bbox 330 1371 612 1444; x_wconf 76' lang='lat' dir='ltr'><strong>immutabilitatem,</strong></span> <span class='ocrx_word' id='word_1_78' title='bbox 623 1385 698 1445; x_wconf 86' lang='lat' dir='ltr'><strong>quae</strong></span> <span class='ocrx_word' id='word_1_79' title='bbox 710 1375 780 1428; x_wconf 86' lang='lat' dir='ltr'><strong>snnt</strong></span> <span class='ocrx_word' id='word_1_80' title='bbox 794 1369 985 1445; x_wconf 80' lang='lat' dir='ltr'><strong>perfectiones</strong></span> <span class='ocrx_word' id='word_1_81' title='bbox 995 1369 1140 1443; x_wconf 87' lang='lat' dir='ltr'><strong>maxime;</strong></span> <span class='ocrx_word' id='word_1_82' title='bbox 1153 1365 1210 1426; x_wconf 77' lang='lat' dir='ltr'><strong>ide</strong></span> <span class='ocrx_word' id='word_1_83' title='bbox 1224 1405 1229 1424; x_wconf 90' lang='lat'>.</span> 
     </span>
    </p>
   </div>
   <div class='ocr_carea' id='block_1_3' title="bbox 107 1467 1212 1837">
    <p class='ocr_par' dir='ltr' id='par_1_4' title="bbox 107 1467 1212 1837">
     <span class='ocr_line' id='line_1_12' title="bbox 129 1467 1208 1544; baseline -0.006 -16"><span class='ocrx_word' id='word_1_84' title='bbox 129 1485 237 1544; x_wconf 87' lang='lat' dir='ltr'><strong>amque</strong></span> <span class='ocrx_word' id='word_1_85' title='bbox 261 1468 427 1543; x_wconf 89' lang='lat' dir='ltr'><strong>suppeditat</strong></span> <span class='ocrx_word' id='word_1_86' title='bbox 440 1468 600 1526; x_wconf 86' lang='lat' dir='ltr'><strong>confinium</strong></span> <span class='ocrx_word' id='word_1_87' title='bbox 617 1467 811 1542; x_wconf 88' lang='lat' dir='ltr'><strong>quorumdam</strong></span> <span class='ocrx_word' id='word_1_88' title='bbox 825 1467 931 1542; x_wconf 90' lang='lat' dir='ltr'><strong>quibus</strong></span> <span class='ocrx_word' id='word_1_89' title='bbox 952 1471 1105 1541; x_wconf 89' lang='lat' dir='ltr'><strong>teneatur,</strong></span> <span class='ocrx_word' id='word_1_90' title='bbox 1119 1472 1148 1524; x_wconf 88' lang='lat' dir='ltr'><strong>et</strong></span> <span class='ocrx_word' id='word_1_91' title='bbox 1172 1481 1208 1523; x_wconf 85' lang='lat' dir='ltr'><strong>ex</strong></span> 
     </span>
     <span class='ocr_line' id='line_1_13' title="bbox 107 1556 1211 1642; baseline -0.003 -19"><span class='ocrx_word' id='word_1_92' title='bbox 107 1558 256 1642; x_wconf 75' lang='lat' dir='ltr'><strong>‘quorum</strong></span> <span class='ocrx_word' id='word_1_93' title='bbox 278 1566 368 1623; x_wconf 82' lang='lat' dir='ltr'><strong>ueluti</strong></span> <span class='ocrx_word' id='word_1_94' title='bbox 391 1556 551 1624; x_wconf 83' lang='lat' dir='ltr'><strong>mutatione</strong></span> <span class='ocrx_word' id='word_1_95' title='bbox 570 1563 639 1640; x_wconf 86' lang='lat' dir='ltr'><strong>ilat,</strong></span> <span class='ocrx_word' id='word_1_96' title='bbox 661 1571 695 1623; x_wconf 92' lang='lat' dir='ltr'><strong>nt</strong></span> <span class='ocrx_word' id='word_1_97' title='bbox 709 1564 886 1640; x_wconf 77' lang='lat' dir='ltr'><strong>perfectione</strong></span> <span class='ocrx_word' id='word_1_98' title='bbox 902 1565 1000 1640; x_wconf 81' lang='lat' dir='ltr'><strong>aliqua</strong></span> <span class='ocrx_word' id='word_1_99' title='bbox 1020 1564 1138 1638; x_wconf 89' lang='lat' dir='ltr'><strong>spoliari</strong></span> <span class='ocrx_word' id='word_1_100' title='bbox 1160 1569 1211 1622; x_wconf 86' lang='lat' dir='ltr'><strong>aut</strong></span> 
     </span>
     <span class='ocr_line' id='line_1_14' title="bbox 129 1662 1210 1739; baseline -0.001 -17"><span class='ocrx_word' id='word_1_101' title='bbox 129 1679 210 1723; x_wconf 85' lang='lat' dir='ltr'><strong>nora</strong></span> <span class='ocrx_word' id='word_1_102' title='bbox 231 1665 331 1738; x_wconf 82' lang='lat' dir='ltr'><strong>augeri</strong></span> <span class='ocrx_word' id='word_1_103' title='bbox 353 1665 453 1737; x_wconf 86' lang='lat' dir='ltr'><strong>possit.</strong></span> <span class='ocrx_word' id='word_1_104' title='bbox 483 1662 634 1721; x_wconf 85' lang='lat' dir='ltr'><strong>Praeterea</strong></span> <span class='ocrx_word' id='word_1_105' title='bbox 654 1663 804 1738; x_wconf 86' lang='lat' dir='ltr'><strong>quodlibet</strong></span> <span class='ocrx_word' id='word_1_106' title='bbox 820 1679 871 1722; x_wconf 88' lang='lat' dir='ltr'><strong>ens</strong></span> <span class='ocrx_word' id='word_1_107' title='bbox 892 1665 1065 1739; x_wconf 83' lang='lat' dir='ltr'><strong>contingens</strong></span> <span class='ocrx_word' id='word_1_108' title='bbox 1084 1677 1144 1721; x_wconf 90' lang='lat' dir='ltr'><strong>nou</strong></span> <span class='ocrx_word' id='word_1_109' title='bbox 1164 1669 1210 1721; x_wconf 89' lang='lat' dir='ltr'><strong>est</strong></span> 
     </span>
     <span class='ocr_line' id='line_1_15' title="bbox 131 1759 1212 1837; baseline -0.003 -18"><span class='ocrx_word' id='word_1_110' title='bbox 131 1765 198 1837; x_wconf 87' lang='lat' dir='ltr'><strong>ipsa</strong></span> <span class='ocrx_word' id='word_1_111' title='bbox 212 1760 347 1819; x_wconf 87' lang='lat' dir='ltr'><strong>absoluta</strong></span> <span class='ocrx_word' id='word_1_112' title='bbox 361 1761 490 1836; x_wconf 85' lang='lat' dir='ltr'><strong>realitas,</strong></span> <span class='ocrx_word' id='word_1_113' title='bbox 505 1759 556 1818; x_wconf 88' lang='lat' dir='ltr'><strong>sed</strong></span> <span class='ocrx_word' id='word_1_114' title='bbox 570 1759 657 1818; x_wconf 89' lang='lat' dir='ltr'><strong>buius</strong></span> <span class='ocrx_word' id='word_1_115' title='bbox 670 1763 853 1836; x_wconf 85' lang='lat' dir='ltr'><strong>participatio</strong></span> <span class='ocrx_word' id='word_1_116' title='bbox 866 1767 895 1820; x_wconf 92' lang='lat' dir='ltr'><strong>et</strong></span> <span class='ocrx_word' id='word_1_117' title='bbox 909 1763 991 1836; x_wconf 86' lang='lat' dir='ltr'><strong>quasi</strong></span> <span class='ocrx_word' id='word_1_118' title='bbox 1005 1761 1130 1835; x_wconf 81' lang='lat' dir='ltr'><strong>rivulus3</strong></span> <span class='ocrx_word' id='word_1_119' title='bbox 1144 1774 1212 1818; x_wconf 84' lang='lat' dir='ltr'><strong>con·</strong></span> 
     </span>
    </p>
   </div>
   <div class='ocr_carea' id='block_1_4' title="bbox 106 1857 1213 2225">
    <p class='ocr_par' dir='ltr' id='par_1_5' title="bbox 106 1857 1213 2225">
     <span class='ocr_line' id='line_1_16' title="bbox 130 1857 1210 1933; baseline -0.003 -17"><span class='ocrx_word' id='word_1_120' title='bbox 130 1864 234 1932; x_wconf 87' lang='lat' dir='ltr'><strong>ceptus</strong></span> <span class='ocrx_word' id='word_1_121' title='bbox 255 1863 352 1915; x_wconf 88' lang='lat' dir='ltr'><strong>antem</strong></span> <span class='ocrx_word' id='word_1_122' title='bbox 366 1857 506 1916; x_wconf 89' lang='lat' dir='ltr'><strong>eiusmodi</strong></span> <span class='ocrx_word' id='word_1_123' title='bbox 525 1860 675 1916; x_wconf 89' lang='lat' dir='ltr'><strong>notionem</strong></span> <span class='ocrx_word' id='word_1_124' title='bbox 693 1857 748 1916; x_wconf 89' lang='lat' dir='ltr'><strong>sibi</strong></span> <span class='ocrx_word' id='word_1_125' title='bbox 763 1859 894 1933; x_wconf 88' lang='lat' dir='ltr'><strong>implicat</strong></span> <span class='ocrx_word' id='word_1_126' title='bbox 907 1859 1123 1932; x_wconf 65' lang='lat' dir='ltr'><strong>coarctatione,</strong></span> <span class='ocrx_word' id='word_1_127' title='bbox 1141 1872 1210 1914; x_wconf 88' lang='lat' dir='ltr'><strong>con·</strong></span> 
     </span>
     <span class='ocr_line' id='line_1_17' title="bbox 130 1954 1211 2031; baseline -0.001 -19"><span class='ocrx_word' id='word_1_128' title='bbox 130 1954 254 2029; x_wconf 87' lang='lat' dir='ltr'><strong>finium,</strong></span> <span class='ocrx_word' id='word_1_129' title='bbox 277 1969 440 2012; x_wconf 89' lang='lat' dir='ltr'><strong>mensurae.</strong></span> <span class='ocrx_word' id='word_1_130' title='bbox 461 1954 521 2016; x_wconf 81' lang='lat' dir='ltr'><strong>Eua</strong></span> <span class='ocrx_word' id='word_1_131' title='bbox 541 1969 612 2030; x_wconf 85' lang='lat' dir='ltr'><strong>ergo</strong></span> <span class='ocrx_word' id='word_1_132' title='bbox 631 1958 822 2031; x_wconf 80' lang='lat' dir='ltr'><strong>contingens,</strong></span> <span class='ocrx_word' id='word_1_133' title='bbox 839 1971 896 2013; x_wconf 89' lang='lat' dir='ltr'><strong>non</strong></span> <span class='ocrx_word' id='word_1_134' title='bbox 918 1957 974 2014; x_wconf 89' lang='lat' dir='ltr'><strong>nisi</strong></span> <span class='ocrx_word' id='word_1_135' title='bbox 1000 1957 1129 2014; x_wconf 88' lang='lat' dir='ltr'><strong>numeris</strong></span> <span class='ocrx_word' id='word_1_136' title='bbox 1149 1956 1211 2029; x_wconf 90' lang='lat' dir='ltr'><strong>qui·</strong></span> 
     </span>
     <span class='ocr_line' id='line_1_18' title="bbox 106 2051 1213 2128; baseline -0.002 -18"><span class='ocrx_word' id='word_1_137' title='bbox 106 2052 257 2110; x_wconf 80' lang='lat' dir='ltr'><strong>busdam</strong></span> <span class='ocrx_word' id='word_1_138' title='bbox 278 2052 447 2110; x_wconf 83' lang='lat' dir='ltr'><strong>adstrictam</strong></span> <span class='ocrx_word' id='word_1_139' title='bbox 469 2052 629 2110; x_wconf 88' lang='lat' dir='ltr'><strong>realitatem</strong></span> <span class='ocrx_word' id='word_1_140' title='bbox 651 2051 750 2110; x_wconf 89' lang='lat' dir='ltr'><strong>habet.</strong></span> <span class='ocrx_word' id='word_1_141' title='bbox 773 2053 869 2125; x_wconf 81' lang='lat' dir='ltr'><strong>Quare</strong></span> <span class='ocrx_word' id='word_1_142' title='bbox 889 2053 1026 2128; x_wconf 81' lang='lat' dir='ltr'><strong>perfectio</strong></span> <span class='ocrx_word' id='word_1_143' title='bbox 1048 2051 1162 2111; x_wconf 82' lang='lat' dir='ltr'><strong>infinita</strong></span> <span class='ocrx_word' id='word_1_144' title='bbox 1188 2053 1213 2109; x_wconf 90' lang='lat' dir='ltr'><strong>si</strong></span> 
     </span>
     <span class='ocr_line' id='line_1_19' title="bbox 131 2147 1212 2225; baseline -0.002 -19"><span class='ocrx_word' id='word_1_145' title='bbox 131 2149 282 2225; x_wconf 89' lang='lat' dir='ltr'><strong>possibilis</strong></span> <span class='ocrx_word' id='word_1_146' title='bbox 302 2155 347 2206; x_wconf 78' lang='lat' dir='ltr'><strong>est</strong></span> <span class='ocrx_word' id='word_1_147' title='bbox 370 2148 441 2223; x_wconf 84' lang='lat' dir='ltr'><strong>(esse</strong></span> <span class='ocrx_word' id='word_1_148' title='bbox 460 2155 558 2208; x_wconf 89' lang='lat' dir='ltr'><strong>autern</strong></span> <span class='ocrx_word' id='word_1_149' title='bbox 579 2149 745 2225; x_wconf 85' lang='lat' dir='ltr'><strong>possibilem</strong></span> <span class='ocrx_word' id='word_1_150' title='bbox 767 2167 801 2208; x_wconf 83' lang='lat' dir='ltr'><strong>ex</strong></span> <span class='ocrx_word' id='word_1_151' title='bbox 829 2166 862 2208; x_wconf 93' lang='lat' dir='ltr'><strong>eo</strong></span> <span class='ocrx_word' id='word_1_152' title='bbox 884 2156 978 2225; x_wconf 88' lang='lat' dir='ltr'><strong>patet,</strong></span> <span class='ocrx_word' id='word_1_153' title='bbox 1000 2147 1078 2224; x_wconf 90' lang='lat' dir='ltr'><strong>quod</strong></span> <span class='ocrx_word' id='word_1_154' title='bbox 1100 2147 1212 2206; x_wconf 91' lang='lat' dir='ltr'><strong>nuliam</strong></span> 
     </span>
    </p>
   </div>
   <div class='ocr_carea' id='block_1_5' title="bbox 18 2240 1211 2324">
    <p class='ocr_par' dir='ltr' id='par_1_6' title="bbox 18 2240 1211 2324">
     <span class='ocr_line' id='line_1_20' title="bbox 18 2240 1211 2324; baseline -0.001 -18"><span class='ocrx_word' id='word_1_155' title='bbox 18 2240 22 2249; x_wconf 84' lang='lat'>&#39;</span> <span class='ocrx_word' id='word_1_156' title='bbox 129 2254 326 2322; x_wconf 85' lang='lat' dir='ltr'><strong>conceptuum</strong></span> <span class='ocrx_word' id='word_1_157' title='bbox 346 2264 475 2324; x_wconf 82' lang='lat' dir='ltr'><strong>pugnam</strong></span> <span class='ocrx_word' id='word_1_158' title='bbox 496 2248 649 2324; x_wconf 86' lang='lat' dir='ltr'><strong>includit),</strong></span> <span class='ocrx_word' id='word_1_159' title='bbox 671 2250 788 2307; x_wconf 93' lang='lat' dir='ltr'><strong>nonnisi</strong></span> <span class='ocrx_word' id='word_1_160' title='bbox 810 2252 839 2307; x_wconf 88' lang='lat' dir='ltr'><strong>in</strong></span> <span class='ocrx_word' id='word_1_161' title='bbox 861 2254 927 2306; x_wconf 88' lang='lat' dir='ltr'><strong>ente</strong></span> <span class='ocrx_word' id='word_1_162' title='bbox 947 2249 1109 2306; x_wconf 88' lang='lat' dir='ltr'><strong>necessario</strong></span> <span class='ocrx_word' id='word_1_163' title='bbox 1131 2262 1211 2321; x_wconf 90' lang='lat' dir='ltr'><strong>repe·</strong></span> 
     </span>
    </p>
   </div>
   <div class='ocr_carea' id='block_1_6' title="bbox 130 2343 1266 4079">
    <p class='ocr_par' dir='ltr' id='par_1_7' title="bbox 130 2343 1226 3491">
     <span class='ocr_line' id='line_1_21' title="bbox 130 2343 1214 2422; baseline -0.003 -19"><span class='ocrx_word' id='word_1_164' title='bbox 130 2348 184 2403; x_wconf 88' lang='lat' dir='ltr'><strong>riri</strong></span> <span class='ocrx_word' id='word_1_165' title='bbox 196 2352 301 2421; x_wconf 85' lang='lat' dir='ltr'><strong>potest.</strong></span> <span class='ocrx_word' id='word_1_166' title='bbox 317 2344 448 2421; x_wconf 88' lang='lat' dir='ltr'><strong>Denique</strong></span> <span class='ocrx_word' id='word_1_167' title='bbox 462 2362 514 2405; x_wconf 86' lang='lat' dir='ltr'><strong>ens</strong></span> <span class='ocrx_word' id='word_1_168' title='bbox 528 2349 701 2422; x_wconf 79' lang='lat' dir='ltr'><strong>contingens</strong></span> <span class='ocrx_word' id='word_1_169' title='bbox 712 2346 850 2422; x_wconf 83' lang='lat' dir='ltr'><strong>distingui</strong></span> <span class='ocrx_word' id='word_1_170' title='bbox 864 2344 994 2421; x_wconf 86' lang='lat' dir='ltr'><strong>profectu</strong></span> <span class='ocrx_word' id='word_1_171' title='bbox 1002 2344 1087 2403; x_wconf 90' lang='lat' dir='ltr'><strong>debet</strong></span> <span class='ocrx_word' id='word_1_172' title='bbox 1099 2343 1137 2401; x_wconf 89' lang='lat' dir='ltr'><strong>ab</strong></span> <span class='ocrx_word' id='word_1_173' title='bbox 1148 2348 1214 2401; x_wconf 91' lang='lat' dir='ltr'><strong>ente</strong></span> 
     </span>
     <span class='ocr_line' id='line_1_22' title="bbox 133 2440 1215 2518; baseline -0.002 -19"><span class='ocrx_word' id='word_1_174' title='bbox 133 2445 317 2518; x_wconf 78' lang='lat' dir='ltr'><strong>necessat-103</strong></span> <span class='ocrx_word' id='word_1_175' title='bbox 332 2448 395 2501; x_wconf 90' lang='lat' dir='ltr'><strong>tum</strong></span> <span class='ocrx_word' id='word_1_176' title='bbox 410 2445 480 2518; x_wconf 86' lang='lat' dir='ltr'><strong>quia</strong></span> <span class='ocrx_word' id='word_1_177' title='bbox 495 2442 696 2502; x_wconf 80' lang='lat' dir='ltr'><strong>diversissime</strong></span> <span class='ocrx_word' id='word_1_178' title='bbox 715 2448 761 2501; x_wconf 77' lang='lat' dir='ltr'><strong>esi</strong></span> <span class='ocrx_word' id='word_1_179' title='bbox 781 2446 931 2518; x_wconf 89' lang='lat' dir='ltr'><strong>utriusque</strong></span> <span class='ocrx_word' id='word_1_180' title='bbox 951 2446 1100 2500; x_wconf 82' lang='lat' dir='ltr'><strong>naturaei</strong></span> <span class='ocrx_word' id='word_1_181' title='bbox 1121 2440 1215 2515; x_wconf 91' lang='lat' dir='ltr'><strong>notio,</strong></span> 
     </span>
     <span class='ocr_line' id='line_1_23' title="bbox 132 2538 1214 2617; baseline -0.002 -21"><span class='ocrx_word' id='word_1_182' title='bbox 132 2546 197 2597; x_wconf 90' lang='lat' dir='ltr'><strong>tum</strong></span> <span class='ocrx_word' id='word_1_183' title='bbox 217 2542 305 2597; x_wconf 86' lang='lat' dir='ltr'><strong>etiam</strong></span> <span class='ocrx_word' id='word_1_184' title='bbox 319 2542 389 2614; x_wconf 87' lang='lat' dir='ltr'><strong>qnia</strong></span> <span class='ocrx_word' id='word_1_185' title='bbox 410 2539 498 2599; x_wconf 89' lang='lat' dir='ltr'><strong>huius</strong></span> <span class='ocrx_word' id='word_1_186' title='bbox 517 2541 591 2599; x_wconf 90' lang='lat' dir='ltr'><strong>illud</strong></span> <span class='ocrx_word' id='word_1_187' title='bbox 606 2540 729 2600; x_wconf 83' lang='lat' dir='ltr'><strong>effectus</strong></span> <span class='ocrx_word' id='word_1_188' title='bbox 743 2546 797 2617; x_wconf 68' lang='lat' dir='ltr'><strong>est,</strong></span> <span class='ocrx_word' id='word_1_189' title='bbox 814 2540 935 2598; x_wconf 89' lang='lat' dir='ltr'><strong>effeetus</strong></span> <span class='ocrx_word' id='word_1_190' title='bbox 950 2544 1047 2599; x_wconf 88' lang='lat' dir='ltr'><strong>autem</strong></span> <span class='ocrx_word' id='word_1_191' title='bbox 1063 2538 1214 2613; x_wconf 87' lang='lat' dir='ltr'><strong>distingui·</strong></span> 
     </span>
     <span class='ocr_line' id='line_1_24' title="bbox 133 2634 1214 2713; baseline 0 -20"><span class='ocrx_word' id='word_1_192' title='bbox 133 2642 184 2693; x_wconf 90' lang='lat' dir='ltr'><strong>tnr</strong></span> <span class='ocrx_word' id='word_1_193' title='bbox 204 2652 223 2692; x_wconf 91' lang='lat' dir='ltr'><strong>a</strong></span> <span class='ocrx_word' id='word_1_194' title='bbox 242 2651 342 2695; x_wconf 90' lang='lat' dir='ltr'><strong>cansa.</strong></span> <span class='ocrx_word' id='word_1_195' title='bbox 363 2636 468 2696; x_wconf 86' lang='lat' dir='ltr'><strong>Carere</strong></span> <span class='ocrx_word' id='word_1_196' title='bbox 483 2640 574 2713; x_wconf 77' lang='lat' dir='ltr'><strong>igitur</strong></span> <span class='ocrx_word' id='word_1_197' title='bbox 587 2638 673 2697; x_wconf 89' lang='lat' dir='ltr'><strong>debet</strong></span> <span class='ocrx_word' id='word_1_198' title='bbox 693 2639 731 2697; x_wconf 83' lang='lat' dir='ltr'><strong>iis</strong></span> <span class='ocrx_word' id='word_1_199' title='bbox 751 2636 1018 2712; x_wconf 86' lang='lat' dir='ltr'><strong>constituentibus,</strong></span> <span class='ocrx_word' id='word_1_200' title='bbox 1039 2634 1144 2711; x_wconf 84' lang='lat' dir='ltr'><strong>quibas</strong></span> <span class='ocrx_word' id='word_1_201' title='bbox 1163 2650 1214 2693; x_wconf 89' lang='lat' dir='ltr'><strong>na·</strong></span> 
     </span>
     <span class='ocr_line' id='line_1_25' title="bbox 134 2734 1226 2812; baseline 0.005 -21"><span class='ocrx_word' id='word_1_202' title='bbox 134 2740 201 2791; x_wconf 89' lang='lat' dir='ltr'><strong>tura</strong></span> <span class='ocrx_word' id='word_1_203' title='bbox 215 2734 278 2808; x_wconf 88' lang='lat' dir='ltr'><strong>ipsa</strong></span> <span class='ocrx_word' id='word_1_204' title='bbox 293 2736 368 2792; x_wconf 88' lang='lat' dir='ltr'><strong>entis</strong></span> <span class='ocrx_word' id='word_1_205' title='bbox 386 2737 541 2794; x_wconf 88' lang='lat' dir='ltr'><strong>necessarii</strong></span> <span class='ocrx_word' id='word_1_206' title='bbox 564 2735 686 2812; x_wconf 84' lang='lat' dir='ltr'><strong>physice</strong></span> <span class='ocrx_word' id='word_1_207' title='bbox 706 2740 821 2794; x_wconf 90' lang='lat' dir='ltr'><strong>constat</strong></span> <span class='ocrx_word' id='word_1_208' title='bbox 833 2754 842 2809; x_wconf 81' lang='lat'>3</span> <span class='ocrx_word' id='word_1_209' title='bbox 855 2737 961 2811; x_wconf 88' lang='lat' dir='ltr'><strong>quippe</strong></span> <span class='ocrx_word' id='word_1_210' title='bbox 984 2749 1050 2792; x_wconf 90' lang='lat' dir='ltr'><strong>cum</strong></span> <span class='ocrx_word' id='word_1_211' title='bbox 1069 2748 1113 2791; x_wconf 90' lang='lat' dir='ltr'><strong>res</strong></span> <span class='ocrx_word' id='word_1_212' title='bbox 1128 2747 1226 2808; x_wconf 73' lang='lat' dir='ltr'><strong>quae.</strong></span> 
     </span>
     <span class='ocr_line' id='line_1_26' title="bbox 137 2832 1213 2909; baseline 0.001 -22"><span class='ocrx_word' id='word_1_213' title='bbox 137 2834 180 2889; x_wconf 83' lang='lat' dir='ltr'><strong>ris</strong></span> <span class='ocrx_word' id='word_1_214' title='bbox 200 2847 252 2907; x_wconf 89' lang='lat' dir='ltr'><strong>per</strong></span> <span class='ocrx_word' id='word_1_215' title='bbox 271 2847 305 2889; x_wconf 90' lang='lat' dir='ltr'><strong>ea</strong></span> <span class='ocrx_word' id='word_1_216' title='bbox 326 2848 344 2889; x_wconf 90' lang='lat' dir='ltr'><strong>a</strong></span> <span class='ocrx_word' id='word_1_217' title='bbox 362 2835 465 2891; x_wconf 87' lang='lat' dir='ltr'><strong>ceteris</strong></span> <span class='ocrx_word' id='word_1_218' title='bbox 479 2840 646 2891; x_wconf 86' lang='lat' dir='ltr'><strong>secernatur</strong></span> <span class='ocrx_word' id='word_1_219' title='bbox 661 2837 690 2891; x_wconf 86' lang='lat' dir='ltr'><strong>et</strong></span> <span class='ocrx_word' id='word_1_220' title='bbox 702 2832 833 2909; x_wconf 85' lang='lat' dir='ltr'><strong>differat,</strong></span> <span class='ocrx_word' id='word_1_221' title='bbox 853 2850 904 2908; x_wconf 90' lang='lat' dir='ltr'><strong>per</strong></span> <span class='ocrx_word' id='word_1_222' title='bbox 924 2848 998 2908; x_wconf 88' lang='lat' dir='ltr'><strong>quae</strong></span> <span class='ocrx_word' id='word_1_223' title='bbox 1015 2832 1213 2890; x_wconf 86' lang='lat' dir='ltr'><strong>constituitur.</strong></span> 
     </span>
     <span class='ocr_line' id='line_1_27' title="bbox 135 2927 1217 3005; baseline -0.001 -18"><span class='ocrx_word' id='word_1_224' title='bbox 135 2928 225 3003; x_wconf 79' lang='lat' dir='ltr'><strong>Atqui</strong></span> <span class='ocrx_word' id='word_1_225' title='bbox 242 2927 356 2987; x_wconf 88' lang='lat' dir='ltr'><strong>infinita</strong></span> <span class='ocrx_word' id='word_1_226' title='bbox 368 2928 508 3003; x_wconf 88' lang='lat' dir='ltr'><strong>perfectio</strong></span> <span class='ocrx_word' id='word_1_227' title='bbox 522 2935 550 2988; x_wconf 91' lang='lat' dir='ltr'><strong>ei</strong></span> <span class='ocrx_word' id='word_1_228' title='bbox 564 2930 777 3004; x_wconf 83' lang='lat' dir='ltr'><strong>simplicissima</strong></span> <span class='ocrx_word' id='word_1_229' title='bbox 790 2930 918 3005; x_wconf 83' lang='lat' dir='ltr'><strong>resilias,</strong></span> <span class='ocrx_word' id='word_1_230' title='bbox 934 2927 1070 2987; x_wconf 90' lang='lat' dir='ltr'><strong>omnibus</strong></span> <span class='ocrx_word' id='word_1_231' title='bbox 1082 2928 1217 2987; x_wconf 86' lang='lat' dir='ltr'><strong>absoluta</strong></span> 
     </span>
     <span class='ocr_line' id='line_1_28' title="bbox 139 3022 1218 3103; baseline 0 -22"><span class='ocrx_word' id='word_1_232' title='bbox 139 3022 295 3099; x_wconf 88' lang='lat' dir='ltr'><strong>limitibus,</strong></span> <span class='ocrx_word' id='word_1_233' title='bbox 319 3025 350 3082; x_wconf 88' lang='lat' dir='ltr'><strong>id</strong></span> <span class='ocrx_word' id='word_1_234' title='bbox 371 3042 472 3085; x_wconf 82' lang='lat' dir='ltr'><strong>reuera</strong></span> <span class='ocrx_word' id='word_1_235' title='bbox 492 3032 556 3101; x_wconf 80' lang='lat' dir='ltr'><strong>est,</strong></span> <span class='ocrx_word' id='word_1_236' title='bbox 577 3026 654 3102; x_wconf 91' lang='lat' dir='ltr'><strong>quod</strong></span> <span class='ocrx_word' id='word_1_237' title='bbox 682 3042 734 3085; x_wconf 90' lang='lat' dir='ltr'><strong>ens</strong></span> <span class='ocrx_word' id='word_1_238' title='bbox 762 3031 956 3086; x_wconf 88' lang='lat' dir='ltr'><strong>necessarium</strong></span> <span class='ocrx_word' id='word_1_239' title='bbox 983 3026 1103 3103; x_wconf 89' lang='lat' dir='ltr'><strong>physice</strong></span> <span class='ocrx_word' id='word_1_240' title='bbox 1128 3028 1157 3081; x_wconf 91' lang='lat' dir='ltr'><strong>in</strong></span> <span class='ocrx_word' id='word_1_241' title='bbox 1187 3042 1218 3083; x_wconf 90' lang='lat' dir='ltr'><strong>se</strong></span> 
     </span>
     <span class='ocr_line' id='line_1_29' title="bbox 134 3123 1213 3201; baseline 0.002 -22"><span class='ocrx_word' id='word_1_242' title='bbox 134 3124 305 3196; x_wconf 82' lang='lat' dir='ltr'><strong>constitnit3</strong></span> <span class='ocrx_word' id='word_1_243' title='bbox 331 3123 577 3198; x_wconf 90' lang='lat' dir='ltr'><strong>quemadmodum</strong></span> <span class='ocrx_word' id='word_1_244' title='bbox 595 3125 627 3181; x_wconf 84' lang='lat' dir='ltr'><strong>br</strong></span> <span class='ocrx_word' id='word_1_245' title='bbox 644 3124 803 3201; x_wconf 83' lang='lat' dir='ltr'><strong>Theologia</strong></span> <span class='ocrx_word' id='word_1_246' title='bbox 821 3126 946 3183; x_wconf 87' lang='lat' dir='ltr'><strong>naturali</strong></span> <span class='ocrx_word' id='word_1_247' title='bbox 972 3123 1129 3181; x_wconf 83' lang='lat' dir='ltr'><strong>videndum</strong></span> <span class='ocrx_word' id='word_1_248' title='bbox 1147 3124 1213 3181; x_wconf 91' lang='lat' dir='ltr'><strong>erit.</strong></span> 
     </span>
     <span class='ocr_line' id='line_1_30' title="bbox 136 3218 1215 3304; baseline 0.002 -29"><span class='ocrx_word' id='word_1_249' title='bbox 136 3218 200 3304; x_wconf 80' lang='lat' dir='ltr'><strong>Hoc</strong></span> <span class='ocrx_word' id='word_1_250' title='bbox 218 3220 309 3293; x_wconf 81' lang='lat' dir='ltr'><strong>igitur</strong></span> <span class='ocrx_word' id='word_1_251' title='bbox 329 3220 359 3277; x_wconf 91' lang='lat' dir='ltr'><strong>iu</strong></span> <span class='ocrx_word' id='word_1_252' title='bbox 379 3219 462 3277; x_wconf 90' lang='lat' dir='ltr'><strong>nniio</strong></span> <span class='ocrx_word' id='word_1_253' title='bbox 481 3226 547 3278; x_wconf 90' lang='lat' dir='ltr'><strong>ente</strong></span> <span class='ocrx_word' id='word_1_254' title='bbox 570 3222 756 3297; x_wconf 75' lang='lat' dir='ltr'><strong>cunengemo</strong></span> <span class='ocrx_word' id='word_1_255' title='bbox 776 3228 805 3281; x_wconf 90' lang='lat' dir='ltr'><strong>et</strong></span> <span class='ocrx_word' id='word_1_256' title='bbox 826 3228 923 3280; x_wconf 89' lang='lat' dir='ltr'><strong>creato</strong></span> <span class='ocrx_word' id='word_1_257' title='bbox 944 3222 1069 3279; x_wconf 86' lang='lat' dir='ltr'><strong>inueniri</strong></span> <span class='ocrx_word' id='word_1_258' title='bbox 1086 3234 1215 3294; x_wconf 85' lang='lat' dir='ltr'><strong>unquam</strong></span> 
     </span>
     <span class='ocr_line' id='line_1_31' title="bbox 137 3316 1217 3395; baseline 0.001 -21"><span class='ocrx_word' id='word_1_259' title='bbox 137 3321 246 3391; x_wconf 83' lang='lat' dir='ltr'><strong>potest.</strong></span> <span class='ocrx_word' id='word_1_260' title='bbox 270 3316 468 3387; x_wconf 84' lang='lat' dir='ltr'><strong>Quamobrem</strong></span> <span class='ocrx_word' id='word_1_261' title='bbox 487 3334 573 3376; x_wconf 90' lang='lat' dir='ltr'><strong>omne</strong></span> <span class='ocrx_word' id='word_1_262' title='bbox 587 3334 639 3377; x_wconf 90' lang='lat' dir='ltr'><strong>eus</strong></span> <span class='ocrx_word' id='word_1_263' title='bbox 661 3320 834 3395; x_wconf 85' lang='lat' dir='ltr'><strong>contingens</strong></span> <span class='ocrx_word' id='word_1_264' title='bbox 860 3318 976 3378; x_wconf 81' lang='lat' dir='ltr'><strong>finitum</strong></span> <span class='ocrx_word' id='word_1_265' title='bbox 998 3325 1063 3394; x_wconf 90' lang='lat' dir='ltr'><strong>est,</strong></span> <span class='ocrx_word' id='word_1_266' title='bbox 1082 3324 1111 3377; x_wconf 91' lang='lat' dir='ltr'><strong>et</strong></span> <span class='ocrx_word' id='word_1_267' title='bbox 1130 3334 1217 3376; x_wconf 90' lang='lat' dir='ltr'><strong>omne</strong></span> 
     </span>
     <span class='ocr_line' id='line_1_32' title="bbox 139 3412 599 3491; baseline 0.007 -21"><span class='ocrx_word' id='word_1_268' title='bbox 139 3429 193 3471; x_wconf 90' lang='lat' dir='ltr'><strong>ens</strong></span> <span class='ocrx_word' id='word_1_269' title='bbox 213 3412 330 3472; x_wconf 86' lang='lat' dir='ltr'><strong>finitum</strong></span> <span class='ocrx_word' id='word_1_270' title='bbox 350 3417 524 3491; x_wconf 80' lang='lat' dir='ltr'><strong>contingens</strong></span> <span class='ocrx_word' id='word_1_271' title='bbox 544 3421 599 3474; x_wconf 85' lang='lat' dir='ltr'><strong>est.</strong></span> 
     </span>
    </p>

    <p class='ocr_par' dir='ltr' id='par_1_8' title="bbox 135 3509 1266 4079">
     <span class='ocr_line' id='line_1_33' title="bbox 198 3509 1219 3589; baseline 0.007 -24"><span class='ocrx_word' id='word_1_272' title='bbox 198 3517 247 3566; x_wconf 74' lang='lat' dir='ltr'><strong>aa.</strong></span> <span class='ocrx_word' id='word_1_273' title='bbox 271 3509 331 3568; x_wconf 83' lang='lat' dir='ltr'><strong>Ens</strong></span> <span class='ocrx_word' id='word_1_274' title='bbox 358 3527 445 3570; x_wconf 89' lang='lat' dir='ltr'><strong>omne</strong></span> <span class='ocrx_word' id='word_1_275' title='bbox 466 3514 655 3589; x_wconf 86' lang='lat' dir='ltr'><strong>contingens,</strong></span> <span class='ocrx_word' id='word_1_276' title='bbox 679 3512 758 3589; x_wconf 89' lang='lat' dir='ltr'><strong>quod</strong></span> <span class='ocrx_word' id='word_1_277' title='bbox 778 3528 909 3589; x_wconf 87' lang='lat' dir='ltr'><strong>semper,</strong></span> <span class='ocrx_word' id='word_1_278' title='bbox 929 3521 962 3572; x_wconf 89' lang='lat' dir='ltr'><strong>ut</strong></span> <span class='ocrx_word' id='word_1_279' title='bbox 986 3514 1133 3589; x_wconf 80' lang='lat' dir='ltr'><strong>diximus,</strong></span> <span class='ocrx_word' id='word_1_280' title='bbox 1155 3512 1219 3572; x_wconf 79' lang='lat' dir='ltr'><strong>ilui-</strong></span> 
     </span>
     <span class='ocr_line' id='line_1_34' title="bbox 135 3608 1218 3687; baseline 0.007 -23"><span class='ocrx_word' id='word_1_281' title='bbox 135 3612 198 3664; x_wconf 90' lang='lat' dir='ltr'><strong>tum</strong></span> <span class='ocrx_word' id='word_1_282' title='bbox 220 3608 251 3663; x_wconf 91' lang='lat' dir='ltr'><strong>in</strong></span> <span class='ocrx_word' id='word_1_283' title='bbox 273 3614 378 3667; x_wconf 90' lang='lat' dir='ltr'><strong>natura</strong></span> <span class='ocrx_word' id='word_1_284' title='bbox 396 3624 431 3668; x_wconf 88' lang='lat' dir='ltr'><strong>ac</strong></span> <span class='ocrx_word' id='word_1_285' title='bbox 443 3610 618 3685; x_wconf 89' lang='lat' dir='ltr'><strong>perfectione</strong></span> <span class='ocrx_word' id='word_1_286' title='bbox 636 3617 696 3687; x_wconf 84' lang='lat' dir='ltr'><strong>est,</strong></span> <span class='ocrx_word' id='word_1_287' title='bbox 715 3612 863 3686; x_wconf 88' lang='lat' dir='ltr'><strong>possidere</strong></span> <span class='ocrx_word' id='word_1_288' title='bbox 877 3614 977 3687; x_wconf 88' lang='lat' dir='ltr'><strong>nequit</strong></span> <span class='ocrx_word' id='word_1_289' title='bbox 992 3613 1050 3669; x_wconf 86' lang='lat' dir='ltr'><strong>uim</strong></span> <span class='ocrx_word' id='word_1_290' title='bbox 1071 3612 1218 3672; x_wconf 87' lang='lat' dir='ltr'><strong>infinitam</strong></span> 
     </span>
     <span class='ocr_line' id='line_1_35' title="bbox 136 3706 1220 3783; baseline 0.007 -24"><span class='ocrx_word' id='word_1_291' title='bbox 136 3718 187 3760; x_wconf 89' lang='lat' dir='ltr'><strong>seo</strong></span> <span class='ocrx_word' id='word_1_292' title='bbox 209 3706 391 3764; x_wconf 83' lang='lat' dir='ltr'><strong>nativitatem</strong></span> <span class='ocrx_word' id='word_1_293' title='bbox 412 3710 476 3766; x_wconf 91' lang='lat' dir='ltr'><strong>sine</strong></span> <span class='ocrx_word' id='word_1_294' title='bbox 499 3708 558 3767; x_wconf 89' lang='lat' dir='ltr'><strong>fine</strong></span> <span class='ocrx_word' id='word_1_295' title='bbox 578 3715 734 3783; x_wconf 90' lang='lat' dir='ltr'><strong>potentem.</strong></span> <span class='ocrx_word' id='word_1_296' title='bbox 756 3708 900 3769; x_wconf 79' lang='lat' dir='ltr'><strong>Actirltas</strong></span> <span class='ocrx_word' id='word_1_297' title='bbox 923 3710 1000 3767; x_wconf 89' lang='lat' dir='ltr'><strong>enirn</strong></span> <span class='ocrx_word' id='word_1_298' title='bbox 1020 3725 1055 3767; x_wconf 86' lang='lat' dir='ltr'><strong>ex</strong></span> <span class='ocrx_word' id='word_1_299' title='bbox 1077 3711 1220 3768; x_wconf 86' lang='lat' dir='ltr'><strong>essentiae</strong></span> 
     </span>
     <span class='ocr_line' id='line_1_36' title="bbox 139 3800 1220 3882; baseline 0.006 -26"><span class='ocrx_word' id='word_1_300' title='bbox 139 3800 272 3859; x_wconf 86' lang='lat' dir='ltr'><strong>realitate</strong></span> <span class='ocrx_word' id='word_1_301' title='bbox 291 3806 434 3879; x_wconf 82' lang='lat' dir='ltr'><strong>emergit,</strong></span> <span class='ocrx_word' id='word_1_302' title='bbox 455 3820 490 3863; x_wconf 90' lang='lat' dir='ltr'><strong>ac</strong></span> <span class='ocrx_word' id='word_1_303' title='bbox 510 3805 631 3880; x_wconf 90' lang='lat' dir='ltr'><strong>proinde</strong></span> <span class='ocrx_word' id='word_1_304' title='bbox 658 3808 852 3882; x_wconf 91' lang='lat' dir='ltr'><strong>principium,</strong></span> <span class='ocrx_word' id='word_1_305' title='bbox 875 3804 952 3866; x_wconf 91' lang='lat' dir='ltr'><strong>unde</strong></span> <span class='ocrx_word' id='word_1_306' title='bbox 971 3806 1068 3880; x_wconf 81' lang='lat' dir='ltr'><strong>iiuit,¹</strong></span> <span class='ocrx_word' id='word_1_307' title='bbox 1083 3821 1220 3881; x_wconf 89' lang='lat' dir='ltr'><strong>superare</strong></span> 
     </span>
     <span class='ocr_line' id='line_1_37' title="bbox 135 3898 1266 3982; baseline 0.006 -30"><span class='ocrx_word' id='word_1_308' title='bbox 135 3901 248 3972; x_wconf 87' lang='lat' dir='ltr'><strong>nequit.</strong></span> <span class='ocrx_word' id='word_1_309' title='bbox 273 3898 314 3959; x_wconf 89' lang='lat' dir='ltr'><strong>Ut</strong></span> <span class='ocrx_word' id='word_1_310' title='bbox 326 3900 399 3959; x_wconf 87' lang='lat' dir='ltr'><strong>iliud</strong></span> <span class='ocrx_word' id='word_1_311' title='bbox 418 3904 565 3979; x_wconf 91' lang='lat' dir='ltr'><strong>omittam,</strong></span> <span class='ocrx_word' id='word_1_312' title='bbox 579 3906 770 3982; x_wconf 85' lang='lat' dir='ltr'><strong>activitatem,</strong></span> <span class='ocrx_word' id='word_1_313' title='bbox 789 3910 888 3981; x_wconf 88' lang='lat' dir='ltr'><strong>utpote</strong></span> <span class='ocrx_word' id='word_1_314' title='bbox 909 3920 983 3980; x_wconf 91' lang='lat' dir='ltr'><strong>quae</strong></span> <span class='ocrx_word' id='word_1_315' title='bbox 1005 3909 1145 3978; x_wconf 88' lang='lat' dir='ltr'><strong>tanquam</strong></span> <span class='ocrx_word' id='word_1_316' title='bbox 1161 3906 1219 3959; x_wconf 73' lang='lat' dir='ltr'><strong>me</strong></span> <span class='ocrx_word' id='word_1_317' title='bbox 1264 3924 1266 3927; x_wconf 95' lang='lat'>·</span> 
     </span>
     <span class='ocr_line' id='line_1_38' title="bbox 137 3982 1220 4079; baseline 0.007 -31"><span class='ocrx_word' id='word_1_318' title='bbox 137 3990 221 4052; x_wconf 90' lang='lat' dir='ltr'><strong>dium</strong></span> <span class='ocrx_word' id='word_1_319' title='bbox 243 3994 281 4054; x_wconf 90' lang='lat' dir='ltr'><strong>ad</strong></span> <span class='ocrx_word' id='word_1_320' title='bbox 301 3996 390 4057; x_wconf 86' lang='lat' dir='ltr'><strong>linem</strong></span> <span class='ocrx_word' id='word_1_321' title='bbox 412 4000 537 4076; x_wconf 86' lang='lat' dir='ltr'><strong>aliquem</strong></span> <span class='ocrx_word' id='word_1_322' title='bbox 559 4001 761 4078; x_wconf 85' lang='lat' dir='ltr'><strong>aitingebdum</strong></span> <span class='ocrx_word' id='word_1_323' title='bbox 782 4002 913 4079; x_wconf 87' lang='lat' dir='ltr'><strong>datur,a</strong></span> <span class='ocrx_word' id='word_1_324' title='bbox 935 4002 1006 4078; x_wconf 86' lang='lat' dir='ltr'><strong>fine,</strong></span> <span class='ocrx_word' id='word_1_325' title='bbox 1028 4016 1113 4076; x_wconf 89' lang='lat' dir='ltr'><strong>quem</strong></span> <span class='ocrx_word' id='word_1_326' title='bbox 1131 3982 1220 4074; x_wconf 85' lang='lat' dir='ltr'><strong>respi-</strong></span> 
     </span>
    </p>
   </div>
   <div class='ocr_carea' id='block_1_7' title="bbox 0 0 1472 4425">
    <p class='ocr_par' dir='ltr' id='par_1_9' title="bbox 0 0 1472 4425">
     <span class='ocr_line' id='line_1_39' title="bbox 0 0 1472 4425; baseline 0 0"><span class='ocrx_word' id='word_1_327' title='bbox 0 0 1472 4425; x_wconf 95' lang='lat' dir='ltr'><strong> </strong></span> 
     </span>
    </p>
   </div>
  </div>
 </body>
</html>
