2892 4425
554 345 632 391 rsus
653 346 756 393 surus
1156 332 1194 395 ie

10 418 16 461 ³
110 412 262 541 ¹volveret,
283 454 424 520 iudicium
444 471 515 517 vero
532 456 622 517 terret
643 456 770 517 nullum.
791 454 872 518 Solet
888 456 977 518 etism
995 455 1089 537 buce,
1107 464 1196 537 prout

117 557 153 619 sd
168 556 313 617 obiectum
329 561 578 633 repraesentatum
602 553 743 631 relertur,
765 556 1042 633 concepissemus,
1058 557 1192 633 intuitio,

15 683 19 691 ·
102 652 198 732 ,ideo‚
222 656 386 732 promiscue
406 652 563 730 appellari,
583 653 720 729 quumvis
743 653 879 714 nonnulli
898 652 1086 731 philosophi,
1113 654 1195 715 lieu·

116 752 185 813 boui
203 754 386 829 praesertim,
404 768 464 811 nou
483 750 616 809 eamdem
635 748 682 808 his
695 749 817 810 vocibus
836 750 1081 828 sigulilcetiouem
1104 751 1196 813 subii·

116 852 203 911 eleut.
224 850 277 925 At,
295 848 464 909 huiusmodi
483 846 711 907 somniatoribus
731 849 860 924 omissis,
881 849 1084 925 prudentiores
1105 845 1195 928 Logi-

116 964 163 1008 eos
181 950 344 1025 sequimur,
364 948 415 1022 qui
437 944 522 1005 ideae
541 947 660 1004 nomine
678 944 726 1022 id,
743 944 823 1021 quod
844 944 991 1023 diximus,
1011 946 1195 1023 irequeutlus

115 1045 292 1123 significent,
311 1058 403 1120 euque
414 1042 530 1102 definiri
544 1048 641 1119 posset
651 1060 659 1101 :
670 1056 672 1061 ’
677 1044 831 1120 perceptio
847 1046 955 1102 mestis
975 1043 1123 1104 obiectum
1139 1042 1197 1104 oli·

116 1141 193 1219 quod
211 1147 456 1219 repraesentarem
480 1139 548 1200 vel:
571 1138 739 1201 similitudo
755 1139 864 1200 obiecti
885 1142 920 1200 io
935 1145 1033 1201 merie
1051 1143 1193 1201 mutem.

116 1238 199 1299 Meus
217 1241 297 1299 euim
315 1241 482 1316 cognitione
495 1254 549 1299 suu
567 1239 712 1299 obiectum
726 1239 825 1315 ipsum
844 1240 875 1296 iu
894 1254 927 1297 ss
945 1241 1032 1315 qussi
1048 1237 1192 1316 depingit,

116 1342 144 1396 et
161 1337 292 1398 idealiter
310 1336 486 1413 reproduclt.

176 1434 270 1495 Porro
287 1435 325 1494 de
338 1433 473 1495 idearum
488 1440 607 1510 uotum,
624 1436 749 1513 origiue,
763 1450 922 1510 serumque
935 1440 999 1494 tum
1010 1430 1197 1493 ermriiibus

110 1532 355 1613 perceptionibus,
380 1540 441 1593 tum
466 1531 762 1611 apioetmmatsoos
777 1533 964 1593 distinetione
984 1531 1022 1593 sd
1036 1530 1195 1609 Psycbolo-

116 1634 192 1711 pum
216 1630 357 1691 disserere
374 1634 521 1713 pertiuet3
543 1631 592 1690 hic
610 1637 724 1691 mutum
747 1648 781 1691 eu
798 1630 1002 1708 degustemus,
1021 1644 1098 1708 quse
1117 1631 1196 1689 selus

29 1752 32 1759 ·
118 1732 252 1792 ridentur
268 1732 430 1791 necessarie
443 1730 481 1791 ud
492 1730 633 1790 eiusmodi
652 1732 850 1807 operationem
863 1728 1097 1806 intelligendum,
1108 1732 1197 1805 prout

114 1830 257 1889 rutioeiull
275 1829 451 1887 elementum
473 1830 635 1888 coustituit.

175 1936 205 1985 n.
227 1928 302 2000 Quin
321 1924 388 1985 ides
405 1928 484 1985 circu
503 1924 622 2002 aliquod
640 1923 786 1986 obiectum
805 1940 922 2001 semper
938 1929 1087 1999 versetur,
1107 1929 1197 1999 utque

115 2030 182 2083 ectu
201 2027 307 2083 meniis
326 2026 510 2101 continetur3
532 2024 642 2084 idcirco
660 2026 793 2101 sequitur
811 2031 846 2084 ut
864 2024 995 2083 idearum
1018 2019 1197 2099 disserentis

115 2122 222 2199 duplici
241 2139 279 2183 ex
301 2123 383 2183 ioute
400 2125 471 2183 oriri
489 2126 595 2199 possit,
614 2140 652 2183 ex
671 2122 842 2184 diversitate
861 2125 1002 2182 nimirum
1019 2128 1072 2181 uut
1088 2120 1198 2181 obiecti

115 2228 168 2280 sut
180 2219 260 2281 modi
279 2238 337 2299 quo
349 2221 493 2282 obiectum
507 2223 582 2282 idem
601 2225 766 2300 attingitur.
789 2222 920 2281 Priorem
931 2220 1129 2280 diiiereutium
1143 2217 1195 2278 ob·

114 2319 263 2390 icetioom,
285 2318 409 2378 aiterum
427 2317 618 2377 urbicolivom
635 2334 801 2394 vocemus,
818 2318 912 2394 deque
929 2320 1082 2394 utriusque
1104 2318 1195 2376 seriis

114 2413 267 2491 speciebus
288 2413 440 2489 loquemur
465 2415 586 2491 sliquld.

142 2583 155 2598 ο
177 2518 207 2574 8.
229 2509 299 2569 ideo
319 2511 430 2570 retioue
449 2509 550 2586 modi,
572 2526 632 2587 quo
651 2510 798 2572 obiectum
817 2510 934 2571 diverse
952 2511 1124 2588 percipitur,
1144 2525 1197 2571 seu

114 2610 212 2687 quood
225 2607 421 2668 diiiereutium
435 2606 640 2686 sublectlvsm,
654 2609 747 2669 dividi
761 2613 865 2685 potest:
881 2611 912 2668 iu
925 2607 1040 2668 ciorum
1053 2613 1085 2667 et
1096 2605 1197 2667 obsco·

115 2723 193 2782 rom,
216 2705 433 2766 indistinctam
453 2713 482 2766 et
501 2703 664 2783 confusam,
687 2704 906 2784 incomplexam
925 2713 955 2766 et
973 2703 1191 2783 iuemanelom,

114 2807 149 2864 iu
169 2803 367 2883 adaequatam
392 2811 421 2864 et
444 2803 685 2882 ioudoequuiom.
705 2805 800 2865 liuius
822 2805 988 2882 partitionis
1011 2802 1125 2879 (sellem
1149 2801 1197 2862 iris

115 2902 214 2962 verbis
231 2903 389 2978 expositae)
412 2905 469 2962 trie
490 2903 621 2963 membre
641 2903 804 2963 Leibuitlus
822 2905 947 2979 iuverit,
968 2902 1020 2978 qui
1037 2899 1075 2961 de
1094 2902 1195 2978 cogui-

46 3059 47 3066 ,
66 3021 69 3026 “
113 3001 195 3061 boue
213 3003 255 3060 itu
270 3001 402 3086 scripsit:
425 3025 438 3052 ι
460 3001 512 3062 Est
531 3017 601 3080 ergo
620 3004 749 3078 cognitio
769 3001 816 3060 rei
834 3000 968 3074 obscuro,
990 2999 1035 3058 uel
1054 2997 1153 3073 risere·
1167 3004 1198 3058 el

118 3123 132 3150 κ
149 3097 235 3158 ciero
249 3114 351 3158 rursus
371 3099 417 3159 vei
436 3095 569 3176 consuere,
591 3100 638 3160 vel
653 3099 797 3160 distincto
803 3118 816 3174 ,·
833 3104 865 3158 et
880 3097 1023 3158 distincto
1041 3097 1087 3156 vel
1109 3095 1197 3157 inod-

118 3219 132 3247 κ
148 3199 295 3274 musio,
317 3196 363 3256 vel
386 3195 553 3275 adaequato
575 3200 598 3257 ¹.
623 3221 636 3250 ι
660 3197 714 3258 iiis
732 3203 872 3274 qusrtum
891 3195 1055 3262 membrum
1074 3197 1197 3254 interse-

115 3295 177 3354 ruit
198 3293 347 3371 Woiilus,
376 3293 550 3354 distinctam
569 3295 665 3355 ideum
692 3296 724 3354 iu
747 3293 923 3371 completum
942 3301 973 3353 et
992 3291 1201 3370 incompletom

114 3387 253 3468 pertitus,
267 3398 423 3470 antequem
437 3394 468 3452 iu
483 3391 680 3470 adaequatum
694 3398 724 3452 ei
736 3390 970 3469 inodoeqootom
983 3391 1127 3451 diuideret
1143 3392 1170 3450 ¹.

179 3485 250 3545 ides
267 3487 352 3547 eioro
372 3504 408 3548 ee
421 3488 542 3566 dicitur,
560 3505 636 3566 quoe
653 3489 800 3550 obiectum
820 3492 863 3550 its
875 3496 1083 3567 repraesentet,
1105 3495 1138 3549 ut
1160 3488 1200 3548 eb
1288 3545 1291 3552 .

84 3628 87 3636 ,
115 3581 186 3643 eliis
206 3591 397 3662 secernetur3
420 3593 523 3647 ooutrs
543 3604 631 3666 uero,
651 3604 727 3666 quse
745 3586 871 3649 obscuro
891 3587 982 3647 rudit.
1011 3587 1059 3647 Sic
1076 3587 1142 3647 ideo
1163 3588 1202 3646 si·

114 3681 196 3744 deris
210 3681 377 3759 cuiusdam,
393 3699 442 3743 ex.
458 3701 503 3763 gr.
521 3683 609 3763 iovis,
626 3703 716 3764 quum
731 3685 820 3747 hebet
833 3692 1032 3762 astronomus,
1043 3683 1128 3746 eiuro
1141 3689 1198 3762 ατς

180 3919 189 3962 i
204 3909 295 3962 Medii.
309 3909 342 3962 de
352 3913 507 3974 coeruleus,
520 3915 632 3964 oerilooe
642 3917 667 3966 ei
680 3913 754 3968 idcir.
768 3917 797 3966 Τ.
810 3921 834 3967 i.
847 3917 921 3979 oper.
932 3914 992 3966 suit
1005 3915 1097 3967 Gener.

178 3991 340 4042 willirat.
356 4005 380 4055 p.
400 4001 420 4054 i,
434 4006 482 4043 see.
497 4001 520 4056 2,
536 4007 558 4044 o.
575 3995 631 4058 1,§.
644 4003 683 4046 su.
