2892 4425
253 363 310 414 roo
581 365 799 410 amarnusroa
820 367 993 408 erasurus
1272 415 1278 437 .

249 479 333 538 eoins
363 478 422 534 vim
452 477 653 534 inooneussam
679 475 816 552 liegusiiu
846 478 906 552 ipss
932 475 1050 535 iateorr.
1070 473 1225 551 Propterea
1241 479 1324 534 enim

250 580 397 636 axiomata
414 573 579 634 idatineseos
598 575 628 632 io
641 576 729 633 sertis
740 572 844 649 habet,
862 575 931 650 qnia
952 590 989 634 ex
1006 573 1057 632 iiio
1073 573 1255 651 derivantur,
1268 591 1322 634 nee

248 674 328 735 aliud
348 672 508 750 quidquam
529 679 619 748 sunt,
645 687 734 748 quam
762 673 856 748 ipsum
886 670 1122 732 eonnndietionis
1147 673 1320 748 principium

249 773 373 832 diversis
396 771 557 831 exhibitum
580 774 713 831 terminis
742 777 771 830 ei
793 770 986 846 peculiaribus
1010 772 1085 829 entis
1109 769 1322 832 conditionibus

248 871 509 931 eeoommodatum.
530 871 612 943 Quae
638 870 737 927 omnia
753 870 778 925 si
803 870 833 926 io
856 867 913 929 iiiis
939 883 1007 926 vera
1035 875 1115 943 sunt,
1142 869 1241 944 proeui
1266 868 1320 926 da·

155 1035 159 1040 ,
247 968 297 1028 bio
319 985 373 1045 pro
391 973 492 1027 nostro
512 970 601 1026 etiam
624 966 716 1026 edsio
736 968 798 1024 vim
817 966 935 1026 habunt.
955 965 1068 1025 Etenim
1084 968 1108 1025 si
1131 967 1228 1042 aiiqua
1249 983 1320 1026 eon·

245 1069 362 1144 tingens
374 1067 528 1127 existentie
543 1068 606 1125 sine
621 1081 711 1126 eeusa
731 1064 874 1125 effleieute
891 1064 1042 1141 prodiret,
1061 1071 1138 1124 uerte
1154 1081 1200 1124 res
1223 1067 1321 1124 istius

246 1164 395 1225 modium
414 1180 433 1223 a
452 1167 498 1224 sni
509 1163 710 1241 possibilitate
730 1164 912 1223 existentiam
934 1165 1082 1238 reciperet,
1100 1169 1152 1222 aot
1173 1179 1191 1222 e
1210 1163 1317 1222 nitito.

246 1263 408 1340 Utrumque
425 1269 522 1323 eutem
541 1264 684 1338 principio
703 1261 939 1322 eontradiotionis
960 1262 1140 1322 adversatur.
1164 1261 1238 1322 Nem
1257 1265 1281 1320 si
1301 1279 1319 1320 a

245 1365 292 1422 sui
314 1359 503 1437 possibiiitate
519 1359 641 1419 eiieotus
660 1359 709 1419 iiio
731 1363 867 1437 reciperet
886 1363 1071 1420 existentiam
1095 1360 1190 1437 (quod
1215 1367 1319 1420 nueior

244 1458 400 1519 subaudire
418 1456 551 1532 ridetur,
574 1473 642 1516 eom
662 1465 774 1518 usserat
796 1459 1001 1534 existentium,
1024 1465 1058 1519 ut
1077 1462 1138 1535 sit,
1156 1473 1217 1518 non
1235 1475 1320 1536 egere

244 1559 301 1616 nisi
326 1549 388 1614 soie
417 1557 531 1614 interna
557 1549 790 1631 possibilitate);
818 1563 887 1616 mue
914 1557 1193 1633 praeterquamquod
1220 1557 1319 1614 omnia

243 1652 394 1730 possibiiia
417 1652 474 1712 hoe
496 1656 561 1729 ipso
584 1647 734 1712 e'xstarent
753 1653 912 1730 (habereut
933 1656 1010 1714 euim
1030 1655 1109 1732 quod
1134 1653 1173 1714 nd
1196 1657 1319 1714 existen·

243 1751 314 1810 dum
338 1750 483 1828 suffieit),
509 1753 540 1809 in
569 1757 698 1826 apertam
717 1759 907 1829 oonoeptunm
935 1766 1063 1830 pugnam
1091 1751 1254 1811 iubendum·
1274 1752 1317 1810 io·

243 1857 298 1910 ret.
319 1849 395 1909 Nam
419 1857 495 1909 oerte
511 1852 665 1910 existentia
685 1855 783 1910 moine
808 1851 946 1928 quiddam
970 1858 1014 1911 est
1040 1861 1128 1928 quem
1149 1851 1228 1910 nuda
1248 1867 1315 1928 pos·

243 1947 384 2025 nbilitas,
401 1949 485 2025 eique
504 1949 775 2008 determinationem
798 1957 951 2027 notumque
975 1949 1117 2009 existendi
1139 1950 1267 2025 appiioat
1288 1956 1318 2008 et

154 2114 158 2120 ,
187 2075 193 2086 ,
243 2045 386 2122 adiungit.
414 2045 491 2123 iirgo
512 2049 536 2105 si
558 2047 598 2106 ad
618 2047 801 2107 existendum
823 2048 970 2108 sufficeret
996 2047 1197 2123 possibilitas,
1219 2050 1316 2106 minuo

243 2143 390 2223 sufficeret
413 2145 452 2204 ad
480 2146 715 2206 constituendum
741 2148 848 2205 motus.
877 2146 961 2221 Quod
993 2148 1053 2222 ipse
1083 2145 1221 2223 Begneiin
1249 2161 1316 2204 eou-

243 2242 441 2303 trodietorium
462 2246 602 2321 agnoseit.
632 2244 765 2321 Loquens
786 2246 864 2303 enim
891 2244 927 2303 de
948 2246 1108 2319 principio:
1140 2248 1232 2303 totum
1252 2258 1314 2303 mo·

242 2344 289 2399 iro
301 2346 348 2400 ert
359 2346 461 2419 porte,
479 2343 696 2417 pronuntiatum
714 2343 770 2403 hoe
787 2359 824 2403 ea
844 2343 1080 2403 contradictionis
1100 2342 1191 2401 eiiato
1207 2343 1317 2403 ideireo

242 2438 378 2516 derivat,
400 2440 478 2517 qnod
501 2439 571 2500 huie
590 2442 778 2517 propositioni
804 2441 988 2517 nequivaiet:
1016 2444 1111 2499 motor
1137 2442 1315 2517 aequitates

240 2539 349 2597 moer.
371 2536 411 2597 At
424 2541 530 2597 mirum
549 2546 604 2613 est,
623 2539 769 2614 quomodo
785 2538 815 2597 id
836 2542 930 2615 ipsum
952 2554 1005 2615 pro
1024 2539 1203 2598 causalitatis
1223 2537 1315 2597 eiiuto

241 2650 299 2693 noo
320 2640 502 2693 eontuestur.
528 2634 684 2696 Evidenter
705 2639 830 2695 enimsi
855 2636 1029 2713 possibiiitas
1052 2638 1156 2714 (qnae,
1180 2644 1212 2695 ut
1236 2636 1311 2695 diri·

240 2746 318 2807 mus,
335 2734 430 2791 minor
450 2740 494 2791 est
511 2750 600 2810 qoam
620 2732 785 2810 existentia)
805 2732 841 2793 ad
862 2736 1045 2793 existentiam
1063 2733 1124 2793 soia
1147 2733 1310 2809 sufficeret,

240 2832 338 2890 mirem
359 2828 504 2891 suidoroet
528 2830 565 2890 ad
588 2834 704 2907 maiam
733 2832 852 2907 proinde
873 2831 949 2891 idem
968 2839 1044 2892 esset
1061 2833 1147 2891 simui
1168 2834 1264 2891 minor
1284 2838 1313 2890 et

237 2930 356 2999 maier,
385 2943 436 2987 sen
463 2931 560 2987 mimo
581 2936 611 2987 et
634 2945 692 2988 non
717 2932 826 2989 minor.
852 2930 908 3002 Qui
931 2938 1086 3007 ooneeptos
1110 2936 1241 3007 pugnent
1265 2932 1309 2986 in·

241 3031 286 3083 ter
306 3040 348 3084 se.

297 3121 378 3181 idem
398 3120 451 3182 dat
482 3124 689 3201 ratiocinium,
713 3128 740 3184 si
766 3127 926 3185 adstruitur
956 3128 1138 3187 existentiam
1169 3126 1310 3185 eiusmodi

238 3220 416 3296 suppeditari
437 3234 455 3279 a
474 3219 581 3280 nihilo.
610 3221 685 3281 Nam
705 3220 849 3298 nihilum,
870 3240 937 3284 eum
958 3242 1016 3284 noo
1038 3227 1076 3285 tit
1096 3225 1218 3301 niiquid,
1234 3232 1311 3283 eerte

239 3318 335 3375 minos
355 3325 400 3376 est
418 3334 507 3393 quem
528 3322 692 3398 existentin;
713 3336 801 3399 quae,
822 3322 961 3400 quidquid
983 3326 1032 3397 sit,
1047 3320 1175 3399 proiecto
1194 3329 1238 3382 est
1257 3322 1309 3381 eii·

237 3412 319 3487 qnid.
345 3413 496 3475 Hesterno
516 3420 541 3476 si
561 3433 647 3477 nemo
672 3419 724 3479 dut
751 3419 829 3495 quod
852 3436 909 3478 uon
933 3420 1031 3496 haiim
1062 3420 1191 3481 nihilum
1211 3426 1310 3497 utpote

140 3566 143 3572 .
237 3513 316 3567 omui
340 3513 471 3573 reaiitete
493 3517 661 3592 privatum,
686 3520 786 3593 nequit
805 3523 881 3577 certe
902 3519 979 3578 hano
999 3521 1157 3596 impertiri3
1177 3520 1233 3577 nisi
1259 3534 1309 3594 pu·

237 3607 394 3764 {ogtibuo
412 3611 485 3673 ideis
510 3616 599 3673 statui
619 3614 688 3674 veiit
710 3615 789 3674 iiiam
813 3631 831 3674 n
855 3614 950 3677 nitito
965 3616 1063 3677 haberi
1087 3605 1174 3677 simui
1203 3624 1231 3675 et
1250 3632 1308 3674 non

258 3718 276 3763 d
315 3707 351 3764 ri.
