2892 4425
338 349 421 438 tiae
440 349 553 402 naria
575 373 587 388 -
607 350 788 404 inanimata
810 355 988 404 utauaanrs
1152 353 1210 422 aii

130 456 208 529 aer-te
232 465 354 544 produei
380 467 543 544 oportebat.
569 469 604 527 in
627 470 847 528 eoueeruatione
871 475 968 528 autern
993 485 1052 528 nou
1073 476 1118 529 est
1143 472 1207 544 ita;

130 568 236 643 quippe
253 580 322 624 eum
340 581 378 625 ex
400 581 436 625 ea
452 566 526 625 nihii
547 569 617 626 novi
638 565 725 626 rebus
742 568 800 626 iam
819 569 924 628 amatis
943 567 1131 645 adiungatur.

188 665 298 724 Vemm
318 671 432 740 tantum
453 665 556 742 abeat,
581 672 615 725 ut
637 665 667 724 id
689 665 834 741 proiatum
860 681 877 725 a
899 666 984 726 nobis
1003 673 1208 744 argumentum

29 823 33 826 .
132 762 248 839 frangat
268 762 314 821 vei
335 762 477 840 demittet,
496 769 531 822 ut
549 763 665 824 roboret
683 766 790 840 magis.
811 763 925 823 Etenim
946 767 1120 825 existentiae
1138 777 1217 839 cong

131 862 274 935 donatio,
292 859 433 936 quidquid
451 862 508 938 eit,
524 868 602 921 uerte
619 861 730 938 aliquid
749 861 826 921 reaie
846 868 905 938 est,
923 861 1002 938 quod
1021 865 1209 923 existentiam

129 961 223 1035 ipeam
242 958 333 1018 ueiuti
352 959 484 1018 extendit
500 965 531 1018 et
544 966 642 1036 auget.
664 961 735 1020 Pius
752 963 830 1019 enim
849 960 980 1036 proiecto
999 967 1044 1020 est
1061 963 1091 1019 in
1112 977 1208 1020 susee-

130 1065 181 1132 pta
196 1056 283 1116 mmai
299 1059 454 1117 existentia
469 1073 666 1135 perseverare,
681 1075 771 1135 quam
788 1059 839 1118 iiia
858 1058 896 1118 ad
912 1062 1051 1135 temporis
1067 1065 1208 1135 punetunu

130 1153 201 1214 irai.
225 1155 282 1214 Per
299 1171 365 1214 eam
384 1158 477 1233 igitur
495 1156 608 1232 aiiqnid
629 1158 699 1215 nori
719 1157 837 1217 additur
857 1159 1009 1234 creaturis,
1031 1158 1110 1234 quod
1131 1165 1210 1218 eerte

130 1267 197 1312 eum
220 1255 317 1328 prima
338 1269 438 1313 earum
456 1257 603 1313 creatione
621 1254 763 1314 oeniandi
786 1271 846 1314 nou
870 1255 965 1315 debet.
991 1255 1107 1332 Optime
1129 1259 1208 1316 enim

130 1357 208 1410 stare
227 1357 341 1427 poterat
357 1358 388 1410 et
404 1354 527 1429 eogitari
546 1354 667 1428 creatio,
686 1354 800 1412 etiamsi
823 1352 906 1412 nulia
927 1354 1049 1429 posthae
1073 1369 1209 1431 sequere·

130 1455 181 1508 tur
202 1465 299 1508 rerum
320 1455 481 1509 ereaturam
500 1452 677 1526 permaneto.
702 1451 787 1510 Hane
807 1452 897 1528 igitur
920 1453 950 1510 in
974 1452 1059 1512 rebus
1082 1453 1209 1513 eonditia

130 1547 252 1622 predari
274 1553 406 1624 oportet,
426 1553 514 1624 atque
537 1555 689 1624 propterea
711 1550 855 1624 positivus
876 1554 907 1608 et
928 1555 1066 1609 externus
1085 1549 1138 1609 Dei
1161 1552 1208 1610 in·

130 1644 242 1721 mane,
261 1648 312 1722 qui
329 1661 395 1704 eam
417 1647 531 1723 gignat,
549 1649 688 1723 exigitur.
739 1712 741 1718 ,
848 1665 851 1674 ·

190 1744 344 1804 Praeterea
361 1745 419 1804 niai
440 1746 578 1805 voiuntaa
599 1744 654 1809 Dei
672 1752 826 1805 externum
849 1746 977 1824 aliquem
999 1753 1029 1805 et
1049 1749 1208 1824 positivum

130 1841 275 1901 indiarum
296 1843 327 1900 in
349 1857 446 1902 rernm
465 1845 717 1904 eonaerrationem
739 1851 909 1920 exemeret,
933 1844 992 1904 duo
1014 1847 1144 1904 maxima
1166 1843 1209 1904 oi·

130 1937 316 1999 tenderentur
336 1939 472 2000 ahenrda.
495 1940 641 2017 Primum,
663 1941 744 2016 qnod
770 1957 816 2001 rea
834 1941 968 2002 conditae
992 1949 1120 2018 perstare
1140 1957 1208 2018 pos·

130 2044 207 2114 seat,
228 2041 343 2098 etiamsi
361 2039 463 2099 diuina
477 2037 615 2098 voluntas
634 2045 865 2099 eommutaretur
886 2039 1025 2115 floretque
1043 2033 1225 2114 contrarias

129 2135 274 2214 duum,
296 2135 376 2212 quod
398 2151 483 2197 aeone
503 2141 630 2212 poterae
652 2137 685 2195 in
705 2135 766 2196 neo
787 2136 936 2215 redigendi
957 2137 989 2195 in
1009 2136 1135 2196 niiriinm
1159 2151 1209 2196 ree

129 2242 241 2295 maetas
260 2235 400 2311 expiiaari
416 2236 537 2295 minime
553 2240 663 2311 posset
680 2234 720 2295 iit
736 2250 808 2295 eane
822 2236 849 2295 ei
863 2236 1001 2296 uoluntas
1017 2218 1072 2295 Dat
1087 2220 1208 2295 extortio

131 2333 230 2409 eiquo
251 2332 367 2393 influxa
383 2332 567 2393 demtionem
588 2336 620 2392 in
645 2332 732 2393 rebus
754 2334 861 2393 creatis
883 2348 942 2393 nou
967 2332 1119 2409 pmdueit3
1140 2348 1209 2409 pro·

129 2430 219 2508 teoto,
234 2430 273 2490 ed
297 2446 344 2491 ree
363 2432 443 2507 ipoaa
462 2429 596 2493 eonditae
616 2430 696 2508 qnod
718 2432 842 2508 attinet,
868 2430 943 2492 nihii
962 2434 1084 2491 intereat
1108 2436 1208 2491 utrum

130 2530 268 2591 adnutat
285 2530 337 2589 iiia
354 2536 448 2590 eeeuet
466 2535 652 2607 mammone
668 2530 700 2589 in
719 2532 899 2591 mutrariam
918 2546 1020 2590 neena.
1044 2527 1209 2590 iintatiuue

130 2628 208 2685 enim
237 2626 285 2687 rei
307 2628 450 2688 deaitione
473 2627 633 2687 voiuntatis
655 2633 815 2705 externae,
837 2644 913 2706 quae
939 2629 968 2687 in
996 2642 1059 2687 rem
1084 2642 1143 2688 non
1165 2630 1210 2688 in·

130 2724 217 2802 duit,
241 2742 289 2785 ree
312 2728 377 2801 ipae
401 2720 458 2785 nao‘
474 2724 583 2785 desinit
601 2740 656 2787 nee
674 2732 817 2787 mutatur.

189 2820 329 2883 Instante:
356 2822 388 2881 id
405 2824 526 2884 minime
544 2827 637 2901 aequi.
660 2824 736 2885 Nam
757 2826 783 2885 ui
802 2824 882 2886 Deua
903 2841 949 2885 ree
972 2823 1105 2885 eonditor
1126 2823 1204 2885 deei-

130 2938 198 2983 nere
219 2922 483 3000 mutuaenutuae
502 2938 538 2983 ex
551 2922 609 2983 hae
624 2925 776 2985 voiuntate
789 2924 827 2985 ad
841 2925 985 2985 aeduum
1006 2922 1135 3001 utiquam
1157 2923 1208 2983 ad·

129 3019 301 3098 daeeremr,
315 3039 376 3099 qua
399 3038 447 3083 ree
472 3037 522 3081 eae
547 3038 668 3099 prorem
687 3027 843 3083 everteret.

189 3118 280 3194 lieep.
295 3122 437 3195 Quamvis
453 3121 483 3180 id
501 3121 673 3197 largiamur,
688 3126 787 3181 minen
801 3136 861 3180 non
879 3119 947 3180 inde
962 3116 1121 3195 impeditur
1134 3134 1207 3195 quo·

129 3215 227 3273 minue
239 3219 265 3273 ei
286 3219 316 3274 in
335 3218 493 3297 eogitaudn
504 3218 661 3278 dumtaxat
678 3218 781 3279 diviua
800 3217 952 3278 voluntate
969 3230 1126 3291 moremur,
1138 3230 1208 3275 eoa·

130 3314 187 3388 eipi
200 3310 281 3371 Deua
301 3318 393 3388 poeait
409 3332 508 3376 rerum
527 3316 712 3376 conditarum
722 3318 956 3393 permansionem
971 3314 1060 3390 noiie,
1073 3315 1146 3391 quin
1162 3320 1208 3373 ta-

130 3426 198 3492 men
212 3408 321 3469 ideireo
333 3410 402 3470 iliae
419 3420 568 3473 oorruani.
584 3412 695 3474 Deinde
713 3413 744 3473 id
764 3416 866 3490 etiam,
879 3411 959 3489 quod
980 3412 1079 3490 largiti
1093 3426 1207 3489 eumue,

130 3508 326 3569 revocandum
339 3515 395 3569 eet.
408 3509 452 3570 Ea
462 3513 540 3572 mim
555 3514 700 3572 sententia
713 3514 792 3571 aetio
811 3509 991 3587 huiusmodi,
1006 3527 1066 3587 qua
1079 3510 1157 3571 Deua
1176 3512 1209 3569 in

130 3607 257 3684 niiaiium
274 3614 423 3668 ereaturee
443 3608 598 3686 redigeret,
615 3610 745 3669 absurda
757 3615 844 3670 earet.
859 3608 936 3670 Nam
950 3612 1027 3669 aetio
1043 3624 1110 3669 enm
1130 3605 1210 3667 reaie

130 3705 241 3783 aiiqniti
261 3722 296 3765 ae
316 3708 476 3783 positimm
495 3708 558 3783 ait,
579 3722 634 3783 pro
653 3710 781 3767 termino
801 3706 927 3767 nihilum
955 3706 1062 3766 habere
1088 3705 1208 3781 nequit3

130 3814 160 3867 et
180 3822 248 3865 eum
268 3804 450 3866 effectionem
467 3806 596 3883 aliquam
613 3804 670 3865 eibi
684 3806 834 3884 implicet,
854 3805 911 3866 hoo
924 3806 987 3882 ipso
1000 3802 1079 3881 qnod
1097 3800 1209 3878 aliquid

128 3905 269 3981 denuit,
287 3902 368 3963 aliud
389 3903 472 3965 iacit.
494 3905 677 3981 Quapropter
698 3904 776 3965 Deus
795 3902 929 3983 agendo,
952 3901 1064 3963 nuliam
1085 3915 1146 3959 rem
1167 3903 1210 3961 aio

128 4002 261 4063 demoliri
276 4009 431 4083 potent,ut
447 4006 511 4064 eine
530 4000 605 4062 nihii
618 4007 746 4081 auperait
762 4019 817 4065 nee
834 4018 945 4064 meum
963 3998 1043 4061 atiud
1056 4006 1208 4077 managa.
