2892 4425
684 359 877 404 consuetus

463 469 523 526 niti
541 469 622 528 nouo
642 482 702 526 non
726 469 759 524 in
784 467 912 542 praeno
936 465 1047 534 infiniti
1069 467 1185 524 notione

455 561 617 638 fundatior.
643 560 795 634 Quomodo
815 560 858 620 ad
877 562 989 637 infiniti
1010 566 1183 638 ooneepturn

462 657 662 717 abstractione
676 673 877 733 assnrqarnus.
901 658 1056 732 trutniturn
1068 657 1183 735 sirapti·

461 759 536 814 aiter
554 757 673 814 manui
691 758 726 815 in
748 759 814 814 ente
835 759 996 814 menenio
1017 758 1179 814 inuenitur.

460 853 552 914 Notio
571 851 717 929 simplicis
737 856 877 930 neqatina
899 867 959 912 non
978 859 1032 912 est.
1059 855 1180 930 Compo-

456 953 509 1010 riti
520 949 655 1010 aienses
671 953 790 1027 spoeies
813 950 902 1011 Notio
924 953 1016 1026 spatii
1041 949 1131 1010 realis
1154 955 1186 1009 et

461 1049 639 1124 imaqinarii
692 1089 1128 1105 .........
1171 1063 1238 1122 pag.
1266 1055 1324 1104 ¹95

244 1146 321 1204 Ans.
339 1143 377 1203 V.
429 1142 472 1203 De
500 1143 666 1204 summatis
692 1151 723 1202 et
754 1131 1029 1202 modificationibus.
1064 1143 1182 1204 Genesis

460 1237 566 1300 norum
583 1244 785 1315 eonosptnurn
805 1240 942 1313 Cartesii‚
961 1240 1104 1315 Cominii,
1127 1241 1182 1300 Lo

460 1336 521 1394 atrii
540 1338 623 1396 notio
638 1335 824 1395 substantiae
834 1334 1040 1414 perpenditur.
1057 1336 1104 1396 De
1122 1335 1182 1395 dis-

463 1435 604 1491 tinetione
623 1431 821 1492 substantiam
842 1437 921 1492 inter
938 1438 969 1492 et
985 1433 1085 1493 modos
1116 1477 1123 1492 .
1168 1477 1176 1492 .
1224 1459 1235 1484 n

238 1528 316 1588 Αιτ.
331 1529 384 1588 vl.
425 1527 469 1587 De
486 1530 635 1603 supposito
652 1535 682 1587 et
698 1545 837 1604 maana.
857 1530 971 1590 Horum
992 1533 1182 1608 conceptuum

461 1623 632 1702 explicatio.
649 1609 906 1686 Distinetio‘inter
920 1631 1061 1686 naturam
1074 1632 1104 1685 et
1111 1643 1180 1702 per·

461 1737 574 1783 sonam.
594 1721 701 1781 Utrum
717 1721 910 1782 subsistentia
928 1739 967 1781 ex
978 1725 1128 1799 positione
1142 1739 1182 1781 an

460 1834 500 1878 eso
533 1822 692 1895 neqotione
728 1818 857 1878 resultet.
904 1819 1006 1880 Lootsii
1044 1819 1182 1878 doctrina

461 1915 560 1992 quoad
569 1933 715 1992 personae
736 1915 923 1997 identitatem
939 1912 1091 1991 refellitur
1118 1959 1125 1972 .
1172 1960 1178 1972 .
1226 1941 1237 1964 e
1265 1923 1323 1973 208

244 2013 320 2070 An.
337 2011 403 2072 vll.
426 2011 468 2072 Do
488 2013 639 2072 relatione.
664 2013 746 2084 Quot
766 2017 799 2071 in
820 2029 855 2070 eo
877 2011 1108 2072 considerentur.
1128 2011 1182 2072 Re·
1232 2057 1235 2064 .

462 2108 536 2168 tatio
559 2107 624 2166 ntia
643 2107 754 2185 ioqioo,
780 2107 843 2168 atie
865 2107 967 2190 realis.
990 2107 1180 2170 Coruditiones

461 2204 504 2265 ad
519 2204 629 2265 reatem
643 2205 817 2266 relationem
829 2207 999 2282 requisitae.
1017 2205 1180 2266 Relationis

444 2300 595 2362 diuersae
610 2305 719 2379 speeies
743 2344 750 2360 .
796 2346 803 2359 .
850 2348 856 2360 .
903 2308 935 2361 .'
956 2345 1176 2362 .....

241 2397 326 2459 CAP.
348 2400 403 2460 111.
427 2400 473 2459 De
488 2403 588 2459 causis
635 2441 1175 2458 ...........

242 2494 319 2554 An.
334 2496 360 2553 1.
426 2496 469 2555 De
492 2500 613 2557 notione
634 2512 751 2556 masne.
780 2496 858 2570 Quot
880 2512 1036 2556 saeuorum
1058 2513 1177 2574 qenera.

464 2594 631 2653 Discrimen
642 2608 765 2652 eausam
779 2596 858 2652 inter
873 2598 904 2652 et
915 2595 1110 2669 principium.
1128 2592 1179 2651 Re·

454 2686 578 2764 settitur
593 2690 701 2754 Hunos.
718 2690 882 2749 Causarum
899 2686 1089 2765 efficientium
1105 2704 1178 2765 por·
1223 2692 1228 2709 '

465 2788 533 2845 titio
582 2810 1236 2846 .............
1263 2792 1320 2841 ‘tto

238 2880 314 2938 Aer.
330 2880 368 2938 11.
425 2879 469 2941 De
494 2884 644 2953 andnima
665 2899 821 2943 masuram
847 2884 1054 2943 secundarum.
1089 2882 1177 2941 Ocea-

368 3042 379 3057 !
458 2976 623 3037 annutiant
663 2985 802 3057 systema.
842 2978 983 3039 Eiusdem
1022 2976 1176 3053 refutatio.

461 3071 664 3152 affinitates
686 3102 1234 3137 ...........
1261 3084 1318 3149 2²²

240 3169 319 3230 Ans.
334 3170 388 3229 111.
423 3170 468 3231 De
497 3188 587 3232 sousa
616 3174 709 3233 finali.
736 3176 782 3234 De
812 3176 946 3235 utilitate
979 3178 1178 3253 inquisitionis

459 3284 616 3329 eumarum
625 3270 782 3345 finalium.
805 3272 938 3332 Cortesio
954 3276 984 3331 et
1009 3273 1125 3333 Baoono
1136 3272 1179 3346 fit
1298 3305 1302 3314 ·
1429 3256 1435 3268 ’

458 3369 542 3426 satis.
561 3368 674 3426 Causae
678 3367 787 3443 finatis
802 3372 882 3429 notio
903 3375 931 3426 et
943 3372 1082 3449 partitio.
1100 3368 1176 3440 Ouo·

458 3462 544 3521 modo
561 3466 660 3523 omnia
675 3470 800 3551 propter
809 3466 905 3540 finem
919 3482 1007 3541 aqere
1025 3464 1175 3523 dicantur.

460 3556 543 3632 Ouid
556 3559 616 3619 siti
631 3560 706 3620 vetit
722 3558 850 3637 effatum
867 3560 965 3621 ittud:
986 3560 1065 3636 quod
1085 3563 1179 3635 primo

458 3656 674 3732 oontondtmus,
698 3659 803 3717 altimo
821 3660 1027 3733 consequimur
1062 3702 1069 3715 .
1115 3698 1122 3714 .
1168 3699 1175 3712 .
1223 3682 1234 3705 u
1260 3664 1316 3713 227

237 3750 321 3810 CAP.
343 3752 395 3811 lv.
422 3753 469 3813 De
486 3754 689 3813 amoenatibus
741 3796 1173 3813 .........
1221 3778 1233 3802 υ
1259 3760 1311 3811 231

238 3850 314 3907 Ans.
331 3850 357 3908 1.
421 3850 464 3909 De
481 3850 598 3910 diverso
617 3851 791 3911 iudiciorum
811 3852 914 3925 classe,
936 3858 1023 3925 prout
1042 3851 1177 3912 adonio

456 3954 536 4006 mate
557 3948 761 4006 constituenda
782 3948 956 4007 evehuntur.
983 3948 1108 4006 Diversa
1129 3949 1174 4006 iu-
