2892 4425
552 375 608 418 aru
629 375 808 422 ouaouoert
972 350 974 362 '
1160 372 1215 424 tit

117 487 279 564 ‘quotquot
296 482 498 563 excogitatis,
521 484 560 544 ad
581 485 710 562 aliquam
733 501 769 546 ex
794 489 943 546 rauensltta
965 485 1050 547 tuelle
1071 483 1225 548 redueuu‘

134 591 202 661 tur,
224 583 375 642 adstrueta
398 584 517 658 partitio
541 583 629 660 plena
648 591 692 643 est
711 599 871 660 omnesque
890 586 1102 662 eompleetltur.

194 682 233 740 Et
250 697 333 756 aene,
355 683 410 740 etsi
432 680 520 741 alicui
539 681 666 741 tortasse
688 681 778 741 rideri
800 690 898 758 poaaet
919 682 1062 742 divisione
1086 683 1141 744 hae
1162 699 1216 744 nee

136 782 375 854 instrumentum,
391 795 451 855 quo
467 781 498 838 in
516 770 666 856 operando
683 780 859 856 quandoque
878 783 1000 858 utimur,
1018 798 1073 842 nee
1096 797 1215 842 oausam

134 877 330 952 exemplarem
349 883 401 936 eut
418 876 593 936 obieotlram
609 879 769 953 eontineri;
790 877 819 935 id
839 883 936 937 tamen
954 879 1143 940 salsissimum
1158 888 1212 940 est.

136 975 212 1035 Nam
233 978 459 1035 instrumentum
482 974 520 1034 ed
544 991 651 1035 causae
669 975 822 1036 eideientia
846 991 937 1053 genua
962 984 1126 1037 revocetur.
1154 979 1217 1038 Etsi

136 1075 215 1132 enlm
234 1076 344 1132 virtute
361 1077 392 1131 et
409 1079 492 1132 motu
511 1089 547 1132 ea
564 1073 719 1149 principali
741 1081 844 1150 egente
864 1081 981 1150 accepto
1004 1081 1158 1150 operetur3
1174 1082 1219 1134 ta·

137 1187 202 1228 men
218 1169 328 1246 ailquid
344 1171 373 1228 vi
386 1173 475 1229 etlam
490 1187 544 1231 aua
559 1173 589 1229 iu
604 1170 742 1229 eileetum
754 1169 878 1247 confert,
894 1172 941 1232 vel
955 1172 1060 1231 saltem
1074 1174 1217 1232 actionem

137 1267 217 1328 illem
236 1275 362 1344 exereet,
378 1268 417 1327 ad
438 1285 527 1345 quam
551 1284 570 1327 a
594 1270 747 1345 principali
767 1285 856 1328 ceusu
879 1267 1020 1329 elevetur.
1045 1269 1218 1346 Exemplum

138 1363 228 1424 habea
252 1367 282 1424 in
307 1367 465 1442 penicillo,
493 1365 572 1443 quod
601 1369 754 1442 epietore
781 1366 818 1426 ad
844 1366 1023 1444 pingendum
1048 1367 1216 1428 adhibetur.

138 1461 292 1523 obiectum
315 1480 405 1540 vero,
429 1466 508 1524 eirea
532 1465 611 1541 quod
634 1465 756 1524 edentia
779 1465 825 1525 vel
848 1468 926 1526 aetio
951 1466 1049 1542 aliqua
1071 1472 1217 1544 versatur,

138 1560 175 1620 ad
190 1577 310 1622 eausam
324 1561 476 1621 formalem
499 1562 598 1622 reduei
616 1567 721 1638 potest.
742 1563 926 1639 Quemquam
947 1566 1025 1623 enim
1050 1568 1220 1626 eonomine
1245 1635 1246 1640 ἵ

137 1658 167 1718 id
190 1661 318 1734 pressius
342 1658 533 1736 intelligetur,
555 1660 634 1737 quod
661 1663 835 1720 intrinsecus
858 1662 1020 1722 subiectum
1044 1668 1163 1739 actual,
1179 1669 1220 1724 ta·

138 1772 206 1814 men
228 1756 331 1816 latiore
352 1773 441 1817 sensu
466 1758 611 1834 quidquid
638 1761 762 1834 speeiem
785 1759 1002 1836 realitatemque
1026 1761 1145 1821 alterius
1165 1761 1219 1820 all·
1307 1745 1310 1752 ⁴

137 1870 197 1930 quo
209 1854 299 1913 modo
313 1857 430 1914 metitur
448 1861 479 1914 ot
495 1855 681 1931 determinat,
696 1871 786 1916 eausa
803 1855 932 1939 eiusdem
948 1856 1079 1917 turmalis
1097 1857 1218 1918 dieitur.

137 1952 236 2026 Quare
254 1969 322 2012 eum
339 1953 486 2012 obiectum
504 1956 544 2012 alt
559 1953 638 2029 quod
657 1955 764 2013 aetium
784 1954 830 2013 rei
849 1957 987 2014 scientiae
1004 1957 1129 2031 speeiem
1147 1955 1219 2014 elar-

137 2053 228 2129 gitur,
255 2057 372 2128 propter
393 2051 524 2110 ordinem
545 2068 632 2128 quem
659 2051 716 2110 hee
741 2049 778 2111 ad
799 2055 894 2128 ipsum
917 2051 1073 2112 involvunt
1094 2051 1133 2128 (in
1153 2058 1219 2111 tan·

137 2156 201 2210 tum
214 2152 293 2210 euim
314 2153 391 2210 aetio
411 2152 455 2210 vel
476 2153 599 2210 seientia
616 2151 684 2210 talla
700 2157 756 2227 eat,
773 2153 961 2227 inquantum
984 2151 1064 2210 eirea
1078 2150 1137 2212 tale
1158 2165 1222 2210 ver·

138 2255 222 2309 eatur
235 2248 407 2326 obiectuml3
424 2249 551 2309 efficitur
565 2249 635 2308 hine
655 2256 688 2308 nt
700 2249 847 2308 obiectum
862 2251 950 2307 etlam
969 2264 1060 2307 eausa
1074 2247 1220 2325 formalia,

137 2348 189 2406 aed
210 2353 351 2423 externa,
377 2354 508 2407 voeetur.
535 2336 667 2423 Denique
690 2362 781 2407 cauae
803 2347 978 2422 exemplaris
1006 2344 1104 2403 reduei
1126 2350 1222 2421 potest

138 2450 201 2504 tum
222 2443 261 2504 ad
284 2444 427 2523 dualem,
445 2446 515 2521 qnia
536 2448 597 2505 eins
616 2448 741 2507 imitatio
762 2445 800 2504 ab
819 2442 928 2505 artldee
949 2442 1132 2519 intenditur3
1155 2446 1218 2502 turn

139 2542 176 2601 ad
195 2543 366 2619 formalem,
388 2544 464 2621 qula,
475 2546 657 2603 extrinsecus
678 2543 782 2603 saltatu
802 2542 939 2620 effaetum
960 2540 998 2601 ad
1017 2544 1062 2601 sui
1084 2541 1220 2601 similitu·

139 2640 236 2701 dinem
256 2640 474 2716 producendum
493 2642 683 2717 determinat,
703 2636 770 2700 eum
788 2640 896 2701 artilloi
914 2638 1081 2716 suppeditet
1096 2638 1220 2699 tonnam

140 2738 258 2797 eiieetut
279 2738 464 2798 tribuendam
482 2740 514 2797 in
540 2754 633 2816 eoque
654 2737 872 2798 delineandam.

201 2844 251 2895 ao.
276 2836 335 2913 At,
356 2843 391 2897 ut
413 2837 563 2915 diximus,
579 2853 685 2897 aeaeae
705 2852 809 2895 nomen
835 2836 987 2912 praecipue
1007 2832 1145 2893 effleieuti
1167 2834 1219 2893 tri·
1335 2850 1337 2857 ⁴

141 2922 251 3012 buitur,
270 2950 346 3011 quae
366 2934 479 2994 definiri
494 2942 604 3011 potest:
623 2952 674 2994 eus
687 2932 822 3013 aliquod,
842 2932 923 3012 quod
936 2936 1051 2993 actione
1068 2949 1123 2993 auu
1144 2930 1222 2993 reoli

141 3036 170 3090 et
182 3031 312 3110 pliyar'eu
329 3049 435 3093 uooum
449 3032 592 3111 producit
614 3036 804 3093 eremorum
819 3034 841 3091 ¹.
864 3034 928 3106 Qua
946 3030 1114 3094 delinitione
1134 3048 1152 3091 a
1174 3047 1220 3091 ee·

201 3236 210 3277 t
225 3227 276 3277 uui
291 3228 443 3291 aliquando,
461 3229 527 3294 apud
548 3231 657 3279 Graecos
673 3229 835 3293 praesertim,
853 3228 1003 3291 principium
1021 3226 1129 3290 quodvis
1145 3226 1225 3277 aetite

134 3309 256 3360 *inttnena*
263 3300 339 3355 αἰτία
353 3309 472 3359 nimimra
491 3322 576 3361 eurem
591 3310 670 3360 aoleat
684 3310 825 3371 nominari3
842 3312 925 3359 tamen
945 3306 1062 3361 severiori
1081 3307 1223 3369 adneptioue

138 3390 271 3453 utriuaque
288 3392 422 3453 eoueeptua
442 3390 535 3454 oppido
555 3390 648 3440 diltert.
670 3392 829 3452 Quemquam
848 3388 915 3441 enim
936 3387 1017 3438 omnia
1037 3400 1113 3436 eausa
1134 3385 1222 3449 prinei·

139 3468 208 3531 muna
225 3472 273 3532 ait,
292 3474 376 3520 tamen
394 3482 444 3521 uon
460 3484 535 3520 omne
550 3469 701 3534 principium
716 3472 755 3520 eat
770 3482 854 3519 mitae.
878 3472 906 3519 ut
926 3468 1044 3532 quoniam
1066 3468 1113 3517 lroe
1135 3466 1223 3517 diacri-

136 3562 196 3600 men
212 3550 285 3602 valde
304 3553 391 3601 notatu
407 3550 511 3614 dignum
529 3554 568 3601 eat
583 3564 628 3614 pro
642 3551 688 3614 iia,
708 3551 751 3614 qui
772 3549 910 3612 theologiae
930 3560 1030 3612 operam
1050 3548 1131 3598 daturi
1150 3550 1223 3609 aunl;

140 3629 201 3680 utile
218 3631 269 3680 erit
283 3632 364 3694 ipsum
383 3632 566 3695 aliquantulum
586 3633 726 3683 enucleare.
821 3658 831 3673 ·

196 3710 349 3776 Prindpium
373 3712 453 3775 igitur«
468 3713 603 3777 generatim
623 3713 769 3776 intelligitur
792 3712 820 3763 ld
843 3724 859 3761 u
880 3724 933 3777 quo
950 3708 1058 3775 ultquld
1079 3712 1224 3773 utrumque

137 3790 268 3851 procedit.
290 3794 346 3849 Qua
360 3794 387 3843 in
400 3806 426 3843 ra
441 3792 686 3845 animadvertendum
702 3794 741 3843 eat
759 3793 783 3842 in
803 3792 899 3855 primia,
914 3792 945 3842 ad
960 3792 1085 3841 notionem
1107 3788 1222 3853 principii

139 3872 272 3934 pertinere,
291 3876 320 3922 ut
332 3875 396 3924 inter
420 3876 501 3938 ipeum
517 3876 544 3924 et
560 3872 597 3935 id,
615 3873 683 3936 quod
704 3872 823 3936 proeedit,
843 3872 986 3923 eorraeoutio
1003 3871 1087 3933 aliqua
1104 3876 1128 3920 at
1144 3880 1223 3917 nestra

139 3949 284 4004 mtereadet.
307 3956 357 4011 Qui
376 3954 479 4019 quidem
501 3953 522 4005 ai
542 3954 649 4004 exterior
658 3957 706 4003 ‘eat
724 3952 855 4004 dumtaxat
873 3958 898 4003 et
919 3954 972 4004 elue
986 3950 1087 4000 'tntum
1114 3948 1219 3997 notionis

141 4034 216 4086 urim
237 4035 263 4087 iu
284 4037 406 4101 alierum,
422 4036 589 4089 denominatio
609 4035 723 4099 principii
744 4036 817 4088 latina
836 4036 943 4085 auruitur
962 4031 1126 4091 tribuiturque
1137 4026 1219 4078 ,rebus
