2892 4425
560 376 802 422 ΙΠΑΡΕΥΒΙΕΔΒ
822 376 982 420 mellus

546 784 688 840 dettellar
706 783 835 854 systema
852 779 993 838 Platonis.

296 992 363 1043 tiu.
386 981 439 1044 Vei
454 981 511 1041 bue
525 983 612 1044 unloa
626 981 882 1040 animadversione
897 979 980 1040 Plato
993 979 1083 1040 retelli
1102 991 1215 1060 posset,
1229 987 1309 1060 quod

233 1098 285 1160 per
304 1083 402 1157 ipsum
422 1080 651 1156 intelligeremus
670 1095 724 1154 ea,
746 1094 821 1154 qnae
842 1093 1002 1155 numquam
1022 1081 1183 1155 solvimus,
1204 1087 1234 1140 et
1257 1099 1308 1142 ae·

233 1183 376 1242 sciremus
400 1194 436 1238 ea
459 1193 536 1254 quae
558 1193 672 1252 semper
700 1175 909 1236 intelleximus.
937 1175 1052 1234 Etenim
1078 1191 1130 1250 per
1157 1176 1308 1238 Platonem

105 1289 111 1296 ’
233 1281 356 1340 selentia
375 1282 476 1336 nostra
497 1281 574 1334 esset
592 1275 630 1334 de
649 1273 722 1334 ideis
743 1273 930 1351 archetypis,
952 1289 1028 1350 qnae
1046 1273 1161 1333 obieeta
1180 1275 1310 1337 referunt

234 1377 354 1435 omnino
374 1374 491 1433 diuersa
512 1389 530 1432 a
551 1372 659 1448 rebus,
673 1387 749 1448 quae
769 1369 990 1447 adspeemtiiem
1011 1376 1145 1430 naturam
1165 1371 1306 1432 eundem.

234 1472 363 1534 Mende
382 1476 480 1530 entem
501 1469 606 1529 burum
632 1485 729 1528 rerum
750 1471 781 1528 in
802 1485 833 1528 se
856 1471 1037 1545 cognitarum
1060 1483 1223 1528 careremus
1244 1485 1310 1528 om·

233 1572 315 1630 nino.
337 1567 379 1627 it
397 1570 464 1643 quis
483 1582 573 1626 sanae
588 1570 698 1626 mentis
715 1567 804 1626 homo
822 1581 880 1626 nun
899 1567 987 1626 sentit
999 1581 1030 1625 se
1042 1568 1192 1625 vieerersa
1209 1566 1310 1627 arebe-

233 1673 320 1744 types
339 1665 407 1724 iiias
426 1663 537 1723 formas
558 1671 641 1725 extra
660 1663 804 1724 mundum
821 1662 964 1722 visibilem
981 1661 1169 1723 subsistentes
1188 1679 1309 1740 prorsus

235 1766 388 1841 ignorare3
400 1768 503 1822 eontra
523 1762 560 1822 de
580 1765 616 1821 iis
636 1764 831 1840 arguitionem
852 1759 975 1836 babere,
988 1775 1064 1837 quae
1082 1761 1230 1820 mendeno
1249 1761 1309 1822 boe

234 1859 304 1921 orba
316 1860 523 1920 eonunenturt
543 1859 641 1933 Quare
657 1863 722 1919 eius
736 1859 869 1919 doctrina
881 1860 957 1918 inter
973 1859 1139 1936 ingeniosae
1158 1865 1188 1918 et
1206 1859 1310 1918 domus

235 1957 351 2020 tabulas
370 1956 555 2017 amandanda
575 1957 700 2017 videtur.

224 2081 227 2086 ·
294 2055 448 2116 Praeterea
469 2055 517 2114 bis
530 2062 651 2132 urgetur
667 2053 875 2114 incommodist
898 2055 924 2115 l.
939 2055 1012 2114 Tota
1028 2060 1139 2131 quanta
1155 2061 1200 2114 est
1218 2053 1311 2131 hypo·

234 2154 309 2217 thesi
329 2155 433 2214 nititm
453 2151 679 2230 absurdissima,
693 2167 769 2230 quae
789 2155 919 2211 animum
933 2159 1001 2210 ante
1019 2152 1096 2211 hane
1116 2154 1207 2210 ritem
1228 2157 1310 2211 astra

234 2253 417 2313 habitantem
429 2258 460 2311 et
472 2252 707 2328 promereretur,
720 2252 818 2310 nescio
832 2251 922 2326 quod,
937 2252 1052 2326 torpori
1064 2249 1213 2326 illigatum
1223 2248 1307 2310 iuuit.

233 2350 386 2411 11.le
407 2350 627 2426 dompieetitur,
651 2365 728 2425 qnae
752 2364 811 2407 uon
837 2348 923 2415 modo
945 2348 983 2408 ad
1005 2347 1158 2409 arbitrium
1184 2348 1309 2408 eoadem

234 2430 394 2526 sunt,'sed
414 2450 502 2509 edam
526 2450 576 2506 vix
601 2455 653 2506 aut
675 2463 713 2506 ne
734 2450 784 2506 vix
804 2447 921 2523 quidem
944 2448 1007 2505 sine
1029 2449 1221 2522 repugnantia
1240 2462 1307 2521 pos·

234 2553 305 2608 sunt
324 2546 458 2623 intelligi.
481 2545 556 2605 Nam
579 2560 667 2619 sopor
690 2544 741 2603 iiie
760 2560 795 2603 ex
821 2544 1000 2603 admixtione
1021 2546 1150 2620 eorporis
1172 2542 1309 2603 inductus

238 2649 270 2706 in
294 2647 446 2720 animum,
467 2650 496 2704 et
517 2646 677 2719 specierum
702 2645 793 2702 menti
819 2645 1023 2718 impresserum
1047 2644 1131 2717 quasi
1156 2643 1307 2717 velamen,

235 2743 317 2804 nulla
337 2744 509 2821 mugruenti
534 2742 650 2801 ratione
673 2741 815 2816 explicari
837 2746 971 2815 possunt.
999 2738 1075 2799 Nam
1098 2738 1177 2814 quod
1198 2738 1310 2815 aliquid

233 2840 330 2901 simlia
350 2840 501 2901 nonnuliis
523 2840 637 2899 accidat
650 2837 818 2898 bominibus
833 2853 869 2897 ex
887 2836 991 2897 morbo
1004 2836 1102 2912 aliquo
1119 2852 1229 2913 organa
1245 2852 1310 2897 seu·

235 2952 321 2997 suum
342 2936 563 3012 praepediente,
577 2936 606 2995 id
627 2943 750 2996 naturae
766 2952 824 2995 non
842 2934 1030 3013 adversatur,
1045 2950 1119 3012 qnae
1138 2934 1260 2994 dedeere
1278 2936 1309 2993 in

234 3032 420 3111 paucioribus
441 3031 617 3109 quandoque
631 3039 728 3109 potest
746 3040 861 3109 propter
876 3032 1013 3093 adiuncta
1025 3032 1167 3109 quaedam
1184 3034 1247 3092 eius
1261 3048 1309 3091 or·

233 3130 332 3191 dinem
352 3128 564 3207 perturbantis.
586 3129 643 3189 Sed
663 3133 742 3208 quod
762 3139 824 3191 tam
844 3134 972 3191 immane
991 3130 1198 3191 detrimentum
1218 3132 1310 3189 animi

233 3243 389 3288 commune
413 3232 442 3286 et
467 3226 603 3287 naturale
628 3230 667 3288 sit
692 3225 846 3305 omnibus3
873 3230 904 3289 id
927 3227 1053 3305 eoniingi
1079 3244 1233 3289 senonen
1257 3244 1310 3304 po·

233 3328 308 3398 test,
323 3326 395 3399 quin
410 3330 613 3400 praeposterus
630 3332 754 3385 naturae
768 3326 840 3385 ordo
857 3334 886 3385 et
899 3330 997 3386 animo
1017 3328 1139 3385 uoeivus
1155 3325 1307 3385 habeatnr.

232 3418 286 3479 111.
309 3420 424 3479 luuetio
441 3424 532 3481 animi
545 3428 575 3482 et
588 3426 716 3499 eorporis
731 3439 784 3499 pro
803 3426 947 3499 praesenti
965 3428 1045 3482 statu
1068 3440 1128 3482 uon
1148 3421 1308 3481 seeundum

232 3523 368 3576 naturam
389 3518 551 3596 accideret,
566 3520 618 3580 sed
638 3528 823 3583 monstruose
843 3526 873 3581 et
892 3520 1050 3580 incondite.
1074 3518 1148 3579 Nam
1162 3520 1242 3596 quud
1259 3534 1311 3579 aa·

231 3614 327 3674 turale
346 3622 407 3692 est,
421 3616 452 3675 id
472 3620 503 3675 in
527 3616 637 3677 bonnm
658 3626 688 3678 et
707 3619 935 3679 emolumentum
955 3618 1032 3677 aedit
1045 3616 1182 3693 subtecti,
1197 3624 1226 3677 et
1245 3618 1309 3693 qui·

231 3710 297 3770 dem
318 3715 415 3789 quoad
435 3721 547 3792 partem
567 3716 761 3793 nobiliorem,
785 3732 861 3793 quae
884 3718 1000 3792 proprie
1019 3723 1048 3776 et
1068 3717 1194 3775 maxime
1215 3715 1309 3791 perie-

231 3811 356 3869 etionem
377 3814 440 3871 eius
461 3814 590 3889 attingit.
613 3814 653 3873 At
673 3830 743 3873 vero
764 3816 794 3873 in
813 3814 945 3895 Platonis
963 3816 1106 3874 sententia
1120 3814 1236 3873 animus
1255 3814 1310 3873 etsi

226 3924 292 3987 ,non
314 3910 411 3985 quoad
430 3926 548 3983 senem,
569 3916 666 3968 tamen
687 3910 785 3985 quoad
809 3910 1048 3990 intelligentiam,
1067 3926 1143 3986 quae
1162 3915 1311 3985 praestan·

234 4005 348 4065 tissima
369 4005 494 4066 iaeultas
515 4012 576 4082 est,
591 4024 627 4066 ex
647 4009 795 4067 iunctione
816 4023 882 4066 eum
902 4022 1023 4083 corpore
1041 4004 1127 4066 valde
1144 4005 1311 4065 debilitatur
