2892 4425
330 405 333 412 '
424 401 501 445 PARS
523 401 640 443 ALTERA
662 415 674 428 ·
696 365 914 445 Psiououoori
1149 392 1205 444 m

130 510 217 585 piam
236 509 328 584 exigit
340 515 374 567 ut
386 508 527 568 eiusmodi
550 524 642 583 poene
656 510 685 565 in
703 509 806 583 gravia
828 507 937 567 scelera
951 509 1116 583 sauclatur,
1131 523 1207 584 quoe

129 605 168 667 ad
188 607 322 666 hominen
342 605 381 665 ab
400 608 436 665 iia
456 605 645 666 deterrendos
665 605 815 665 sufficiens
837 608 913 664 ratio
934 605 1033 664 futura
1055 609 1105 666 ait.
1127 605 1207 665 Heec

132 712 229 766 autem
246 705 304 764 aiio
317 721 382 764 ease
396 718 455 762 non
470 709 599 779 poterat,
614 705 670 762 aiei
686 718 778 778 poena
793 709 942 762 aeternum
957 703 1109 763 duratura.
1131 703 1206 762 Nam

130 805 156 863 ai
170 805 258 862 etiam
279 804 309 860 in
331 802 495 877 praesenti,
509 801 580 861 dum
601 799 679 859 Deus
700 800 778 859 hano
795 799 963 859 hominibus
984 802 1205 877 interminatur,

105 913 112 919 ·
128 901 320 960 nihilominus
332 905 394 959 tam
409 898 492 959 mniti
509 901 699 958 inveniuntur
712 900 764 972 qui
779 896 860 956 iiiam
875 913 977 973 parum
998 901 1119 973 ourant3
1134 898 1205 973 quid

129 998 262 1059 {uturum
283 997 375 1057 inisse
394 997 572 1057 censendum
593 1003 653 1071 eat,
668 998 693 1054 ai
713 995 752 1055 ab
772 1013 805 1055 ea
825 1010 942 1071 qnoque
955 995 1034 1054 Deus
1049 989 1205 1071 temperas·

130 1099 197 1156 reti
218 1095 382 1155 Aeternitas
402 1097 492 1172 igitur
511 1109 669 1170 poenarum
685 1100 747 1152 tom
763 1111 780 1152 a
794 1093 846 1153 Dei
860 1093 1041 1169 providentia
1063 1099 1092 1152 et
1112 1093 1206 1152 admi·

129 1195 304 1254 nudatione
323 1195 464 1269 rapienti,
480 1201 542 1252 tum
563 1209 600 1251 ex
621 1197 763 1266 conceptu
784 1195 847 1266 ipso
866 1192 994 1256 iustitiae
1014 1193 1084 1250 sutis
1106 1197 1206 1267 aperte

127 1292 290 1352 derivatur.
312 1291 356 1350 De
379 1294 553 1351 aeternitate
576 1306 645 1348 vero
669 1293 864 1365 praemiorum
887 1288 959 1348 nihii
983 1289 1078 1364 addo,
1100 1290 1206 1364 quippe

127 1404 204 1466 qnae
224 1405 262 1448 ex
281 1395 423 1465 conceptu
445 1387 649 1463 Mufltudinis,
663 1403 752 1463 quam
768 1387 830 1446 iore
844 1393 990 1447 aeternam
1010 1393 1141 1462 oportere
1156 1403 1205 1446 aa·

128 1487 229 1562 perine
248 1486 403 1563 probatum
422 1492 486 1563 cet,
506 1484 656 1544 evidenter
676 1485 832 1545 inferatur.

191 1584 285 1644 Obiic.
307 1583 363 1643 lli.
386 1584 429 1643 Ex
451 1599 593 1643 consensu
615 1585 811 1642 mutationum
833 1599 938 1659 corpus
958 1589 987 1642 et
1008 1585 1138 1641 animum
1162 1582 1205 1642 ai·

129 1680 289 1742 iicieotium
311 1683 354 1739 sic
374 1683 495 1758 opponit
510 1681 674 1740 Lueretius.
698 1681 822 1740 Animus
839 1695 906 1741 cum
921 1697 1040 1758 corpore
1059 1677 1204 1756 nascitur,

129 1778 286 1855 adoieocit,
301 1781 435 1838 rcooecit.
457 1779 535 1858 Ergo
550 1795 732 1856 comequens
746 1786 792 1839 aet
805 1788 838 1841 ut
852 1797 910 1840 una
928 1783 1036 1856 pariter
1055 1797 1122 1840 cum
1143 1797 1205 1840 cor-

129 1892 201 1952 pore
220 1879 343 1937 intereat
362 1882 384 1936 ¹.
671 1944 674 1950 ,

191 1973 280 2050 Reap.
302 1974 469 2034 Difficultas
492 1975 564 2034 haec
588 1977 826 2035 u¹·meteriaiistis
850 1977 887 2035 ud
913 1980 1006 2035 ravim
1031 1977 1145 2037 oblecta
1168 1995 1204 2036 cx

129 2075 184 2149 ite,
202 2089 278 2150 quae
298 2073 335 2132 de
354 2076 445 2132 animi
466 2080 571 2133 natura
591 2074 712 2150 probata
733 2081 818 2150 aunt,
839 2075 925 2150 piane
946 2077 1088 2134 vanescit.
1111 2075 1205 2134 Muta·

127 2171 224 2230 tionaa
243 2172 322 2231 euim
343 2171 411 2231 iiiuc
424 2173 524 2231 auimo
542 2175 716 2249 corporique
736 2187 923 2247 communes,
940 2172 1023 2231 aliter
1039 2173 1069 2229 in
1090 2174 1204 2248 animo,

128 2268 215 2329 aliter
235 2272 411 2343 contingunt
426 2271 457 2327 in
471 2284 603 2346 corpore.
624 2270 699 2330 Nam
715 2272 832 2329 animus
848 2270 964 2346 quidem
979 2284 1039 2329 una
1056 2286 1123 2329 cum
1145 2285 1206 2328 cor-

130 2382 201 2442 porc
220 2366 406 2443 producitur,
423 2368 474 2427 red
495 2368 581 2445 ionga
600 2369 718 2429 direrao
739 2369 936 2445 productionis
959 2368 1058 2427 modo.
1081 2366 1206 2428 Animus

268 2608 276 2647 i
297 2601 424 2649 Preetcrea
443 2599 508 2661 gigni
528 2602 618 2663 pariter
636 2615 693 2651 cum
711 2616 815 2665 corporo
832 2602 857 2651 ct
878 2614 926 2650 nna

294 2682 411 2731 cresccre
430 2682 563 2744 sentimus,
581 2682 723 2745 pariterque
743 2694 868 2732 aeneacere
885 2685 999 2731 mentem.

295 2762 357 2809 iiam
376 2761 445 2810 reiut
462 2760 563 2811 infirmo
583 2762 652 2825 pueri
671 2758 805 2825 tcnerdque
824 2766 943 2823 vagantur

294 2840 418 2902 Corpore;
435 2840 472 2889 sie
487 2841 564 2891 eadm
583 2842 698 2905 requitur
714 2841 836 2895 emimiie
855 2841 943 2891 tenuia¹

295 2919 356 2969 inde
372 2918 414 2969 nbi
433 2919 541 2970 roboretis
560 2920 669 2972 adolevit
686 2921 781 2973 viribue
800 2925 882 2983 actae,

295 3000 432 3048 consitium
449 3013 550 3063 quoquc
569 3002 650 3051 maine
668 3005 693 3053 et
711 3003 806 3053 auctior
825 3005 861 3052 eet
880 3004 957 3053 enimi
977 3004 1023 3053 rin.

296 3080 355 3128 Poet
373 3079 414 3128 ubi
434 3082 482 3129 iam
500 3081 589 3131 antidio
607 3086 750 3145 quassatum
770 3085 807 3134 eet
825 3074 921 3134 ¹viribus
938 3084 991 3134 aeri

295 3159 404 3221 corpur,
422 3162 447 3209 et
464 3158 562 3210 obtusio
581 3161 726 3212 oeciderunt
743 3163 837 3213 viribus
854 3166 937 3226 unua,

296 3237 427 3287 ctaodicat
445 3239 584 3304 ingenium,
602 3240 691 3292 deiirut
708 3242 841 3307 tinguitque
859 3256 991 3307 maneque,

294 3317 383 3367 omnio
401 3317 533 3382 deficiunt,
550 3323 625 3383 atque
644 3335 694 3371 ono
712 3324 823 3387 tempore
842 3322 939 3375 daaunt.

293 3399 357 3460 Ergo
375 3398 478 3449 dieroiri
496 3414 597 3464 quoque
613 3402 730 3451 convenit
748 3416 846 3452 omnem
866 3403 957 3453 animai

294 3480 427 3541 rictorem,
444 3493 488 3529 ceu
508 3480 593 3531 iumm
611 3482 636 3531 in
655 3482 717 3532 aliae
737 3483 800 3533 adria
817 3496 904 3545 anraa,

295 3558 503 3623 Quandoquidem
521 3561 588 3624 gigni
606 3562 710 3625 puriter,
729 3562 870 3627 pariterque
887 3562 999 3614 ridemur

292 3640 421 3702 creeeere,
438 3642 464 3690 ct
481 3643 510 3690 ut
528 3640 615 3704 docui,
632 3642 708 3692 eimui
725 3655 787 3693 acro
806 3642 869 3694 ieaea
888 3644 988 3695 iatieoit.

294 3720 350 3768 iioc
367 3718 464 3771 accedit
480 3721 517 3770 nti
536 3721 664 3773 videamur
678 3736 770 3786 corpor
785 3727 814 3772 ut
833 3724 914 3787 ipeurn

294 3800 424 3863 succipere
442 3800 562 3851 immanes
581 3802 695 3863 morboe,
711 3801 854 3867 durumque
869 3796 994 3866 dolorem3

246 3905 250 3913 ·
293 3878 334 3927 sic
352 3880 464 3930 animum
481 3894 554 3931 curae
573 3894 657 3945 acres,
676 3881 820 3946 luctumque
841 3887 989 3947 metamque.

295 3960 377 4015 Quare
396 3960 541 4023 participem
561 3962 622 4012 tetii
641 3976 743 4025 quoquc
761 3966 876 4014 convenit
895 3978 954 4015 cere.

187 4038 225 4087 De
244 4049 334 4089 reram
353 4042 454 4091 nature
473 4040 516 4089 iit.
534 4049 564 4101 t,
581 4054 606 4090 u.
623 4046 677 4093 iio.
695 4047 720 4092 et
739 4056 790 4106 req.
