2892 4425
463 372 541 417 Ilm
562 372 665 418 Plffl
685 389 698 404 ·
718 372 920 419 oosiioboeis
1018 386 1021 393 ·
1189 368 1226 421 72

148 500 217 547 enm
236 500 349 545 norum
372 483 503 563 gignitur
524 498 654 560 corpus,
673 484 756 545 nulls
782 483 878 545 inrmn
896 484 1098 547 summanalia
1123 502 1225 549 revera

147 582 338 660 produntur,
352 580 409 654 sed,
425 582 515 641 atornl
530 580 579 642 vel
598 582 771 660 mdecnlae,
793 596 869 660 qnae
885 584 946 644 inm
968 583 1153 663 existebant,
1175 600 1227 645 no

147 697 217 742 vans
236 680 447 756 dispositorum
465 687 496 740 et
522 679 656 741 ordinem
671 681 838 759 -reciplunt3
866 694 901 741 eo
922 680 1015 742 lerme
1035 682 1146 760 modo,
1165 698 1226 759 qno

147 781 178 839 ln
197 778 335 855 operibus
354 779 427 839 artis
449 777 560 854 lapides
578 778 666 839 iidem
683 794 733 838 ex.
758 794 804 856 gr.
822 778 1016 839 diversimode
1037 778 1166 855 copulati
1194 784 1224 839 et

146 876 281 953 dispositi
297 876 456 937 ellormant
473 877 631 953 templum,
653 883 705 937 ant
723 880 846 954 turrim,
865 891 933 936 enm
951 880 1020 936 ante
1036 875 1227 938 efformarent

147 974 289 1050 palatium
315 975 361 1034 vel
385 973 544 1034 theamm.
561 972 684 1035 sidant
707 976 796 1035 eiiam
820 974 954 1035 nonnulli
974 974 1012 1033 ad
1025 975 1226 1035 diversitatem

147 1087 302 1147 corporum
320 1072 525 1149 explicandam
544 1088 718 1133 concurrere
740 1074 912 1133 varietatem
930 1072 1060 1149 ligores,
1085 1088 1144 1149 qna
1161 1088 1225 1131 rno-

147 1168 258 1229 ieoniae
280 1172 360 1245 ipsse
381 1166 548 1245 primitivae
571 1176 725 1229 ornantur.
750 1168 826 1230 Nam
848 1169 995 1229 Carisius
1009 1174 1156 1244 putateax
1176 1172 1226 1229 tri-

146 1266 233 1343 plicis
249 1282 314 1327 esse
328 1268 456 1344 generis,
473 1271 562 1344 atque
580 1267 646 1326 ldeo
662 1268 768 1343 triplex
789 1282 960 1344 corporeum
979 1265 1153 1329 elementum
1172 1266 1225 1327 hs·

147 1364 221 1425 beri.
242 1364 375 1436 Primam
387 1373 433 1425 est
453 1364 643 1426 subtilissima
655 1366 799 1441 quaedam
813 1367 935 1425 materia
953 1368 1057 1424 exorta
1072 1381 1110 1424 ex
1123 1367 1225 1427 attritu

145 1462 356 1523 moieanlarnm
378 1464 410 1521 ln
429 1470 510 1523 moto
533 1478 621 1539 quem
641 1462 722 1523 Deus
742 1462 845 1523 lisdem
865 1465 1035 1540 impressit,
1054 1469 1122 1539 past
1148 1463 1225 1523 divi·

146 1560 259 1619 sionem
279 1562 369 1620 totins
389 1576 504 1620 massae
528 1562 664 1635 primitus
679 1560 824 1621 conditae.
845 1560 1008 1621 modum
1028 1567 1144 1621 constat
1164 1560 1225 1639 glo·

146 1655 236 1732 bolis,
254 1660 305 1733 qul
325 1660 404 1717 enati
422 1663 493 1717 sont
511 1674 548 1717 ex
572 1657 750 1718 abscissione
766 1659 940 1737 angulorum
964 1676 983 1719 a
1003 1659 1152 1719 moloculis
1171 1676 1223 1721 cu·

146 1755 241 1831 blcls,
267 1759 300 1815 in
327 1772 401 1832 qnos
428 1756 506 1816 bens
529 1758 614 1816 initio
640 1757 782 1817 dissecuit
811 1752 938 1819 m'ossam
967 1758 1060 1818 iilam.
1091 1759 1223 1819 Tertium

144 1853 355 1930 triangularem
372 1853 498 1913 formam
525 1854 622 1915 induit
640 1857 721 1915 striis
742 1854 918 1931 quibusdam
940 1861 1135 1931 excavatum,
1155 1871 1222 1932 pro·

144 1956 246 2026 pterea
265 1950 345 2027 quod
365 1936 431 2026 pers
445 1951 590 2027 quaedam
612 1954 752 2012 materias
775 1955 806 2012 ln
829 1958 921 2029 motu,
942 1952 980 2012 da
1001 1968 1060 2029 qno
1079 1952 1222 2029 diximus,

145 2051 306 2107 interires
337 2045 470 2124 globulos
497 2050 648 2109 intemecta
671 2052 803 2110 iacuerit.
835 2048 876 2109 ili
897 2048 1065 2109 Gasoendus
1090 2053 1223 2111 innume·

146 2162 195 2207 ros
221 2145 334 2223 ligures
355 2148 462 2206 atomis
487 2148 642 2224 primitivis
672 2148 836 2227 elargitur,
859 2152 991 2208 statuens
1019 2162 1119 2207 earnm
1151 2148 1224 2208 alias

144 2261 208 2306 case
224 2245 355 2322 cubicas,
376 2246 450 2306 alias
466 2246 657 2324 cylindrlcas,
679 2247 754 2307 olins
776 2245 985 2325 pyramidales,
1003 2251 1055 2306 ani
1075 2245 1222 2323 globosae,

144 2351 198 2404 ant
214 2345 364 2424 hamatis,
385 2345 432 2404 vel
449 2347 615 2421 uncinatas,
637 2346 683 2404 vel
704 2346 825 2405 alterius
847 2343 959 2404 formae
976 2343 1141 2405 cuiuslibet.
1165 2345 1222 2404 Ar-

144 2447 296 2519 gumenta,
318 2442 424 2518 quibus
444 2443 578 2502 doctrina
594 2443 668 2502 hoec
689 2444 862 2518 sustinetur,
885 2447 969 2502 sunt:
992 2442 1061 2519 quie
1084 2443 1114 2500 in
1137 2441 1224 2502 rebus

145 2539 276 2618 physicis
293 2539 430 2600 standum
450 2547 495 2600 est
515 2540 665 2617 sensibus,
685 2546 717 2601 et
740 2543 811 2618 quis
831 2538 903 2600 haec
924 2538 1094 2618 hypothesis
1114 2537 1224 2600 suldclt

145 2637 183 2697 nd
203 2653 359 2714 corporum
382 2637 584 2713 phaenomena
602 2619 788 2714 e‘xpiicanda.

204 2743 255 2794 so.
277 2733 414 2812 Systemn
433 2738 544 2796 entium
567 2736 757 2812 simplicium,
776 2734 1023 2812 quemadmodum
1041 2735 1224 2811 propositum

144 2837 188 2892 est
207 2847 225 2892 a
245 2832 440 2909 Boschovlch,
457 2849 580 2909 corpora
596 2837 732 2911 componi
752 2834 839 2912 lingit
860 2849 895 2893 ex
915 2833 1087 2893 substantiis
1107 2831 1225 2910 quibus·

144 2929 214 2988 dam
231 2931 426 3008 simplicibus,
451 2948 503 2991 sen
523 2933 606 2992 nulla
626 2934 791 3009 qonndtme
811 2931 944 3009 niiemis3
967 2948 1088 2992 numero
1106 2931 1225 3009 qnidam

143 3025 253 3102 linitis,
272 3035 301 3087 ct
318 3031 349 3088 vi
369 3031 527 3090 mandra
546 3029 589 3104 (at
610 3032 737 3089 invicem
760 3031 928 3108 uniantur),
951 3047 987 3090 nc
1007 3030 1155 3108 repulsiva
1177 3028 1226 3106 (nd

144 3132 279 3185 mntnnm
300 3132 469 3188 contactam
485 3128 709 3205 impediendum)
733 3129 874 3204 praeditis
890 3131 912 3188 ¹.
932 3128 1045 3189 Exinde
1067 3129 1222 3206 physicam

143 3238 298 3299 corporum
312 3227 512 3286 extensionem
526 3225 671 3301 proticisci
690 3231 836 3303 autumat,
849 3241 972 3302 eamque
981 3227 1096 3302 reponit
1113 3226 1143 3283 ln
1160 3226 1225 3300 ipsa

142 3323 254 3406 entium
277 3323 456 3400 simplicium
478 3323 666 3384 multitudine
685 3339 740 3398 per
755 3329 873 3384 mutuas
896 3325 973 3383 vires
996 3323 1178 3382 haerentium
1197 3326 1228 3380 et

142 3421 372 3498 cerbn·qoodam
390 3423 547 3482 intervallo
568 3422 753 3482 distantium.
781 3421 858 3482 Com
876 3429 972 3482 antem
993 3419 1162 3481 huiusmodi
1176 3435 1227 3478 cn-

140 3521 184 3578 tin
200 3519 347 3594 simplicia
366 3520 549 3597 homogenea
568 3522 644 3578 inter
658 3535 690 3587 ae
709 3523 814 3581 sinist
831 3521 961 3580 eiusdem
977 3519 1065 3596 plane
1083 3525 1225 3594 naturae;

123 3618 313 3676 ‘varietstem
330 3633 407 3693 qnae
419 3619 597 3694 conspicitur
615 3619 647 3675 ln
662 3617 833 3693 corporibus
851 3619 977 3694 explicat
993 3618 1023 3676 vi
1044 3616 1227 3676 diversorum

141 3713 308 3791 modorum,
321 3714 431 3791 quibos
444 3718 523 3774 entia
539 3715 591 3774 llln
608 3715 753 3791 simplicia
768 3718 893 3776 invicem
907 3715 1100 3792 copulantem
1114 3729 1150 3773 eo
1163 3712 1228 3772 iere

140 3817 226 3885 pacto
246 3828 306 3888 quo
331 3811 481 3889 alphabeti
502 3813 672 3874 litieraeex
701 3815 915 3893 nigricantibns
936 3815 1075 3890 punctis,
1091 3811 1134 3873 slc
1154 3813 1229 3871 inter

200 4027 210 4068 i
224 4019 399 4085 Philosophia
414 4022 559 4074 eoloratis.
577 4021 696 4090 Theorto.
