2892 4425
226 345 262 397 24
554 348 794 407 ,ΙΠᾸῌΜΙΟᾸΙ
815 348 976 395 mellus

283 462 415 537 mniqne
433 460 524 537 liegei
542 461 679 536 quamvis
694 459 812 519 diuerso
827 476 949 520 exorsus
968 462 1124 537 principio,
1145 468 1242 521 umen
1265 462 1303 520 ad

223 557 347 618 eandem
368 562 500 634 pervenit
519 560 654 634 exitum,
673 574 778 634 nempe
797 559 1034 635 pantheismum3
1054 562 1116 635 qui·
1129 559 1226 620 rabis
1243 560 1304 620 dis·

186 640 192 651 ’
223 661 365 733 creparet,
380 656 430 715 sed
449 672 481 715 re
498 658 678 732 usnperlore
697 672 801 732 parem
821 656 865 717 vei
885 658 960 717 nihil
978 658 1120 717 dllierret.
1137 658 1172 717 ls
1186 674 1245 717 non
1267 658 1305 718 ab

224 754 379 831 0otoiogia
395 755 447 814 sad
464 755 605 831 alogiae
622 754 827 831 proficiscens,
848 755 1012 832 synthesim
1032 772 1116 815 suam
1135 758 1305 831 auspicatur

224 872 242 912 a
261 856 437 931 cogitatione
453 854 641 930 impersonali
657 860 687 912 et
704 869 790 930 pura,
808 870 859 913 seu
878 870 955 931 qnae
973 870 1028 913 nee
1048 854 1209 915 subtectiua
1226 860 1301 913 esset

223 968 278 1011 nae
294 950 455 1025 obiectira,
471 958 621 1028 propterca
638 950 718 1027 qnod
748 950 965 1027 praescinderet
989 968 1007 1010 a
1031 953 1136 1027 moris
1154 950 1302 1025 subiecto,

203 1034 206 1043 ’
223 1056 253 1108 et
271 1052 413 1126 canavis
427 1049 559 1124 obiecto,
575 1054 606 1107 et
622 1054 737 1109 tantum
753 1048 915 1109 includeret
936 1050 1068 1125 pmprias
1084 1046 1193 1107 tomas
1208 1054 1239 1107 et
1254 1048 1304 1106 de·

222 1148 441 1206 terminationes
460 1146 653 1221 universales,
674 1161 723 1204 aa.
737 1161 781 1222 gr.
802 1148 1095 1221 repraesentationem
1116 1146 1202 1203 entis.
1225 1126 1306 1203 llaec

223 1246 361 1320 cogitatio
377 1247 420 1303 sic
437 1244 583 1303 abstracte
604 1249 736 1320 sumpta,
757 1258 808 1303 sen
832 1242 905 1302 haec
923 1246 997 1303 ratio
1011 1248 1098 1319 pmut
1118 1244 1193 1302 ratio
1210 1246 1255 1301 est
1276 1246 1306 1299 et

223 1341 262 1401 ab
280 1344 361 1401 omni
382 1356 506 1417 persona
524 1348 555 1401 ct
578 1340 693 1400 obiecto
714 1346 877 1417 avocatur,
896 1348 942 1401 est
961 1341 1041 1400 Deus
1060 1356 1112 1400 sen
1128 1340 1306 1416 principium

224 1456 321 1499 rernm
340 1442 472 1499 omniurn
491 1441 522 1498 in
542 1438 653 1515 duplici
670 1438 773 1497 ordine
792 1438 880 1498 ideali
902 1445 932 1499 et
952 1439 1035 1514 reali;
1050 1440 1100 1514 qni
1118 1437 1235 1496 ordines
1253 1438 1307 1495 mi·

114 1522 119 1529 ⁴
223 1542 341 1595 amatur
360 1537 499 1611 lavicana,
513 1552 582 1594 nam
600 1533 749 1613 paidpaid
764 1534 912 1595 rationale
930 1540 982 1610 est,
997 1540 1041 1593 esi
1058 1536 1149 1593 eiiam
1166 1532 1258 1609 reale5
1277 1540 1307 1593 et

223 1629 371 1709 qaidpmd
394 1630 492 1706 reale,
520 1630 598 1691 idem
622 1636 667 1691 est
690 1631 850 1693 rationale.
879 1632 1036 1709 Postquam
1061 1647 1131 1691 vero
1157 1631 1234 1690 hanc
1262 1631 1305 1690 lo·

225 1730 320 1805 gicero
341 1727 585 1804 abstractionem,
606 1744 659 1789 sen
686 1728 765 1788 hanc
786 1730 991 1806 cogitationem
1011 1744 1138 1806 puram,
1165 1744 1242 1804 qnae
1268 1726 1308 1787 ad

224 1826 340 1891 unitam
364 1825 526 1889 subiednm
547 1828 710 1903 pertineat,
732 1828 763 1885 ln
783 1826 945 1886 restitutam
967 1828 1130 1900 convenit,
1151 1824 1243 1884 eidem
1268 1824 1310 1884 le·

225 1938 276 2003 ges
296 1923 439 1999 qnasdam
458 1940 490 1983 ae
513 1922 667 1984 evolvendi
698 1930 729 1983 et
748 1922 960 1983 determinandi
985 1921 1129 1997 attribuit,
1148 1938 1223 1997 quas
1246 1938 1306 1983 mo-

226 2026 326 2083 menta
339 2020 484 2097 appellet,
498 2028 528 2081 et
540 2037 666 2098 quarum
688 2021 867 2080 adminiculo
887 2036 984 2080 reram
1007 2021 1226 2079 universitatem
1240 2036 1308 2079 con·

225 2120 394 2179 acuendam
412 2121 546 2179 assumit.
565 2119 650 2178 lianc
668 2135 739 2178 vero
757 2118 799 2177 nil
818 2118 900 2177 allud
924 2118 1061 2194 praebere
1076 2123 1225 2193 autumat,
1248 2119 1307 2176 nisi

224 2219 384 2293 positiones
402 2221 501 2278 varim
524 2218 700 2277 universalis
723 2217 802 2277 illins
820 2216 922 2294 ideae,
938 2231 1013 2292 quaa
1031 2231 1099 2276 cnm
1118 2215 1198 2290 Deo,
1219 2223 1309 2292 prout

225 2315 431 2392 impersonalis
447 2321 478 2375 et
496 2317 582 2392 qnasi
606 2318 640 2374 ia
659 2316 797 2392 potantia
815 2319 877 2389 est,
899 2313 1098 2372 contunditur.
1121 2313 1214 2372 ileum
1236 2329 1308 2372 varo

35 2453 39 2473 .
161 2411 169 2434 ⁸
221 2397 408 2498 personatam
429 2411 507 2472 ellici
531 2418 619 2489 atque
641 2411 799 2472 subamara
823 2415 865 2471 alt
887 2414 917 2470 vl
942 2417 1096 2487 perpetuae
1114 2413 1308 2470 successionis

222 2494 388 2570 'sennarum
408 2509 579 2586 deltarum,
594 2512 625 2568 in
646 2525 720 2586 qnos
742 2507 858 2570 assidue
876 2526 907 2568 se
927 2507 1119 2568 transformat
1141 2507 1307 2567 indetermi-

226 2613 328 2667 nutnm
345 2606 437 2682 iliad,
458 2607 537 2683 qnod
556 2606 625 2666 idea
646 2609 822 2666 continetur.
850 2606 926 2666 lilno
945 2623 1044 2666 rerum
1067 2613 1097 2666 et
1119 2609 1305 2683 cogitationis

225 2705 355 2763 euointlo
374 2710 419 2763 eat
438 2703 567 2764 evolutio
587 2706 740 2780 ipsiusmet
763 2703 835 2781 Del,
858 2706 908 2781 qui
934 2707 1049 2781 proprie
1071 2706 1188 2764 nonmsi
1213 2706 1244 2762 in
1266 2703 1308 2763 el·

226 2800 351 2861 lectione
368 2807 399 2860 et
418 2802 585 2861 successiva
603 2803 796 2878 explicatione
818 2804 931 2862 andum
953 2800 1104 2861 finitarum
1127 2804 1256 2861 oemltar
1280 2806 1303 2860 ¹.

227 2898 291 2958 lioc
308 2904 439 2975 system
458 2901 652 2975 compositum
666 2898 815 2974 qnoddam
832 2905 877 2958 est
897 2914 934 2957 ex
947 2898 1164 2958 transcendenti
1177 2901 1308 2975 egolsmo

229 3131 241 3154 α
254 3109 340 3161 realitd
356 3112 499 3174 apparente.
517 3111 550 3161 ii.
568 3112 683 3162 i’essere
701 3111 811 3162 assoinio
831 3111 852 3162 si
871 3110 948 3162 rirela
966 3111 1032 3161 nella
1048 3109 1206 3173 generatione
1222 3111 1307 3158 etcum

228 3209 241 3232 ι
253 3188 320 3240 della
337 3203 412 3252 cose,
432 3192 455 3242 le
472 3190 542 3254 qnaii
560 3191 738 3242 castitaiscono
757 3192 780 3241 lo
797 3191 876 3242 torma
892 3189 918 3242 di
936 3194 1025 3254 questo
1044 3203 1124 3242 essere
1143 3190 1225 3244 unico.
1242 3189 1307 3252 ogni

229 3290 241 3313 a
254 3269 342 3320 cosae
358 3269 459 3332 dunque
473 3283 524 3321 ona
541 3269 739 3320 manifestatione
753 3271 892 3322 dell’essere
908 3272 1018 3322 assalnto
1031 3271 1098 3321 sotio
1116 3283 1165 3320 nna
1180 3269 1259 3320 lorrna
1269 3269 1309 3320 de·

228 3369 240 3392 ι
253 3348 396 3410 arminia,
417 3363 431 3398 e
452 3349 536 3399 niente
552 3349 602 3412 pnd
624 3349 742 3412 mntem,
761 3350 807 3400 che
827 3362 876 3400 non
895 3350 1014 3414 partecipi
1034 3351 1091 3401 dcll’
1102 3353 1187 3400 tissere
1205 3350 1306 3398 Divino.

228 3449 242 3473 ι
255 3429 348 3487 Quindi
369 3443 401 3480 ne
417 3429 500 3492 siegoe
516 3430 564 3480 cire
580 3431 605 3480 la
622 3432 699 3480 stmsa
718 3433 808 3480 natura
824 3443 873 3480 non
887 3431 901 3481 e
916 3433 1004 3492 morta,
1023 3445 1063 3480 ma
1077 3431 1175 3480 virente
1186 3443 1200 3479 e
1211 3429 1307 3490 divina,

230 3528 242 3550 α
255 3521 326 3558 come
343 3521 404 3571 pure
419 3509 435 3557 l'
445 3509 533 3559 ideale.
551 3512 595 3560 ill.
618 3511 711 3567 Qnasta
726 3511 927 3562 maniiestmiona
942 3511 1111 3562 dell'assoiuto
1125 3511 1174 3560 sle
1191 3509 1309 3573 prodotta

229 3607 242 3630 a
254 3599 299 3652 per
318 3587 342 3638 ie
362 3588 513 3653 oppositioni
530 3603 547 3640 o
565 3589 735 3652 eorreiaaioni,
752 3591 798 3641 che
818 3581 1006 3656 si'appalesano
1022 3603 1036 3642 a
1052 3587 1143 3640 diremi
1156 3589 1225 3652 gradi
1241 3588 1309 3640 dello

231 3687 245 3712 a
256 3668 372 3732 srilappo
387 3668 473 3732 totale,
490 3669 517 3718 in
531 3669 571 3719 cni
590 3669 724 3719 incontrasi
745 3683 780 3720 nn
800 3670 955 3734 predominio
970 3670 1078 3732 diverso,
1096 3683 1141 3720 ora
1159 3669 1308 3730 dell’ideale,

229 3765 242 3790 ι
254 3759 300 3796 ora
311 3745 352 3796 dei
368 3739 550 3811 reale;'queste
565 3749 715 3812 apparitioni
730 3749 831 3813 dunque
849 3763 899 3800 non
917 3761 978 3800 sono
997 3750 1044 3800 cire
1061 3751 1077 3798 i'
1088 3749 1239 3813 repressione
1259 3747 1312 3798 dcl·

231 3845 245 3872 ι
256 3825 274 3874 i'
285 3825 396 3876 identiti.
417 3829 453 3877 La
472 3827 568 3878 scicnaa
585 3830 599 3879 e
617 3828 641 3878 ia
660 3829 752 3880 ricerca
772 3828 798 3880 aii
820 3831 908 3892 questu
928 3829 1128 3892 srilappsmentn
1149 3841 1199 3878 eea.
1225 3847 1236 3869 u
1255 3829 1310 3877 lila-

231 3905 313 3957 aatala
328 3905 445 3958 deii’trt.
456 3907 530 3958 della
540 3907 614 3970 filos.
633 3911 696 3972 part.
711 3917 736 3970 a,
757 3907 782 3971 §.
796 3916 850 3960 eea.

290 3993 300 4036 t
314 3986 514 4052 liacpciopedia.
