2892 4425
211 346 269 399 ¹88
538 350 779 395 ΙΠΛΡΙῊΙΩΔΙ
799 350 961 395 trutinis

208 479 245 524 ae
258 462 434 535 smtinntur,
449 458 496 519 vai
524 457 610 518 nihii.
632 458 690 518 Soti
709 464 873 519 eruemum
889 457 946 518 itoa
959 472 1045 517 nemo
1062 460 1115 535 qui
1133 474 1224 519 sanus
1246 462 1293 519 sit

208 564 338 633 ιιιιιιις
367 555 513 633 ιΙιιιιιιι
537 558 666 616 senentio
688 564 719 615 et
746 558 907 633 pereepiio,
930 572 989 633 qua
1016 556 1089 616 nihii
1114 559 1239 618 sentitur
1260 566 1294 618 et

209 671 269 733 qua
280 654 354 714 nihii
368 656 537 731 percipitur,
548 654 726 714 chimerion
740 660 786 715 est
797 661 828 715 et
838 670 876 715 ns
890 654 1045 715 informari
1061 654 1177 732 quidem
1191 663 1292 716 utente

209 758 314 828 potest.
336 751 445 813 Verum
465 753 555 830 igitur
571 756 628 811 erit
647 754 795 828 primum,
811 753 946 813 seusiiem
968 754 1109 813 nimirum
1127 756 1287 829 pereeptio·

210 864 279 908 nem
299 850 331 907 iu
350 848 471 910 obiectis
488 851 559 925 ipsis
582 852 711 911 exterm
730 850 982 927 deprehendendis
1005 856 1036 909 et
1056 849 1213 910 sntieudts
1237 854 1292 909 im·

212 946 339 1007 mediate
357 949 482 1007 uersam.

269 1044 331 1104 Neo
349 1044 472 1105 obiectio
491 1045 560 1121 iiio,
584 1060 674 1122 quam
695 1046 786 1121 aiiqui
805 1052 889 1106 tanto
908 1061 995 1122 opere
1014 1052 1214 1123 exaggerant,
1243 1064 1293 1106 ne·

210 1145 324 1221 gotum
342 1143 459 1204 ineessit
478 1141 608 1219 aliquod,
624 1159 692 1203 eum
709 1142 823 1220 dieunt,
845 1146 871 1203 si
891 1144 933 1203 iia
950 1150 1037 1219 meet,
1051 1145 1183 1203 animum
1205 1151 1291 1205 extra

210 1256 244 1301 so
262 1240 333 1301 ferri
352 1246 482 1316 oportere
498 1246 534 1300 nt
551 1238 676 1315 obiecto,
689 1239 768 1315 quod
788 1242 923 1317 puoipit,
942 1241 1147 1317 coniungatur.
1167 1238 1244 1299 Nam
1263 1244 1290 1301 si

211 1354 258 1399 ras
278 1345 413 1399 aoeurata
433 1336 632 1413 perpenditur,
655 1335 729 1395 nihii
749 1334 878 1412 putidius
905 1343 958 1398 ant
979 1338 1076 1396 minna
1100 1342 1203 1412 aptum
1222 1352 1292 1412 pro-

211 1433 282 1495 ierri
306 1440 431 1510 poterat.
454 1434 588 1495 sensato
609 1436 687 1494 enim
711 1449 772 1493 non
794 1450 831 1494 eo
856 1436 1003 1495 autionnm
1031 1450 1135 1511 genere
1161 1436 1294 1494 monne

210 1538 272 1606 tur,
292 1546 368 1607 quaa
386 1536 570 1591 mmortales
587 1534 752 1607 nominant,
772 1530 879 1607 quibus
894 1532 1026 1591 efficians
1043 1546 1102 1590 non
1128 1534 1159 1589 in
1181 1548 1214 1591 se
1238 1532 1292 1592 seii

211 1630 244 1687 iu
260 1630 398 1688 exteriori
417 1630 539 1689 materia
556 1636 704 1706 operatur.
726 1628 782 1689 Seii
796 1631 874 1689 aetio
886 1628 1030 1706 quaedum
1052 1635 1096 1688 eat
1111 1631 1287 1703 immonem,

211 1730 247 1789 ut
264 1726 368 1801 aium,
390 1741 449 1801 qna
468 1727 607 1785 nimirum
625 1740 717 1801 agens
739 1727 888 1803 operando
909 1744 940 1788 sa
962 1730 1058 1803 ipsum
1080 1726 1174 1787 affleit
1190 1734 1220 1787 at
1239 1726 1292 1787 ite·

211 1824 359 1883 terminat.
380 1824 478 1897 Quare
491 1826 608 1885 animus
625 1840 693 1883 eum
709 1826 799 1885 sentit
812 1832 842 1885 et
853 1826 988 1902 pereipit,
1007 1841 1067 1884 non
1085 1831 1177 1885 semet
1191 1826 1291 1901 egredi

211 1934 248 1978 ae
264 1919 408 1995 deserere,
428 1920 531 1980 sedin
551 1937 583 1981 se
603 1937 722 1997 prorsus
743 1937 862 1982 manere
886 1921 994 1997 debet,
1017 1924 1125 1998 qnippe
1145 1924 1291 1982 tationem

212 2017 244 2076 in
270 2032 305 2075 se
322 2016 424 2076 effluit.
440 2017 481 2077 st
501 2032 570 2078 enm
583 2020 713 2078 senentio
735 2024 765 2078 et
785 2021 932 2094 perceptio
946 2018 1116 2077 natatione·
1137 2018 1294 2078 involvant

212 2113 252 2175 ιι
270 2115 415 2176 obieetum
444 2116 562 2192 aliquod
585 2116 665 2193 quoti
688 2118 848 2193 respitiant
868 2122 1160 2193 repreasenteutque3
1179 2116 1293 2177 ideireo

211 2215 362 2288 quaeritur
375 2214 448 2290 quid
465 2216 598 2290 proxime
612 2216 728 2274 notione
742 2229 880 2273 sensnum
892 2216 1078 2290 pereIpiatnr.
1097 2215 1176 2274 Haeo
1190 2219 1290 2274 autom

215 2312 360 2386 quaestio,
372 2317 407 2370 ut
423 2313 556 2387 superior
567 2311 751 2372 muodnetio
768 2309 917 2386 patefecit,
936 2311 1011 2369 soisi
1030 2315 1222 2387 tongi-uenter
1239 2323 1291 2368 no-

211 2409 288 2484 ssoit,
312 2409 369 2467 nisi
383 2411 447 2484 ipsa
459 2413 582 2468 exterus
592 2408 706 2467 obieeta
716 2423 751 2467 ea
765 2410 947 2483 perceptione
961 2410 1066 2484 attingi
1079 2407 1225 2466 dieantur.
1241 2405 1289 2466 Ad
1396 2417 1403 2422 '

212 2520 302 2583 quam
317 2509 470 2566 ueritatem
481 2506 553 2564 nihii
566 2521 686 2581 pmrsus
698 2507 826 2580 pertinet
838 2507 1017 2580 ooniunetio,
1029 2504 1067 2563 tia
1076 2519 1135 2580 qua
1145 2511 1292 2581 qnamunt

213 2603 386 2664 adversarii.
398 2603 583 2678 Goguoaeaua
594 2604 674 2660 enim
688 2618 746 2661 non
762 2602 875 2661 obiecto
885 2600 963 2677 quod
977 2599 1291 2677 perspicientem

213 2705 262 2759 eto
274 2703 305 2760 in
319 2699 397 2776 qood
412 2701 485 2776 agit,
502 2700 641 2775 coniungi
653 2698 752 2775 debet3
768 2697 977 2774 quodquidam
991 2698 1152 2758 subiectum
1165 2699 1195 2756 in
1208 2711 1292 2774 prae·

213 2801 288 2858 muti
301 2804 347 2856 ιιι
360 2799 424 2872 ipse
441 2798 570 2856 animus.
586 2795 741 2856 obtortum
760 2811 829 2856 vero
843 2811 902 2855 non
919 2797 1002 2872 iungi
1015 2795 1066 2854 sed
1079 2809 1215 2871 praetem
1226 2795 1293 2854 flori

213 2900 344 2968 oportet,
353 2900 387 2951 ut
399 2895 479 2952 eirea
499 2897 594 2968 ipsum
608 2895 721 2952 versari
735 2895 864 2970 eoguiiio
883 2895 986 2968 possit.
1004 2891 1084 2952 tinae
1096 2899 1194 2952 eutem
1208 2905 1293 2967 prae·

214 2990 308 3049 sentin
322 2986 483 3048 montium
495 2995 618 3049 naturae
632 2991 710 3066 teges
729 2991 801 3050 satis
821 3004 965 3066 mperqne
980 2992 1012 3049 in
1029 2991 1194 3048 sensatione
1205 2987 1295 3047 haite-

193 3091 276 3182 ⁸tur,
289 3087 316 3144 si
329 3083 473 3144 obiectum
492 3087 539 3146 vei
554 3086 722 3147 immediata
736 3088 781 3147 uei
803 3087 928 3149 mediate
940 3088 1161 3162 impressionem
1179 3092 1296 3144 ereroat

215 3182 247 3242 in
266 3184 407 3243 sensoria.

622 3379 806 3441 Αιτιιυιυι
832 3381 887 3440 iii.

553 3581 598 3641 Do
618 3580 814 3642 sensibilitate
835 3581 965 3641 intereo.

277 3782 328 3834 oi.
350 3774 397 3836 Ati
418 3772 641 3833 sensibilitatem
663 3774 825 3846 internam,
846 3769 931 3829 euius
953 3780 1064 3844 organa
1083 3767 1199 3826 interna
1227 3765 1299 3821 sunt

216 3874 370 3948 animanti,
391 3871 537 3948 (inpiieem
555 3869 723 3928 teeuitatem
746 3869 890 3943 pertinere
911 3867 1084 3942 opinamur:
1106 3877 1208 3934 unam,
1221 3873 1299 3934 quae

217 3972 376 4046 generuttm
398 3985 501 4029 seusus
516 3971 666 4041 intemus3
683 3965 786 4042 alteru,
801 3979 875 4039 quaa
889 3963 1044 4039 phantasia
1059 3959 1104 4020 vei
1121 3961 1208 4019 etiam
1223 3959 1297 4014 imu-
