2892 4425
370 379 447 426 iim
466 381 581 426 mm
602 397 616 412 ·
634 379 817 427 tritomum
838 379 1017 429 muniri!
1174 375 1232 429 825

151 487 268 547 iuiinito
287 489 441 550 contineri.
467 491 565 564 Quare
586 493 733 567 supienter
754 489 916 552 Bodiirius:
945 515 959 544 ι
984 489 1133 568 Quidquid
1156 493 1234 552 vivit

155 610 169 635 ι
192 587 380 663 intempore,
400 587 432 646 id
453 603 591 663 pmesens
612 604 630 646 u
654 589 818 663 praeteritis
841 590 873 646 in
895 587 995 650 iuturn
1019 588 1163 666 prunedit,
1183 590 1231 650 ui·

155 705 168 733 a
190 682 291 760 hiique
304 691 349 744 est
368 686 399 744 iu
411 691 543 761 temporo
561 688 753 752 constitutum
774 685 853 762 quod
866 691 961 745 totum
975 688 1140 748 rimemus
1161 701 1230 762 spn-

154 804 168 831 ·
190 783 265 840 tium
289 784 398 856 puriter
419 785 512 858 possit
531 782 680 858 ampiecti.
702 782 761 842 Sed
775 784 935 842 erastinum
958 783 1078 860 quidem
1096 784 1229 844 noudum

154 903 168 929 ι
191 879 398 957 apprehendit,
419 881 589 941 hesternum
606 895 677 940 uero
698 883 758 940 ium
781 879 917 956 perdidit.
937 880 973 939 lu
996 879 1137 940 hodierno
1157 897 1230 956 quo·

153 1001 167 1027 ι
189 993 248 1053 que
269 981 333 1038 vitu
352 994 413 1037 uou
435 978 562 1054 umpiius
582 980 676 1054 vivit,
698 993 789 1054 quum
809 980 839 1037 in
859 978 910 1036 iiio
928 977 1029 1036 mobiii
1045 979 1229 1038 iruusitorio·

153 1097 168 1124 α
189 1089 248 1150 que
264 1081 424 1134 momento.
440 1075 527 1149 Quod
547 1076 638 1152 igitur
656 1076 798 1151 temporis
823 1076 933 1150 potitur
952 1073 1168 1151 perditionem,
1194 1074 1229 1134 ii·

154 1195 168 1222 ·
190 1178 239 1231 eet
261 1171 337 1232 iiiud
358 1171 448 1259 (siout
472 1172 509 1231 do
534 1171 644 1232 muudo
674 1175 793 1232 oeusuit
817 1169 1001 1248 Aristoteiesi
1025 1187 1080 1232 neo
1100 1175 1230 1248 eoeperit

153 1292 167 1319 ι
190 1283 321 1345 unquum
340 1283 404 1328 esso
426 1285 481 1330 nee
498 1269 628 1345 derium,
657 1271 777 1347 viteque
797 1271 859 1329 eius
882 1285 950 1329 eum
970 1269 1110 1345 temporis
1129 1267 1228 1330 iuiini·

153 1389 166 1417 ι
189 1371 250 1425 tote
268 1365 425 1442 tendutur3
439 1367 571 1428 noudum
590 1372 690 1428 tumen
707 1369 768 1428 tuie
779 1373 837 1442 est,
860 1372 1062 1428 ntuetemum
1083 1383 1146 1428 esse
1165 1369 1230 1428 iure

152 1487 166 1514 ι
187 1454 335 1522 eredutur.
354 1462 421 1522 Non
441 1465 520 1522 enim
547 1469 643 1524 totum
669 1464 777 1540 simui,
801 1461 935 1524 infinitus
953 1463 1021 1524 iieet
1047 1464 1137 1540 vitu'o,
1159 1479 1227 1540 sps·

153 1583 167 1611 «
189 1562 265 1619 tium
284 1560 506 1636 comprehendit
522 1567 612 1638 utque
630 1561 849 1638 dompieotitur3
876 1560 928 1622 sed
948 1560 1050 1624 futuru
1074 1559 1225 1638 nondum,

152 1681 166 1709 ι
188 1662 339 1718 nummu
366 1659 427 1718 ium
456 1673 517 1718 non
544 1657 643 1718 hoba.
674 1658 760 1732 Quod
782 1659 872 1735 igitur
896 1657 1120 1718 interminabilis
1149 1659 1228 1720 vitre

151 1778 166 1804 ι
189 1754 398 1830 piouitudiuem
417 1761 508 1816 totum
527 1759 637 1832 puriter
655 1755 877 1832 eompreheudtt
890 1770 926 1816 ne
948 1754 1089 1832 possidet,
1109 1757 1159 1816 oui
1173 1771 1227 1818 neo

152 1875 166 1904 ι
187 1851 280 1912 futuri
299 1852 460 1930 quidquem
472 1853 551 1914 obsit
568 1870 625 1914 neo
641 1856 790 1930 praeteriti
803 1853 934 1931 fluxerit,
949 1853 980 1914 id
999 1859 1150 1914 ueternum
1163 1869 1228 1916 osso

152 1973 165 1999 ι
188 1951 251 2010 iure
269 1949 450 2026 perhibetur.
476 1950 570 2027 quue
591 1967 711 2011 ueneno
740 1957 786 2010 est
815 1957 846 2012 et
873 1953 921 2012 sui
944 1967 1066 2028 compos
1088 1967 1225 2028 promens

152 2071 166 2098 ι
188 2047 243 2107 sibi
263 2061 378 2124 seruper
401 2049 604 2122 manumet
625 2046 801 2108 iuiiuitutem
820 2049 938 2108 mobilis
958 2049 1099 2124 temporis
1117 2047 1226 2110 hubert

22 2113 27 2120 ⁸
148 2167 164 2198 a
185 2151 369 2221 praesentem
384 2146 407 2203 ¹.
426 2169 440 2196 n
461 2144 547 2219 Quod
566 2149 714 2221 postremo
733 2145 845 2206 dietum
865 2144 983 2223 perinde
1002 2143 1225 2221 inteiligeudum

144 2249 191 2303 est
213 2258 250 2302 oo
273 2242 353 2301 Deus
379 2248 568 2317 permanente
593 2258 648 2303 suo
671 2249 702 2304 et
731 2242 851 2304 infinito
872 2244 996 2303 instanti
1023 2256 1160 2318 prmo
1186 2244 1226 2305 sit

145 2340 235 2400 reims
251 2338 410 2415 omuibus,
429 2354 505 2415 quse
529 2338 614 2399 iiuxo
640 2341 825 2401 moeniorum
846 2343 1008 2417 eueniunt,
1032 2341 1106 2415 quin
1132 2339 1225 2403 ulium

144 2440 178 2497 iu
199 2453 232 2498 se
257 2437 361 2498 subeut
379 2438 604 2497 suuoessiouem.
626 2439 725 2512 Quure
751 2444 883 2515 reupsuou
907 2438 1048 2514 temporis
1068 2438 1225 2499 serenius

145 2550 205 2595 nou
231 2536 457 2613 incongruenter
476 2535 688 2596 assimilaretur
707 2538 830 2597 immoto
851 2542 965 2611 centro,
991 2532 1070 2611 quod
1090 2548 1159 2593 uum
1176 2534 1223 2593 iu·

142 2632 300 2693 dividuum
321 2634 362 2693 sit
381 2639 413 2693 et
428 2648 614 2710 permaneus,
637 2635 670 2693 vi
692 2630 850 2710 iineurum,
864 2646 941 2710 quae
962 2631 1032 2691 iude
1056 2626 1223 2709 duuuutur,

144 2731 262 2805 puuutis
280 2728 418 2791 omuibus
438 2728 581 2807 episteme
600 2730 792 2810 respondent,
816 2746 893 2808 quus
916 2732 996 2793 eires
1024 2731 1122 2807 ipsum
1145 2726 1223 2790 iorte

143 2825 296 2887 uniretur.
1148 2833 1149 2839 ’

654 3027 706 3083 iii.

406 3274 414 3285 ,
519 3224 595 3279 mur
613 3225 659 3278 est
674 3225 841 3308 immensos,

105 3401 111 3411 ’
203 3424 271 3476 ito.
293 3418 398 3477 ltmtut
416 3425 450 3480 ut
473 3418 511 3477 de
530 3420 728 3478 immensitate
745 3418 863 3477 divinoe
880 3423 1002 3479 naturus
1022 3418 1134 3495 oiiquid
1153 3435 1218 3496 per·

137 3516 331 3591 stringamus.
357 3515 420 3575 iiuo
443 3531 516 3574 vous
537 3516 711 3592 iuteiiigitur
742 3514 927 3593 atheniogis
951 3516 1056 3577 modus
1081 3517 1132 3576 iiie
1157 3518 1220 3577 exi·

135 3610 246 3687 mendi,
268 3626 327 3687 quo
346 3610 426 3673 Deus
448 3616 483 3671 ut
500 3611 608 3690 ubique
625 3614 666 3672 sit
683 3627 821 3687 moerens
837 3614 977 3689 exquirit,
998 3628 1034 3673 uo
1055 3612 1219 3675 sumnum

136 3722 194 3766 suu
213 3711 324 3783 omniu,
341 3724 418 3785 quoe
436 3710 530 3769 orenri
548 3715 683 3785 possunt,
697 3708 790 3768 ueluti
809 3724 957 3784 permeare
978 3712 1055 3786 poids
1074 3716 1131 3785 est,
1147 3710 1220 3784 quin

137 3819 157 3863 u
170 3818 203 3862 re
215 3804 315 3881 uiiqun
331 3812 383 3865 out
397 3806 463 3865 ioeu
479 3808 593 3882 uspiam
605 3804 764 3867 definietur
777 3807 801 3864 ².
818 3806 862 3867 Ex
875 3822 935 3885 quo
952 3813 1033 3884 putet
1046 3804 1219 3868 attributum

197 3940 207 3983 i
224 3935 263 3983 De
281 3946 352 3984 eous.
364 3935 435 3999 poti.
450 3938 468 3986 Ι.
485 3944 509 3998 u,
527 3949 600 4000 prosu
614 3942 638 3986 o.

195 4020 209 4063 i
225 4013 290 4063 Vide
303 4016 399 4065 suum
414 4015 531 4081 dirupit.
545 4019 565 4068 t.
580 4023 606 4077 i,
621 4014 688 4081 disp.
705 4022 746 4079 ³⁰,
761 4018 821 4067 seoi.
840 4021 863 4067 i.
