2892 4425
243 379 301 430 ²⁴⁰
568 375 808 424 lffll’lmlffl
828 379 989 424 meluis

242 496 388 568 morat,
401 488 566 566 oppugnari
582 491 778 566 eonspleeret3
797 487 835 549 ad
855 487 998 550 eiusmodi
1021 503 1161 566 responsa
1180 491 1322 570 oeninge
1419 577 1422 582 ,

242 595 306 666 ret,
326 587 433 665 qulbus
452 587 517 647 loco
535 585 638 647 cedere
657 594 688 647 ct
707 594 776 648 ante
795 587 883 648 dietis
903 587 1103 648 conuadleere
1122 589 1284 652 rideatur.

304 694 375 747 1²1.
396 685 475 746 llluc
495 685 672 745 Lelbnitlaui
690 692 721 745 et
740 684 883 744 Wolflani
902 687 1070 762 systematis
1090 685 1205 748 falsitas
1224 689 1321 749 multo

241 785 336 860 magis
356 789 486 859 apparet.
509 782 627 843 Praeter
647 785 727 842 enlm
741 782 931 844 inutilitatem
952 785 1033 844 llllus
1054 783 1135 846 ideae
1153 801 1243 862 quam
1264 787 1319 847 ad·

241 881 348 958 attuit,
369 881 429 940 dno
453 879 578 940 oliendit
602 879 798 941 incommoda.
823 879 975 958 Primum,
996 882 1076 959 quod
1100 883 1329 944 ineluctabilem*

241 979 427 1040 ideallsmnm
447 978 584 1055 inducat;
598 977 743 1054 secundo,
758 978 836 1055 quod
850 981 987 1039 unionem
1005 981 1096 1038 animi
1110 995 1178 1039 cum
1195 997 1318 1058 eorpora

241 1076 419 1154 pessumdet.
443 1075 481 1135 lit
505 1075 543 1134 ad
566 1074 643 1135 illud
665 1076 785 1153 quidem
809 1076 888 1152 quod
914 1078 1036 1153 attinet,
1057 1079 1083 1136 sl
1107 1077 1190 1138 ideae
1213 1096 1316 1140 omnen

243 1175 298 1252 (ne
317 1172 504 1235 sensibilibus
523 1174 642 1252 quidem
664 1174 809 1251 exeeptis)
831 1191 868 1234 ex
890 1173 1056 1235 evolutione
1079 1177 1197 1235 virtutis
1218 1179 1316 1237 cuins·

242 1273 312 1334 dam
327 1275 459 1332 internae
473 1271 711 1348 proficiscuntur,
726 1287 802 1348 quas
815 1271 953 1332 eoniusas
973 1274 1189 1349 pereepllones,
1204 1276 1237 1333 in
1250 1275 1316 1335 idea

241 1373 332 1432 toiim
354 1371 484 1430 universi
509 1375 682 1446 eontentas,
709 1369 854 1447 gradatim
879 1369 1062 1448 distinguat,
1090 1373 1317 1432 eommunlcstiu

242 1469 338 1551 omnis
350 1469 426 1526 inter
436 1469 567 1526 animum
579 1474 609 1526 et
622 1467 847 1544 adspectabllem
858 1467 1001 1527 mundum
1013 1466 1207 1545 abrumpitur.
1220 1469 1317 1531 lmmo

241 1580 335 1640 nequa
347 1580 385 1623 ex
400 1565 607 1640 inclinatione,
622 1582 713 1642 quam
733 1567 899 1642 experimur
917 1565 956 1625 ad
976 1565 1155 1626 admittenda
1173 1583 1314 1646 corpora,

242 1662 355 1722 adlecta
373 1660 429 1720 Del
449 1664 622 1739 veracitate,
636 1667 671 1722 ut
689 1663 786 1723 uoluit
799 1664 960 1740 Centenius,
974 1666 1128 1724 existentia
1146 1667 1248 1725 mnndi
1269 1669 1314 1726 vl-

241 1757 336 1822 slbills
355 1758 456 1819 inferri
471 1766 579 1836 posset.
600 1760 758 1820 Inclinatio
771 1764 848 1820 enim
864 1760 932 1837 illa,
948 1761 1057 1822 latente
1069 1761 1197 1839 Wolllo,
1211 1764 1314 1824 eadem

241 1871 362 1934 prorsus
380 1861 468 1932 esset,
483 1859 597 1918 edamd
614 1857 714 1919 nullus
734 1874 889 1934 corporeus
909 1858 1036 1918 muudus
1053 1865 1196 1938 exstem
1215 1867 1315 1939 utpute

240 1970 317 2033 quae
335 1954 418 2015 ideas
442 1970 480 2014 ex
502 1953 566 2015 solo
584 1959 684 2016 animo
702 1955 861 2032 pendentes
880 1959 1078 2016 comitaretur.
1100 1957 1177 2035 Ergo
1197 1974 1235 2017 ex
1249 1960 1315 2035 ipsa

241 2051 344 2114 lulerrl
364 2069 423 2112 non
443 2058 542 2130 posset
561 2054 663 2114 muudi
684 2056 814 2130 corporei
837 2055 991 2114 existentia
1012 2056 1110 2115 realis

299 2150 403 2226 Quoad
428 2151 555 2211 alterum
580 2167 673 2229 reru,
695 2157 799 2212 eontra
823 2151 1004 2212 Woliinnnm
1031 2159 1160 2231 systema
1184 2155 1315 2231 torqueri

241 2255 340 2325 posset
359 2248 431 2309 lllud
445 2252 560 2326 ipsum,
575 2250 654 2327 quod
674 2257 777 2311 contra
792 2250 973 2311 Platonicum
986 2250 1098 2313 dictum
1118 2258 1173 2312 est.
1195 2252 1270 2313 llam
1288 2254 1314 2313 sl

241 2345 323 2405 ideae
341 2362 443 2407 omnes
463 2347 501 2407 ab
521 2350 620 2407 animo
640 2349 727 2407 uulee
747 2349 888 2425 pendent,
904 2349 1031 2409 hominis
1048 2350 1240 2427 intelligentia
1261 2366 1313 2426 pro

240 2446 387 2519 praesenti
407 2446 565 2505 lunctlonls
584 2452 663 2505 'statu
678 2444 792 2505 nullum
806 2447 1033 2507 emolumentum
1051 2450 1129 2523 capit
1149 2464 1184 2506 ex
1206 2450 1313 2508 unione

240 2556 310 2601 cum
322 2558 453 2619 eorpore.
475 2544 570 2603 Immo
584 2560 621 2603 ne
635 2542 768 2603 influxus
784 2544 901 2620 quidem
917 2543 982 2619 lile,
996 2560 1084 2621 quem
1098 2543 1182 2605 Plato
1198 2548 1311 2621 posuit,
1440 2546 1441 2549 ’

240 2655 278 2699 ex
298 2646 381 2715 parte
395 2642 527 2717 corporis
539 2640 578 2700 ad
598 2640 678 2701 ideas
693 2640 798 2701 saitem
818 2640 987 2701 exdtaudas
1001 2640 1112 2701 adstrui
1125 2649 1239 2718 posset;
1254 2658 1314 2703 mo

241 2734 332 2795 uades
344 2739 435 2813 enim,
449 2736 527 2797 unde
544 2754 650 2815 corpus
663 2738 812 2816 mellescit,
825 2738 1008 2800 Lelbnltiano
1022 2745 1191 2819 systemate,
1207 2742 1237 2800 in
1253 2756 1313 2800 mo-

240 2833 345 2893 nadem
366 2838 487 2896 minime
507 2843 609 2914 agunt.

753 3009 804 3065 lll.

528 3175 657 3231 dormint
673 3180 802 3249 systema
815 3176 1019 3249 perpenditur.

302 3331 372 3385 ita.
393 3326 428 3383 ln
452 3326 555 3400 primis
575 3333 705 3403 systema
724 3327 781 3387 hoc
802 3345 860 3388 non
886 3332 967 3389 tauul
987 3328 1164 3390 obscuritate
1187 3329 1311 3409 laborat,

238 3419 318 3497 quod
338 3423 413 3481 satis
433 3423 515 3499 idea,
529 3438 619 3499 quam
638 3431 790 3501 tantopere
808 3425 938 3503 extollit,
953 3442 1011 3485 non
1031 3430 1103 3487 satis
1121 3428 1249 3503 praecise
1266 3429 1313 3489 de

238 3514 324 3576 iluiat
342 3519 412 3595 qnid
432 3520 482 3579 sit.
505 3518 614 3580 Saltem
635 3538 654 3581 a
673 3538 761 3581 sensu
780 3526 974 3583 communiter
991 3530 1106 3601 recepto
1126 3527 1168 3586 lta
1188 3526 1310 3603 recedit,
1440 3566 1441 3575 η

239 3618 273 3673 ut
291 3629 429 3693 magnam
451 3618 653 3679 conlusionem
674 3620 781 3681 aflerat
801 3624 831 3680 iu
855 3622 1043 3699 disputando.
1065 3622 1129 3683 Etsi
1152 3626 1229 3682 culm
1250 3626 1311 3684 exi·

239 3716 375 3774 atentiam
395 3719 488 3793 ipsam
512 3720 629 3778 notione
648 3719 702 3778 illa
720 3722 863 3779 contineri
881 3720 977 3796 dicat3
999 3727 1097 3780 tamm
1118 3738 1171 3797 pro
1186 3724 1312 3782 eristen·

238 3814 280 3871 tia
300 3813 437 3904 inteiligit
461 3815 687 3877 obiectlvitatem
713 3820 775 3893 rel,
796 3826 939 3894 quatenus
964 3818 1154 3896 distinguitur
1174 3836 1192 3878 a
1212 3822 1312 3898 cogni·

238 3912 318 3969 tlone
338 3919 425 3987 prout
442 3912 604 3973 mniecdva
623 3919 678 3973 est.
699 3896 735 3972 ld
753 3932 823 3975 vero
842 3916 920 3993 qnod
941 3918 1028 3977 aeteri
1048 3933 1149 3977 omnes
1169 3915 1313 3977 vocabulo

210 4074 214 4084 ¹
237 4008 410 4069 existentiae
434 4018 594 4088 usurpant,
622 4014 761 4073 nimirum
785 4014 928 4073 actualem
954 4030 1049 4074 rerum
1068 4016 1260 4089 praesentiam
1281 4015 1311 4072 lu
