2892 4425
462 392 539 435 PARS
560 392 663 435 Pitiss
685 407 696 419 ·
718 392 918 436 cosuutiiuia
1191 386 1227 438 87

209 501 243 561 ld
261 508 359 561 autem
384 505 427 561 itu
446 518 510 561 esse
530 502 713 578 apmdssima
734 502 809 561 ratio
836 506 866 560 et
885 502 993 561 ueritus
1017 502 1083 577 ipsa
1108 505 1229 562 conuin-

147 600 200 657 cit.
230 598 307 657 Nara
332 599 357 658 si
387 599 512 658 muudus
541 601 642 658 eiusne
669 602 793 657 materia
822 599 932 657 nuiiam
965 615 1084 659 causam
1114 600 1230 659 babuis-

147 702 214 755 sent
229 702 384 771 esscmqm
397 712 450 755 ens
462 696 608 772 quoddam
627 695 783 771 intectum3
800 696 929 771 proiecto
948 699 1113 755 extitissent
1126 704 1230 773 sponte
1320 753 1322 762 .

148 809 203 853 sua
223 801 417 868 naturaeque,
437 810 525 869 quam
551 793 720 871 possident,
747 796 929 854 necessitate.
959 794 999 853 Ut
1025 798 1101 853 enim
1128 803 1231 855 contra

143 889 575 967 Bcgnuinsdemonsrravtmus
600 895 623 966 ¹,
646 891 721 950 nibii
742 894 857 967 turpius
875 890 1047 967 pbiiosopbo
1066 900 1122 969 est,
1140 909 1229 968 quara

148 994 183 1045 ut
201 988 338 1062 opinetur
357 1002 441 1062 posse
461 987 525 1045 deri
551 988 675 1064 aiiquid,
690 992 754 1047 sine
769 990 829 1049 uiis
843 988 951 1049 causa.¹
966 990 1062 1063 Quare
1088 991 1230 1066 quidquid
1288 1030 1295 1043 ,

148 1088 270 1145 minime
289 1085 463 1161 productum
485 1092 542 1161 est,
566 1100 618 1144 scu
637 1086 779 1162 quidquid
802 1088 842 1145 iia
858 1092 954 1145 exstat
982 1092 1015 1145 ut
1043 1087 1125 1145 nuiia
1143 1103 1231 1147 causa

151 1200 249 1259 aqna
270 1186 443 1260 gigneretur
464 1186 594 1260 eguerit,
619 1184 649 1241 id
666 1187 729 1243 sine
749 1183 838 1244 dubio
861 1186 961 1260 nequit
980 1200 1043 1243 esse
1059 1186 1231 1261 contingens

147 1282 200 1342 scd
227 1288 383 1358 tamquam
405 1298 457 1341 ens
479 1284 676 1341 necessarium
704 1281 806 1341 baberi
833 1281 928 1339 debet.
952 1280 1067 1341 Etenim
1093 1283 1118 1341 si
1146 1298 1230 1341 secus

147 1386 236 1457 esset,
258 1382 444 1438 rciionutum
466 1380 653 1438 induceretur
676 1382 740 1438 sine
756 1381 871 1438 ratione
892 1376 1062 1455 sufficienti,
1091 1382 1231 1438 nimirum

149 1475 352 1535 determinatio
372 1478 615 1535 nd=eaistentiam
636 1479 667 1535 in
695 1484 762 1535 ente
783 1475 850 1552 ilio,
873 1479 935 1535 siue
965 1476 1107 1551 probabiii
1127 1462 1229 1537 'deur-

149 1577 320 1634 minationis
335 1590 435 1633 causa.
452 1575 531 1635 iiaec
545 1576 623 1633 enirn
638 1574 677 1633 ab
693 1574 751 1634 aiio
769 1576 857 1651 repeti
875 1592 933 1634 non
952 1582 1064 1651 posset3
1087 1576 1230 1651 siquidem
1265 1606 1269 1615 ·

149 1690 213 1749 eus,
235 1674 344 1748 dequo
357 1675 466 1749 agitur,
488 1688 506 1731 a
527 1675 642 1731 nemine
661 1675 796 1750 progigni
818 1672 949 1749 tingitur.
970 1674 1072 1732 Restat
1091 1676 1180 1750 igitur
1199 1682 1231 1733 ut

149 1775 224 1832 ratio
240 1771 291 1829 iiia
307 1778 454 1846 repetatur
474 1770 513 1829 ab
534 1770 664 1831 eiusdem
687 1774 763 1829 entis
784 1778 908 1847 natura3
924 1788 999 1848 quae
1018 1772 1141 1847 proinde
1166 1788 1232 1831 cou-

148 1871 322 1947 tingeutiam
340 1886 359 1927 u
374 1886 406 1928 se
420 1876 578 1945 respueret.
596 1869 705 1944 Nequit
726 1885 795 1945 ergo
817 1869 943 1929 mundus
964 1886 1028 1929 esse
1048 1887 1100 1929 ens
1121 1872 1230 1945 impro-

148 1966 283 2043 ductum,
304 1970 374 2043 quin
396 1965 454 2025 boc
474 1969 537 2041 ipso
557 1968 596 2025 sit
612 1977 665 2025 eus
682 1957 890 2041 necessarium,
906 1982 957 2025 seu
980 1975 1085 2027 natura
1107 1984 1161 2027 sua
1181 1967 1230 2026 de·

149 2067 337 2124 termtnatum
358 2064 395 2123 ad
413 2066 610 2123 existentium.

208 2163 272 2223 lam
286 2180 357 2222 uero
376 2162 517 2222 mundum
536 2178 594 2222 nou
614 2178 679 2223 esse
694 2180 746 2223 ens
763 2164 957 2225 necessarium
975 2162 1027 2222 sed
1042 2164 1228 2240 contingens,

148 2259 287 2337 periaciie
306 2261 445 2320 iudicium
469 2267 523 2319 ast.
545 2261 660 2320 Etenim
680 2279 732 2320 ens
751 2264 964 2342 necessarium,
985 2266 1085 2336 utpote
1102 2260 1181 2336 quod
1202 2263 1231 2324 vi

148 2374 220 2417 suae
242 2364 364 2416 naturae
385 2365 498 2434 exstat,
518 2375 582 2416 non
603 2359 746 2418 existendi
771 2361 962 2434 capacitatem
984 2361 1104 2417 omnino
1125 2366 1230 2434 negat,

149 2460 241 2528 atque
259 2453 342 2511 aiiter
355 2470 386 2512 se
399 2454 506 2514 babere
521 2471 581 2513 uon
593 2462 699 2532 potest.
721 2456 878 2536 Repugnat
890 2458 971 2514 enim
995 2461 1028 2514 ut
1048 2471 1105 2514 non
1126 2457 1165 2514 sit
1182 2460 1233 2513 aui

148 2568 181 2610 se
200 2550 286 2609 aiiter
303 2549 418 2610 babeat.
438 2552 570 2612 &sentia
585 2553 664 2613 enim
682 2555 746 2613 eius
763 2553 891 2612 invoivit
907 2555 1106 2632 existentiam,
1122 2552 1232 2610 omnia·

148 2665 207 2725 que
225 2650 256 2707 in
276 2649 339 2724 ipso
359 2665 395 2708 ex
416 2651 522 2709 intime
541 2654 571 2709 vi
594 2658 715 2711 naturae
737 2653 924 2727 proveniunt.
952 2652 1082 2726 Itemque
1105 2650 1230 2726 simpiex

147 2748 269 2805 omnino
285 2753 330 2805 est
351 2753 380 2806 et
407 2747 538 2824 undique
559 2751 729 2809 mutationis
750 2764 874 2825 expers3
901 2755 964 2808 turn
988 2747 1102 2808 intinita
1125 2747 1231 2825 gaudet

147 2843 340 2920 perfectione,
362 2848 410 2904 cui
428 2845 541 2905 nuiium
562 2850 776 2907 incrementum
796 2845 846 2922 vei
862 2847 1078 2906 decrementum
1097 2845 1161 2906 fleri
1183 2863 1233 2922 po·

148 2948 217 3000 test.
238 2941 281 3001 At
299 2949 401 3002 contre
425 2959 510 3000 nemo
533 2948 648 3021 estqui
669 2962 727 3004 non
753 2944 869 3022 uideat,
893 2944 1036 3005 muudum
1060 2961 1117 3005 non
1146 2945 1233 3004 modo

148 3039 374 3115 perfectionibus
390 3041 437 3100 bis·
451 3041 580 3118 destitui,
598 3060 699 3103 verum
710 3047 804 3102 etiam
821 3059 920 3103 earum
939 3045 1060 3102 omniuo
1079 3045 1233 3102 contrariis

148 3139 302 3197 contineri.
334 3138 413 3214 Ergo
432 3139 511 3198 bunc
531 3138 697 3200 necessario
709 3143 881 3200 existentem
900 3143 1025 3217 opinari,
1044 3141 1174 3216 desipere
1191 3149 1234 3199 est

147 3311 284 3364 subiectam
301 3313 448 3377 induxit3a
467 3331 518 3380 quo
534 3319 578 3368 iiia
594 3331 643 3368 nou
657 3317 759 3381 quidem
777 3321 877 3380 creata,
897 3318 938 3368 sed
958 3319 984 3367 in
1000 3317 1112 3368 ordinem
1137 3321 1232 3368 tautum

147 3393 248 3443 redacta
267 3393 356 3455 tuerit,
375 3408 447 3456 aegre
466 3399 549 3448 tamen
564 3412 610 3448 nec
626 3401 747 3460 quantum
766 3399 858 3448 Ariitea
878 3400 994 3462 cuperet,
1016 3398 1048 3446 ob
1067 3400 1184 3449 materiae
1199 3399 1234 3446 in-

148 3473 222 3523 sitam
241 3475 406 3537 pervicaciam
426 3491 456 3526 ac
471 3477 571 3528 divinae
587 3479 710 3528 rotuniati
731 3479 891 3528 obsistentem
911 3478 1040 3528 maiitiam.
1059 3479 1108 3535 Qui
1129 3478 1236 3540 denique

148 3551 202 3602 aive
219 3555 346 3618 opinionis
365 3571 468 3621 errore,
489 3559 542 3608 sire
560 3572 587 3608 se
608 3559 747 3608 ostentandi
768 3557 845 3620 gratia
864 3559 1013 3608 atbeismum
1035 3558 1137 3620 professi
1158 3563 1235 3618 suut,
1341 3599 1342 3604 ,

149 3634 310 3708 materiamla
325 3651 352 3686 se
372 3640 509 3688 exstantem
528 3637 727 3688 introduxerunt.
737 3641 812 3696 Quos
826 3639 889 3688 iuter
905 3638 1134 3701 impudentissimus
1149 3641 1235 3687 auctor

148 3714 295 3775 systematis
312 3721 415 3768 natiuae
434 3717 556 3778 eamdem,
577 3731 654 3782 quarn
667 3719 728 3768 oiim
750 3718 873 3781 Epicurei,
896 3719 990 3768 recoxit
1005 3719 1140 3781 crambem,
1161 3721 1236 3780 sique

147 3793 185 3842 sic
198 3809 261 3858 opus
283 3811 357 3848 suum
375 3799 547 3860 elucubravit,
566 3803 595 3849 ut
612 3799 680 3850 uliud
700 3812 785 3850 revera
806 3813 855 3849 non
873 3799 974 3861 iecerit,
995 3801 1042 3850 nisi
1060 3799 1127 3863 qnod
1149 3802 1235 3862 prrtma

146 3873 257 3924 Lucretii
276 3878 387 3927 solutum
409 3881 518 3929 numeris
530 3880 682 3940 restitueret;
695 3880 723 3928 ut
734 3881 830 3943 egregie
851 3880 960 3929 ostendit
978 3881 1105 3929 Vaisecciri
1123 3881 1148 3929 in
1160 3893 1234 3927 arrreo

155 3966 241 4015 opere:
262 3959 299 4006 bc
318 3957 435 4022 iieitpioa
452 3963 599 4010 uinciirice.

217 4045 225 4086 i
246 4039 306 4086 ont.
325 4051 349 4087 c.
370 4049 391 4100 t,
403 4041 451 4088 art.
467 4047 490 4088 5.
