2892 4425
433 383 510 431 PARS
530 385 650 430 annm
671 401 683 416 ·
705 386 922 432 usvcaotouu
1157 383 1214 436 289

139 500 170 554 et
189 494 381 573 deprimitur,
395 495 538 572 siquidem
560 497 663 572 sopitis
683 504 712 558 et
731 500 816 573 quasi
837 496 957 573 pulvere
976 497 1103 573 quodam
1123 497 1215 561 obdu·
1343 477 1347 484 ³

140 597 196 653 otis
216 593 308 668 ideis,
328 610 364 652 ea
383 596 628 671 contemplatione
652 598 804 672 privatur,
826 611 914 672 quarn
941 601 1008 656 ante
1028 613 1078 672 per
1099 599 1214 660 innatas

141 692 221 754 ideas
240 695 361 754 sortitus
382 699 456 753 erat.
522 759 533 770 ⁵

290 1085 432 1138 notetur
447 1085 575 1153 systema
593 1085 802 1140 Coriertunum
820 1088 849 1140 el
868 1084 1058 1155 Wolfiartum.

203 1287 271 1338 iao.
295 1278 341 1338 Ad
354 1279 539 1341 Gartosianos
558 1281 637 1358 quod
652 1285 772 1358 attinet,
788 1285 917 1360 ipsomm
931 1285 1029 1360 opinio
1048 1282 1130 1344 nulla
1150 1300 1215 1360 pro·

141 1375 231 1436 babili
250 1380 366 1437 ratione
386 1378 517 1438 ioloitur.
539 1379 614 1440 Nam
634 1381 944 1456 quod·lutelleetuales
967 1381 1215 1459 ideae.nequaant

140 1490 159 1533 a
184 1473 317 1534 sensibus
340 1477 484 1552 originem
508 1477 632 1552 dooere,
653 1477 683 1538 id
709 1480 844 1538 musisml
870 1485 1066 1538 commentum
1090 1481 1213 1557 evertit,

140 1573 191 1632 sed
211 1572 291 1632 ideas
312 1577 502 1635 innatasesse
515 1577 635 1635 minime
655 1575 770 1651 probat.
792 1575 839 1634 lid
853 1575 918 1636 illas
932 1578 1009 1636 enim
1031 1577 1061 1635 ln
1082 1578 1215 1638 ssimum

139 1670 365 1731 introducendas
384 1671 493 1748 oppido
512 1672 623 1732 suiiielt
642 1673 729 1732 altior
752 1673 894 1748 quaedam
919 1672 1126 1750 intelligentiae
1149 1675 1214 1751 ris,

139 1783 216 1844 qnae
234 1769 449 1830 sensatiouilaus
468 1772 587 1847 positis,
602 1769 683 1830 ideas
703 1770 845 1844 procudat
865 1772 895 1830 in
917 1773 1027 1830 animo.
1049 1769 1133 1844 Quod
1153 1786 1213 1848 qua

140 1869 253 1926 ratione
271 1867 475 1942 explicandam
495 1869 551 1944 sit,
572 1867 677 1928 ultimo
697 1868 762 1928 loeo
782 1866 912 1943 dioatur,
927 1884 1020 1944 nsque
1039 1867 1089 1927 hie
1108 1869 1215 1943 imper·

139 1967 211 2022 tuna
231 1963 455 2024 antevertendus
474 1969 520 2024 est
539 1965 622 2024 ordo.
644 1965 679 2024 In
700 1965 885 2041 philosophia
906 1982 975 2026 vero
989 1970 1023 2025 nt
1041 1964 1112 2024 nihll
1134 1980 1215 2025 mau-

139 2075 207 2120 eum
234 2067 264 2118 et
288 2077 347 2120 non
372 2061 538 2138 suidelens,
561 2066 604 2122 sle
629 2063 702 2124 nihil
729 2079 976 2139 supervacaneum
997 2069 1027 2122 et
1048 2061 1214 2122 redundans

140 2155 352 2218 admittendum
372 2165 427 2219 est.
449 2159 548 2237 Atque
568 2161 640 2221 haee
660 2159 791 2221 idearum
812 2163 980 2221 innotarum
997 2158 1079 2221 nulla
1093 2160 1215 2219 nenessi-

139 2260 186 2315 tas
206 2254 279 2315 adeo
298 2259 355 2332 ipsi
375 2257 475 2319 illusit
493 2258 641 2333 Carteslo,
663 2266 696 2319 ut
715 2258 918 2319 adiicientibus
938 2263 1036 2334 aperto
1057 2257 1214 2333 responde·

140 2354 201 2427 rit,
220 2368 253 2411 se
272 2370 372 2415 aarum
393 2356 524 2415 idearum
545 2359 664 2417 nomine
686 2373 745 2415 nou
771 2356 851 2415 aliud
875 2355 1070 2431 intellexisse,
1090 2356 1147 2414 nisi
1170 2353 1214 2415 la·

140 2450 278 2510 cultatem
302 2468 379 2528 quae
402 2453 484 2513 ideas
507 2454 644 2528 eliceret,
670 2469 729 2513 uon
755 2468 824 2511 vero
848 2452 927 2527 ipsas
951 2451 1032 2511 ideas
1055 2450 1216 2511 formaliter

139 2555 284 2623 aoeeptas.
299 2550 347 2609 Sie
360 2552 438 2609 enlm
459 2553 568 2627 inquit:
586 2576 599 2601 a
613 2551 687 2612 Cum
704 2552 747 2611 ait
768 2556 893 2609 mentem
914 2566 972 2609 non
994 2548 1124 2625 indigere
1143 2547 1216 2609 ldals

143 2670 156 2695 ·
181 2646 227 2705 vel
249 2648 416 2709 notionibus
438 2648 483 2707 vel
504 2650 701 2711 axiomatibus
721 2650 847 2723 lunatis,
863 2653 892 2707 et
912 2648 1027 2705 interim
1047 2648 1074 2705 el
1095 2644 1216 2705 laeulta·

143 2770 156 2792 «
182 2750 241 2804 tem
259 2746 407 2822 oogitandi
420 2748 552 2808 coneedit
573 2747 662 2823 (nuta
674 2748 839 2807 naturalem
857 2748 919 2805 sive
936 2743 1104 2820 innatam),
1126 2759 1158 2803 re
1171 2740 1215 2803 ai·

145 2866 157 2891 ι
181 2841 281 2901 firmat
294 2844 380 2918 plane
399 2844 475 2903 idem
496 2845 574 2921 quod
595 2861 668 2922 ego,
682 2845 733 2904 sed
751 2844 841 2903 verbo
858 2848 956 2919 negat.
975 2841 1043 2901 Non
1064 2843 1143 2902 enim
1162 2856 1215 2903 un·

144 2963 157 2987 «
181 2954 270 3015 quam
291 2942 396 3015 scripsi
409 2942 456 3000 vei
470 2943 598 3002 indicavi
619 2949 745 3002 mentem
761 2942 891 3015 ludigero
909 2940 981 3000 ideis
1001 2942 1126 3016 innatis,
1141 2954 1216 3016 quae
1236 2998 1248 3023 ‚

143 3061 157 3083 «
180 3038 240 3094 sint
259 3036 372 3113 aliquid
390 3037 540 3099 diversum
562 3056 579 3099 a
600 3039 739 3099 iaeultata
762 3037 922 3117 cogitandi.
946 3036 1002 3097 Sed
1022 3054 1089 3097 eum
1112 3037 1216 3098 adver·

144 3156 157 3181 ι
181 3139 272 3191 terem
295 3134 440 3209 quasdam
463 3138 493 3193 in
517 3153 648 3196 maesse
671 3139 880 3213 cogitationes,
902 3150 976 3211 qnae
998 3152 1057 3193 non
1080 3150 1117 3193 ex
1139 3133 1217 3194 oble·

84 3274 87 3279 .
145 3255 158 3281 ι
182 3232 237 3289 otis
257 3235 385 3291 externis
408 3248 461 3291 neo
486 3248 504 3291 a
530 3234 689 3293 voluntatis
712 3250 793 3293 meae
818 3233 1058 3296 determinatione
1080 3231 1216 3308 procede·

144 3352 157 3376 a
181 3324 269 3404 bant,
288 3328 338 3387 sod
359 3344 377 3387 a
397 3330 460 3389 sola
480 3332 629 3407 oogitandl
649 3330 804 3407 facultate,
820 3346 895 3407 qnae
915 3331 945 3390 in
966 3346 1013 3387 me
1033 3334 1093 3403 est3
1111 3334 1144 3387 ιιι
1164 3327 1218 3387 has

143 3450 156 3475 ι
179 3423 261 3484 ideas
284 3428 347 3485 sive
368 3429 521 3503 notiones,
541 3443 618 3504 quae
639 3433 710 3487 sunt
736 3435 899 3488 ceterarum
924 3428 1134 3503 cogitationum
1157 3424 1216 3485 ior·

143 3548 156 3571 a
180 3537 247 3581 mae
263 3522 302 3582 ab
314 3524 380 3585 aliis
400 3523 569 3585 adventitiis
589 3532 620 3585 et
640 3525 761 3585 iaetitiis
775 3526 1002 3601 distinguerem,
1016 3522 1084 3583 illas
1101 3524 1218 3583 innatas

143 3645 156 3669 ι
180 3624 287 3681 vocavi
302 3626 358 3682 eto.
381 3626 403 3681 ¹.
421 3648 434 3674 ι
452 3622 486 3682 ld
506 3624 653 3699 quomodo
666 3638 734 3683 oum
755 3626 791 3683 iis
812 3639 897 3700 quae,
913 3622 1016 3681 saltem
1035 3621 1071 3680 da
1085 3618 1138 3679 liei
1152 3620 1218 3679 idea

138 3733 277 3793 expresse
295 3719 453 3795 doeuerat,
475 3722 677 3795 oonsendant,
699 3719 819 3780 dililolle
843 3726 929 3796 captu
952 3725 1006 3779 est.
1031 3717 1087 3779 Sed
1110 3717 1167 3785 hoe
1186 3718 1218 3773 in

138 3832 229 3875 more-
242 3818 452 3893 propemodum
473 3820 604 3879 Cartealo
624 3818 698 3894 init,
719 3825 754 3878 ut
773 3834 839 3878 oum
860 3835 913 3895 aa,
933 3834 1009 3896 quae
1029 3816 1151 3876 tidenter
1171 3829 1217 3873 as·

200 3956 209 3998 ι
231 3950 265 3997 in
286 3952 409 4013 limpom.
427 3948 464 3999 (ιιι
481 3952 534 3999 ori.
554 3958 592 4000 it.
606 3952 814 4014 programmatis
832 3950 939 4014 lielqtei.
958 3948 1016 3998 t'id.
1033 3946 1107 3997 etiarn
1123 3946 1219 4005 uonna

142 4025 175 4077 ale
190 4026 289 4090 altilor.
306 4041 369 4091 par.
387 4030 420 4079 ii.
439 4031 635 4081 lasosrcorsas.
652 4030 697 4093 lea.
714 4044 787 4081 neus.
