2892 4425
548 405 605 448 ssu
626 404 803 450 θΜθίιῦὓΙΔ
1148 407 1204 457 227

198 514 288 590 Resp.
312 513 394 590 Nego
410 489 541 590 primm
561 515 631 575 Ant.
654 516 700 575 Ad
720 514 924 594 probationem
942 497 1093 598 ductoque
1114 525 1206 585 miuo-

135 630 219 672 rem:
235 613 308 672 haec
330 618 428 672 autem
447 615 599 687 eristeutia
617 615 744 689 postulat
759 619 1006 677 conservationem
1021 618 1151 680 habitam
1170 621 1208 681 ais

135 714 200 787 ipso
218 717 286 770 ente
304 711 380 787 quod
395 718 593 786 conservatur,
609 729 696 790 seqq·
716 713 846 773 habimm
868 731 886 774 a
905 715 967 775 Deo
986 719 1028 777 sic
1047 718 1136 778 iibere
1159 735 1207 780 uo

135 809 227 885 knte,
243 807 377 868 conceda
404 809 510 868 Fateor
530 811 661 886 equidem
687 814 805 894 spiritus
829 829 886 872 ncn
912 831 996 890 posse
1015 821 1127 893 operari
1156 837 1207 879 nac

135 907 259 983 proinde
278 923 401 983 corpora
420 925 548 985 morem,
567 911 624 968 uisi
643 911 676 968 in
693 911 845 970 existendo
864 921 1081 973 conserventur.
1097 915 1206 975 Verum

98 1023 106 1034 .
137 1008 209 1065 haec
228 1009 409 1065 conservatio
424 1023 483 1065 non
504 1007 541 1065 nb
559 1007 632 1084 iiiia,
646 1007 727 1067 seda
745 1008 806 1068 Deo
824 1009 965 1086 procedit,
985 1017 1014 1070 et
1034 1013 1150 1088 quidem
1173 1014 1206 1071 ii·

135 1103 215 1163 isere.
242 1103 319 1163 Dens
337 1107 415 1163 euim
436 1104 491 1163 hcc
512 1106 575 1180 ipso
591 1107 670 1183 quod
692 1107 781 1166 iibere
805 1123 850 1168 res
868 1111 988 1185 creavit,
1010 1109 1101 1169 iibere
1120 1113 1206 1170 mam

134 1209 301 1263 conservat.
330 1201 493 1262 Necessitas
520 1205 598 1263 enim
625 1203 832 1282 hypothetica,
856 1223 906 1267 seu
929 1223 1003 1283 quse
1023 1210 1208 1285 consequitur

135 1309 236 1361 actum
257 1301 391 1377 liberum,
407 1303 532 1362 libertati
552 1319 612 1362 nun
637 1303 819 1365 adumsatur.

195 1398 290 1458 Obiic.
308 1399 361 1458 ill.
377 1400 504 1476 Corpora
517 1407 587 1462 suut
604 1404 719 1462 inertia.
733 1403 810 1480 Ergo
824 1403 926 1463 saitem
942 1404 1014 1463 haec
1030 1421 1086 1464 non
1101 1413 1204 1483 egunt.

197 1497 286 1572 Resp.
312 1497 389 1556 Diri.
408 1498 478 1557 Aret.
498 1497 573 1558 Sunt
592 1501 706 1577 inertia,
727 1501 800 1561 idest
817 1519 867 1578 per
892 1519 923 1562 se
947 1503 1144 1565 indifferentia
1169 1487 1207 1564 ad
1254 1503 1259 1514 '

135 1603 248 1656 motum
262 1595 463 1672 veiqnietem,
481 1595 636 1657 etidcirco
656 1606 764 1659 statum
786 1615 844 1658 uon
862 1608 976 1661 mumut
1000 1604 1054 1662 uisi
1081 1604 1206 1680 impulsu

134 1695 287 1752 exterioris
307 1709 412 1753 musae
425 1737 435 1770 ,
449 1711 529 1756 conc.
539 1713 552 1769 ,·
573 1695 648 1755 idest
667 1703 737 1757 sunt
756 1700 853 1774 inepta
874 1699 911 1758 ad
934 1705 1044 1760 motum
1063 1716 1206 1779 exequen-

134 1791 228 1868 dam,
256 1797 374 1868 accepta
395 1794 425 1851 vi
443 1799 473 1852 et
494 1793 733 1854 determinatione
754 1811 773 1854 a
796 1799 938 1873 principio
959 1799 1056 1875 aliquo
1075 1806 1206 1878 externo,

134 1890 183 1949 vei
204 1897 275 1950 sunt
302 1892 451 1966 incapacia
477 1891 631 1951 cniusiibct
656 1895 800 1973 acticms,
828 1911 913 1971 nepo.
944 1895 1073 1956 Obiectiu
1098 1904 1205 1958 statum
1235 1955 1239 1968 ,

133 1991 315 2067 quaestionis
339 1989 463 2049 clabitur
488 1996 519 2049 ct
542 1991 731 2068 ambiguitate
754 1985 828 2052 ludit
855 1993 933 2053 iilius
959 1997 1039 2054 vocis
1063 1997 1206 2070 inertius,

134 2103 212 2166 quse
228 2087 346 2163 quidem
361 2091 392 2147 in
408 2093 522 2148 tantam
540 2091 708 2167 corporibus
727 2093 863 2151 inanimis
878 2090 1057 2168 attribuitur,
1072 2094 1101 2152 in
1114 2109 1206 2168 quau·

133 2193 199 2248 tum
220 2189 440 2265 incapacitatem
465 2190 603 2265 importat
623 2206 655 2249 se
679 2189 890 2251 determinandi
910 2191 1005 2268 quoad
1032 2197 1141 2251 mutum
1162 2191 1205 2251 ic·

137 2287 233 2345 cotem
250 2286 447 2347 inchoandum
471 2287 516 2373 vei
535 2286 706 2348 finiendum.
719 2288 814 2363 =Quod
835 2292 860 2349 si
880 2292 922 2349 ita
943 2290 1093 2364 accipitur,
1115 2294 1148 2349 ut
1168 2292 1205 2348 si-

135 2383 257 2461 gnificat
272 2384 432 2445 abseudam
453 2389 661 2463 cuiuscumque
681 2388 820 2463 actionisq
840 2402 933 2462 neque
951 2385 1118 2461 corporibus
1148 2388 1207 2445 uita

135 2482 303 2542 carentibus
326 2490 478 2559 competet.
499 2484 580 2544 ilaec
600 2488 677 2543 enim
698 2499 800 2542 revera
812 2474 917 2560 egunt,
936 2486 998 2543 sive
1018 2498 1069 2557 per
1093 2486 1168 2543 vires
1189 2502 1207 2544 s

135 2582 279 2656 principio
303 2581 429 2657 quodam
454 2583 598 2641 essentiali
625 2588 825 2658 emergentes,
853 2584 914 2641 sive
936 2596 985 2656 per
1008 2584 1084 2640 vires
1107 2596 1206 2639 eorum

136 2686 259 2740 naturae
269 2679 479 2757 superadditas.
492 2682 621 2756 Quorum
633 2688 769 2742 neumam
782 2683 829 2740 hic
840 2680 1005 2757 definimus,
1017 2696 1082 2740 cum
1097 2684 1205 2739 utrum·

136 2794 192 2855 qne
210 2778 248 2839 ad
269 2780 504 2839 occasionalistas
528 2778 696 2839 tamtandos
715 2778 854 2840 sufficiat.

504 2976 757 3034 Anarcnnns
786 2976 839 3035 111.

532 3174 813 3253 ceramussense.

197 3374 248 3427 ut.
266 3367 351 3440 Quod
374 3374 457 3426 vetus
477 3368 593 3444 Epicuri
618 3374 649 3426 et
669 3368 826 3427 Democriti
853 3368 1050 3445 aliorumque,
1073 3370 1124 3443 qui
1141 3368 1209 3428 inde

137 3466 259 3540 proiecti
278 3447 366 3543 aaut,
390 3468 489 3542 opinio
504 3466 588 3543 tuilt,
607 3482 710 3526 causas
732 3465 834 3525 iinales
852 3472 950 3543 utpote
969 3466 1143 3525 luxuriantis
1163 3468 1206 3524 in·

136 3565 214 3640 genii
235 3563 393 3641 figmento,
420 3569 581 3623 nocturne
603 3564 832 3624 consideratione
855 3562 1048 3623 eliminandas
1075 3580 1152 3640 esse3
1178 3564 1207 3622 id

138 3664 311 3722 recentiores
337 3662 472 3723 nonnulii
505 3663 668 3722 instaurare
698 3662 867 3739 votuerunt,
892 3678 999 3739 magno
1023 3665 1207 3723 scientiarum

136 3760 322 3821 detrimento.
340 3761 376 3820 la
396 3763 499 3837 primis
516 3761 650 3821 Baccnm
676 3778 694 3821 a
713 3760 881 3822 Verulamio
900 3763 955 3821 atsi
977 3776 1026 3820 eus
1045 3776 1128 3819 veras
1146 3776 1209 3820 csse

137 3863 167 3917 et
192 3860 223 3918 in
242 3859 451 3937 metaphysicis
464 3862 651 3937 inquisitione
665 3858 770 3938 dignas
787 3862 949 3938 putaverit3
964 3860 993 3917 in
1016 3857 1147 3935 physicis
1167 3865 1208 3916 ta·

140 3972 205 4014 meu
227 3959 347 4017 omnino
365 3958 476 4019 steriles
493 3961 584 4017 immo
601 3960 777 4035 perniciosas
791 3960 926 4035 vocavit,
947 3970 1037 4031 eoque
1050 3954 1209 4015 inconside-
