2892 4425
189 329 194 341 '
229 321 288 374 278
557 327 798 375 ΙΠΔΡΙΠΙΙΕΛΙ
818 329 979 375 mmm

289 437 468 514 Quiddiiatio
480 441 600 499 minine
609 442 771 516 generatim
785 447 919 518 summae
926 457 988 504 neu
1000 441 1175 522 infligitur
1182 435 1318 508 ubila

230 537 412 599 rubemutiae
430 535 556 598 alienior
574 540 608 597 in
621 542 741 616 propria
760 543 856 616 speeie
876 541 1107 620 determinatam
1126 543 1180 604 aed
1202 547 1317 606 intedi-

230 637 309 713 gitur
325 635 398 711 quui
412 651 546 712 quaeum
562 652 610 696 ree
628 641 679 714 ait,
697 653 751 698 eeu
767 641 843 698 ratio
856 641 1030 700 inuinaccua
1049 644 1239 702 comunem
1259 659 1317 704 ea-

231 731 349 792 inallbct
364 735 406 793 rei
420 737 543 810 quaein
560 733 674 795 obiecto
690 738 859 812 percipitur.
875 735 961 797 Unde
979 743 1010 796 et
1023 740 1056 796 ln
1069 739 1211 814 malinae
1228 745 1261 800 et
1280 741 1316 800 ia

232 833 394 906 quantitate
409 839 439 891 et
455 834 486 891 in
498 835 614 892 actione
626 839 656 893 et
671 836 702 892 in
722 836 795 910 lpaia
808 834 1022 910 privationibus
1033 836 1213 896 eonaidmrl
1228 830 1317 913 qnid-

231 927 310 990 ditaa
324 935 431 1006 poteri,
446 947 500 992 eeu
515 933 591 991 ratio
606 934 638 990 in
650 932 791 1008 quodiam
804 935 978 992 condatunt.
992 934 1065 992 Qun
1079 935 1169 1012 igitur
1185 935 1316 996 dicimur

231 1035 360 1090 mentun
379 1031 490 1090 virtute
507 1045 562 1090 aua
581 1029 750 1090 abstrahere
766 1031 943 1108 qnlddltaoeo
962 1046 981 1090 a
999 1031 1086 1092 rebus
1106 1032 1313 1110 emaibllibn,

231 1145 292 1188 non
316 1128 532 1205 intelligimur,
556 1128 637 1204 qnod
660 1127 796 1188 efformet
815 1129 911 1188 mmm
931 1145 1008 1205 qnae
1026 1135 1223 1206 rqiero-ut
1244 1133 1316 1190 lati·

231 1241 313 1286 mam
330 1229 487 1287 mendam
507 1226 689 1286 aommntiae
700 1226 855 1303 apeoiiioae
873 1227 1052 1286 earumdem.
1067 1228 1162 1286 inimo
1178 1227 1218 1286 ad
1234 1227 1317 1289 banc

232 1327 431 1402 cognitionem
450 1339 534 1384 mena
553 1341 613 1384 non
633 1325 771 1401 domii,
795 1325 853 1384 niai
876 1325 964 1402 longo
981 1339 1119 1400 prooeaeu
1141 1331 1172 1384 et
1193 1327 1315 1386 ratioci-

233 1426 363 1484 nationla
382 1424 570 1484 adminiculo.
587 1424 738 1483 &mutim
756 1425 835 1483 euim
855 1423 1086 1484 commodarum
1105 1423 1192 1484 nobie
1210 1425 1314 1484 imme·

233 1521 313 1581 dieta
328 1537 388 1582 non
404 1527 516 1596 patent.
531 1520 589 1579 Sed
608 1519 797 1596 intelligimur
810 1521 889 1596 quod
902 1523 1049 1597 concipiat
1069 1523 1197 1580 rationee
1208 1537 1314 1582 eornrn

233 1633 310 1695 quac
327 1617 495 1679 immediate
513 1625 544 1677 et
562 1634 615 1694 per
633 1634 666 1677 ee
691 1621 800 1694 percipi
819 1624 944 1694 poeount
964 1621 996 1678 in
1015 1618 1136 1678 obiectio
1155 1635 1244 1679 aenou
1265 1635 1313 1680 re·

143 1794 147 1800 Ι
233 1718 434 1792 praeeuntia.
451 1716 538 1776 'iales
549 1721 620 1776 eunt
635 1731 684 1776 ex.
699 1731 745 1792 gr.
762 1719 837 1776 ratio
855 1719 943 1793 entia,
960 1717 1036 1776 ratio
1053 1701 1216 1792 eumenia,
1236 1720 1315 1778 ratio

234 1813 377 1888 uuiutie,
399 1815 473 1872 ratio
493 1813 692 1889 substantiae,
718 1815 795 1872 ratio
815 1813 958 1890 aflectus,
981 1816 1057 1874 ratio
1076 1831 1202 1889 caueae,
1223 1821 1315 1892 atque

235 1912 294 1972 alla
312 1911 467 1971 eiusmodi.
487 1911 532 1970 Ex
553 1911 600 1970 hie
620 1927 691 1971 vero
710 1911 879 1972 notionibus
899 1911 1058 1972 nonnullae
1078 1918 1148 1972 eunt
1166 1919 1316 1974 nonacen-

235 2009 379 2086 dentalee,
398 2025 451 2070 eeu
470 2009 625 2085 eiusmodi,
645 2015 679 2069 nt
698 2025 758 2068 non
779 2008 817 2067 ad
837 2009 900 2070 eela
919 2007 1068 2068 sensibilia
1088 2008 1139 2068 sed
1159 2009 1197 2068 ad
1217 2013 1314 2070 inaen-

236 2109 333 2170 elbllia
351 2110 440 2170 wem
459 2109 659 2186 porrigantur.
681 2105 766 2166 Unde
786 2122 837 2183 per
857 2123 889 2168 ee
908 2113 1054 2182 epectatm
1071 2113 1101 2166 et
1118 2109 1149 2166 in
1168 2107 1316 2169 obieeiira

236 2209 350 2269 ratione
368 2224 459 2284 qnam
480 2205 652 2283 includunt,
672 2206 824 2281 utriunque
843 2203 955 2267 ordinis
972 2211 1130 2281 conceptue
1149 2205 1314 2266 indata-mi·

236 2312 305 2367 nate
324 2306 526 2382 suppeditant3
547 2308 598 2381 qui
615 2304 750 2380 deinceps
766 2306 796 2362 vl
813 2302 980 2381 synthetica
996 2306 1104 2363 mentia
1120 2311 1151 2365 et
1168 2320 1315 2365 novarum

236 2404 469 2465 differentiorem
486 2420 616 2479 accessu,
631 2402 669 2461 ad
689 2402 766 2462 bauo
783 2402 830 2461 vel
849 2402 930 2462 iilam
947 2418 1008 2463 rem
1024 2402 1243 2477 exprimendam
1261 2404 1313 2463 de·

236 2504 443 2563 terminantur.
467 2502 515 2563 Sic
535 2502 602 2561 idea
622 2502 699 2561 entia
719 2503 751 2559 in
773 2502 891 2577 proprie
912 2498 1109 2561 mentedone
1130 2499 1314 2561 considerata

236 2616 335 2678 neque
352 2618 405 2662 ene
427 2616 598 2677 corporeum
616 2606 668 2659 aut
685 2601 912 2675 incorporeum,
935 2613 1030 2673 neque
1052 2612 1104 2657 cns
1127 2597 1243 2658 linitum
1262 2604 1314 2659 ant

237 2699 385 2760 inlinitum
403 2715 456 2775 per
473 2715 506 2759 ae
520 2698 607 2773 dicit3
622 2696 674 2755 aed
692 2703 850 2771 utrumque
864 2695 1088 2755 indeterminate
1105 2702 1311 2771 repraesentat.

237 2796 285 2856 Ad
305 2798 482 2857 alterutrum
507 2802 608 2873 poatea
631 2794 824 2855 indicendum
849 2794 1053 2871 reetrlugltur,
1077 2800 1166 2869 prout
1184 2794 1212 2852 ci
1238 2796 1313 2853 ratio

236 2896 392 2969 compoaiti
414 2902 467 2955 ant
486 2895 646 2971 simplicis,
668 2892 744 2952 ratio
761 2893 889 2953 limitum
908 2897 962 2953 aut
980 2891 1150 2955 eorumdem
1169 2894 1314 2953 carentiae

238 2990 421 3070 adiungitur.

298 3090 384 3151 Dieea
403 3091 443 3150 li.
466 3089 545 3149 liaec
558 3091 605 3147 vis
622 3086 802 3149 abstractiva
821 3086 1016 3165 quidditatum
1037 3089 1167 3147 exerceri
1187 3101 1246 3146 non
1266 3102 1314 3163 po

237 3196 296 3251 teat
313 3192 391 3249 circa
408 3186 562 3247 individua
576 3202 663 3247 aenan
678 3193 825 3263 percepta.
840 3186 917 3247 Nam
932 3188 965 3245 ln
978 3186 1137 3245 individuis
1153 3184 1213 3245 illie
1228 3186 1312 3261 qnid·

237 3286 317 3347 ditae
334 3284 532 3346 identificatur
550 3303 617 3347 oum
633 3284 875 3345 individuutioue.
896 3284 963 3345 Non
978 3286 1057 3345 euim
1074 3287 1105 3343 ln
1120 3300 1200 3359 roro,
1216 3300 1313 3345 exem·

238 3385 400 3462 migratio,
415 3384 496 3444 eliud
513 3390 560 3445 eet
573 3402 641 3445 roro
654 3392 685 3444 et
697 3384 777 3444 aliud
794 3382 866 3443 leoco
880 3400 965 3458 roro;
982 3382 1034 3443 sed
1047 3388 1205 3457 utrumqne
1222 3396 1313 3443 unum

238 3482 372 3559 idemque
389 3488 444 3543 est.

299 3580 388 3657 Reep.
405 3580 487 3658 llego
497 3588 690 3657 aasumptum.
701 3580 748 3641 Ad
763 3580 879 3657 probet.
894 3577 965 3640 dist.
980 3578 1176 3639 identificatur
1194 3577 1314 3654 physice

237 3678 409 3755 circuitor,
427 3694 532 3752 ooao.,·
547 3678 711 3739 virtualiter
731 3686 761 3738 et
778 3678 876 3755 quoad
893 3680 1041 3755 propriam
1059 3679 1212 3753 uniceque
1227 3677 1314 3735 ratio·

239 3791 318 3853 nem,
337 3792 421 3854 nepo.
441 3776 475 3835 ln
496 3792 527 3836 re
545 3791 596 3836 eeu
616 3777 713 3853 quoad
732 3776 884 3855 physicum
900 3776 1118 3837 subsistentiam
1137 3790 1196 3835 non
1215 3773 1314 3833 diflert

239 3873 386 3948 quiddime
399 3872 437 3932 ab
454 3873 704 3949 individuatione;
719 3873 771 3934 sed
784 3872 885 3933 diflert
899 3876 1007 3935 virtute
1020 3881 1050 3935 et
1062 3874 1207 3951 quatenns¹
1222 3887 1268 3931 ree
1282 3873 1312 3931 in

240 3969 370 4045 cingulas
382 3972 538 4032 resolvitur
548 3970 725 4046 quidditates
739 3986 790 4031 eeu
805 3972 932 4031 rulionee
943 3986 1018 4049 quae
1030 3973 1060 4031 ln
1074 3970 1127 4031 illu
1136 3970 1192 4033 eui>
1203 3970 1314 4031 lumine
