2892 4425
551 344 628 388 raas
650 344 752 387 rauna
1151 336 1190 389 tt

109 460 177 535 Qua
193 461 224 517 ln
247 472 280 517 re
299 454 516 517 observandum
534 458 579 515 eat
601 450 710 528 deam,
734 466 794 529 qno
813 457 859 512 cst
875 450 1053 530 generalior,
1070 467 1192 515 cacan

111 556 316 633 simpliciorem
329 554 465 629 acusque
477 549 665 627 paucioribus
678 549 900 611 coalescentem.
913 550 1010 627 Amas
1019 547 1086 611 iden
1095 565 1191 627 pnn-

110 660 172 715 tnm
186 655 249 713 elus
262 653 396 711 encauto
409 666 461 709 scu
476 645 637 723 amplitudo
650 653 788 722 augetur,
812 653 928 707 mutum
941 648 1102 709 remittitur
1114 664 1190 709 oom-

109 750 263 828 prclscnas'o
280 765 332 809 seu
352 748 521 823 complexus
543 748 701 817 mineum,
725 744 833 820 quibus
848 743 995 805 obiectum
1012 743 1190 806 determina·

111 854 170 908 tur.
192 850 239 907 Sic
260 847 326 906 idea
340 844 468 904 bominis
482 845 579 902 ideam
591 840 735 901 animulis
751 841 1012 917 comprehensione
1029 842 1190 919 antecedic
1214 896 1222 909 ,

110 946 216 1020 quippe
231 959 291 1003 nnn
308 941 396 1001 modo
414 944 506 1001 vitam
523 946 553 999 et
573 954 704 1014 mosum,
723 938 775 999 scd
792 942 882 999 etiam
900 943 1043 1001 rationem
1059 940 1190 1001 exbibet.

96 1036 152 1103 'st
166 1042 231 1101 idea
249 1038 391 1099 animulis
405 1039 486 1097 ideae
500 1036 626 1097 bominis
644 1037 743 1114 quoad
763 1039 962 1097 extensionem
978 1044 1129 1114 praestrt3
1151 1039 1193 1099 sl·

111 1138 229 1213 quidem
250 1135 383 1212 pluribus
401 1134 522 1195 attribui
542 1139 650 1211 potest,
667 1136 810 1193 nimirum
824 1150 885 1193 non
904 1134 992 1193 modo
1010 1134 1137 1210 singulis
1149 1136 1193 1195 ln·

112 1234 241 1294 dividuis
261 1242 383 1295 naturae
404 1232 572 1308 hnmanae,
596 1232 646 1293 sed
669 1234 759 1291 stiam
782 1234 889 1293 ceteris
908 1232 1104 1292 animantium
1126 1246 1193 1307 spa·

113 1333 224 1393 ciebas.

173 1430 284 1505 Tertio,
306 1432 335 1488 ln
355 1432 521 1489 carmeiam
542 1432 571 1489 cl
590 1427 786 1488 abaductam.
809 1427 879 1488 ldea
895 1426 1051 1487 ubrlrocic
1070 1424 1191 1502 dicitnr,

114 1542 190 1604 qnae
212 1527 347 1602 aliquid,
369 1526 447 1603 quod
469 1530 596 1604 cuipiam
619 1525 750 1587 subiecto
765 1528 860 1601 inest,
887 1524 998 1602 absum
1016 1540 1075 1601 co,
1098 1526 1194 1585 menti

113 1626 229 1701 obiicit,
248 1632 283 1685 ut
302 1641 351 1685 ex.
373 1642 418 1700 gr.
440 1626 519 1683 notio
539 1622 697 1683 albedinis.
721 1624 865 1684 Concreto
888 1640 959 1683 vero
977 1639 1014 1683 ea
1031 1628 1097 1700 cst,
1114 1638 1193 1700 quaa

114 1723 226 1799 aliquid
246 1728 333 1799 prout
350 1721 480 1781 subiecto
502 1724 589 1796 inest,
611 1738 661 1781 seu
683 1720 847 1781 subiectum
868 1722 967 1797 ipsum
987 1726 1075 1797 prout
1094 1720 1194 1797 aliqua

113 1818 356 1881 determinatione
375 1818 514 1893 allicitur,
534 1825 741 1893 repraesentat.
766 1818 815 1879 Sic
836 1835 869 1878 se
891 1818 980 1877 babet
996 1817 1063 1878 idea
1080 1816 1157 1878 atat.

173 1917 296 1993 Quarta),
316 1920 346 1975 in
367 1914 553 1976 collectivam
574 1920 605 1975 ei
623 1913 859 1976 distributivum.
878 1914 934 1975 Illa
950 1920 1016 1992 est,
1033 1930 1111 1992 quae
1126 1916 1193 1993 plia·

115 2014 196 2075 rlbns
216 2016 302 2074 simul
318 2016 443 2090 acceptis
456 2013 607 2087 tribuitur,
624 2020 659 2074 ut
675 2013 740 2073 idea
755 2016 916 2087 exercitam
935 2014 1008 2073 baec
1027 2028 1096 2073 vero
1117 2030 1196 2090 qnae

116 2130 169 2189 pro
188 2112 322 2190 pluribus
340 2128 470 2171 scorsum
490 2114 615 2186 rumpite
635 2118 804 2186 usurpatur,
827 2116 863 2170 ut
880 2110 946 2170 idea
967 2108 1074 2171 militis
1090 2111 1125 2171 s'a
1143 2127 1194 2188 pc·

116 2227 206 2286 aere,·
227 2227 302 2287 quae
314 2217 354 2270 ut.
367 2209 514 2270 tribuatur
535 2208 705 2285 individuis,
720 2206 981 2285 quibuseuarcitus
993 2215 1120 2286 constat,
1139 2210 1195 2270 ml·

115 2311 197 2367 nime
214 2308 342 2382 postulat
361 2315 395 2368 ut
412 2305 558 2366 collectim
575 2313 740 2366 sumantur.

175 2407 298 2480 Quinto,
318 2406 350 2462 ln
372 2403 515 2462 directam
534 2407 563 2461 ei
581 2401 735 2478 reflexum.
755 2400 841 2460 Prior
857 2407 914 2475 ast,
933 2416 995 2476 qua
1010 2399 1156 2460 obtectum
1175 2417 1196 2464 c

116 2509 218 2564 nostra
236 2501 422 2576 perceptione
441 2500 632 2574 distinctam3
651 2498 744 2556 altera
763 2513 845 2572 vero,
864 2513 922 2572 qua
941 2499 1006 2572 lpsu
1018 2502 1121 2556 anaba
1129 2512 1196 2572 per·

117 2601 212 2675 ceptio
232 2603 285 2658 aut
307 2597 399 2656 animi
419 2595 524 2654 modus
547 2601 599 2654 eut
623 2594 785 2653 subiectum
806 2595 904 2669 ipsam
921 2595 1055 2670 cogitans
1076 2595 1198 2671 ambagi-

115 2705 174 2757 tnr.
190 2695 238 2756 Sic
251 2697 412 2770 notionem,
432 2709 491 2769 qua
508 2707 571 2752 rem
584 2689 753 2769 quamlibet
770 2690 827 2752 libi
843 2692 1041 2752 ectrimccum
1055 2694 1195 2769 percipis,

115 2793 255 2854 dlrectum
277 2792 375 2869 diocs3
402 2789 542 2851 rctlexam
565 2807 657 2868 vero,
681 2805 741 2867 qna
764 2794 847 2850 mom
869 2791 966 2868 iprum
987 2792 1198 2869 oopiiniim

117 2890 324 2967 apprehendis.

176 2987 276 3063 Sexto,
290 2989 321 3046 ln
336 2985 445 3046 realem
459 2990 489 3045 el
505 2985 642 3063 topicam.
666 2985 720 3046 llla
736 2986 883 3046 obiectum
899 2992 985 3046 extra
996 2991 1126 3046 mentem
1141 2986 1195 3046 ali·

116 3101 176 3161 qua
194 3087 307 3145 ratione
325 3086 454 3143 existens
471 3084 517 3142 sel
537 3085 681 3144 existendi
700 3100 814 3160 capax3
836 3085 894 3144 hnc
912 3083 1061 3144 obtectam
1081 3099 1198 3161 reprae-

118 3188 260 3258 seutptur,
285 3173 332 3239 cni
356 3197 439 3240 mens
458 3181 634 3256 dumtaxat,
658 3183 758 3257 aliquo
777 3188 875 3241 tumen
898 3181 1088 3242 fundamento
1105 3182 1198 3258 nixa,

117 3281 301 3338 existentiam
319 3277 430 3338 tribuit.
455 3277 503 3338 Sic
521 3277 587 3338 idea
604 3277 731 3338 bominis
751 3279 837 3338 realia
852 3285 910 3355 est,
927 3278 994 3338 idea
1011 3280 1129 3356 peremis
1149 3279 1197 3339 ael

117 3378 225 3453 speciei
243 3376 348 3452 logica.
392 3429 396 3436 .

179 3471 233 3530 llis
254 3472 327 3530 adde
344 3473 436 3548 ideas,
457 3487 533 3549 quas
549 3473 710 3530 usrocs'olas
730 3472 896 3548 appellunt,
915 3487 969 3533 acu
989 3487 1066 3549 quac
1086 3473 1200 3534 rancus

118 3585 213 3630 nexus
235 3568 369 3646 alicuius,
390 3585 448 3646 quo
465 3569 651 3647 colligantur,
671 3587 703 3628 se
724 3571 853 3630 vicissim
871 3575 1022 3630 revocant.
1043 3568 1201 3647 llultiplex

119 3666 202 3726 adest
225 3667 427 3726 desudationis
451 3667 538 3727 huius
560 3667 644 3727 iona:
672 3666 857 3742 similitudo,
880 3669 1083 3745 corticellas,
1102 3671 1201 3728 cacai-

118 3765 240 3838 stcralt'a,
258 3761 431 3839 consulitur,
449 3772 479 3824 et
496 3768 656 3840 generatim
678 3781 879 3842 quascumque
893 3764 1000 3826 relatio
1015 3772 1068 3826 aut
1083 3769 1201 3844 opposi-

37 3903 42 3914 .
120 3865 171 3922 iio.
193 3861 242 3922 Sic
255 3877 330 3938 quae
343 3863 451 3922 similia
470 3865 546 3924 inter
558 3879 589 3922 se
609 3869 690 3940 sunt,
709 3879 785 3939 qaas
797 3864 921 3924 effeetus
937 3871 967 3924 et
986 3877 1092 3926 causas
1106 3879 1201 3942 raspe-

120 3967 198 4020 ctum
213 3959 338 4037 babent,
362 3969 391 4021 et
411 3961 574 4038 generalius
591 3976 666 4036 quae
684 3961 784 4038 aliqua
797 3961 936 4022 raucone
956 3968 1008 4024 ant
1019 3964 1201 4040 oppositione
