2892 4425
218 361 273 412 rso
549 365 769 409 uauxeaxsrca
791 363 966 408 euasurum

214 481 352 540 cessaria.
375 478 496 553 contra,
509 493 563 536 cus
575 479 749 553 contingens
769 475 800 534 id
822 475 940 552 dicitur,
955 478 1039 535 cuius
1057 479 1212 537 existentia
1225 495 1295 538 cou-

163 609 167 615 ⁴
214 579 331 652 tingens
350 582 412 651 est,
433 591 485 634 acu
510 574 597 651 quud*
611 575 655 634 ite
673 575 773 633 existit
793 579 826 633 ut
846 575 938 648 possit
956 589 1014 632 non
1035 575 1168 636 existere.
1195 579 1294 651 Quare

126 685 132 690 ·
216 689 283 732 cnm
306 673 439 732 onifectio
455 674 676 732 existentiarum
697 673 930 747 contingentium
951 673 1066 730 nonnisi
1085 675 1115 731 in
1137 677 1298 735 existentia

216 771 316 847 atique
335 771 498 830 necessaria
517 772 661 830 rationem
681 771 728 830 sui
751 769 945 830 inficiantem
969 769 1095 846 babeat3
1119 787 1156 830 ex
1181 776 1295 833 entium

216 870 447 945 contingentium
472 870 628 947 cxismutte
657 855 711 943 (ut
728 870 759 926 in
785 867 932 942 tbeoiogic
961 868 1087 928 neturnii
1119 869 1293 946 videbimus)

217 968 372 1026 existentis
386 968 462 1026 eutis
477 969 631 1026 necessarii
645 965 873 1024 demonstratur.
890 965 966 1023 Num
984 945 1230 1040 quemadmodum
1243 983 1296 1026 eus

218 1065 416 1124 necessarium
436 1065 578 1123 rationem
598 1062 793 1122 sufficientem
812 1077 865 1120 cnr
884 1064 992 1121 existat
1009 1061 1098 1121 babet
1114 1064 1145 1120 in
1166 1079 1212 1138 se,
1229 1079 1297 1122 cnm

218 1165 257 1222 sit
271 1169 379 1223 natura
391 1177 445 1222 suu
458 1162 685 1222 determinatum
700 1161 738 1221 ad
758 1159 941 1220 existendum
958 1179 967 1236 3
982 1162 1025 1219 sic
1045 1167 1150 1220 contre
1162 1175 1215 1218 ens
1228 1177 1298 1220 cou-

217 1263 333 1337 tingens
351 1263 493 1320 rationem
510 1259 704 1320 sufficientem
722 1261 906 1336 existentiae,
924 1275 1012 1335 quam
1029 1261 1141 1334 recipit,
1155 1261 1298 1318 extrinse-

218 1373 270 1417 cus
283 1357 390 1418 babere
408 1357 504 1417 debet.
522 1357 596 1416 Cum
610 1361 690 1416 enim
704 1360 904 1434 contingentia
920 1356 999 1416 dicut
1013 1355 1241 1415 indifferentiam
1263 1355 1301 1415 ad

218 1455 401 1514 existendum
412 1455 457 1512 vei
471 1470 530 1512 non
543 1454 740 1529 existendum3
754 1456 778 1512 si
788 1469 840 1512 ens
854 1457 1027 1528 contingens
1040 1456 1069 1511 vi
1083 1469 1136 1512 sna
1149 1457 1301 1530 existeret,

175 1618 180 1626 ,
219 1558 296 1610 esset
312 1557 416 1626 suapte
433 1557 538 1610 natura
558 1551 784 1610 determinatum
800 1551 1048 1626 adsumendum,
1069 1567 1103 1610 ac
1117 1551 1239 1626 proinde
1257 1551 1301 1610 fo·

131 1636 136 1644 ’
220 1656 265 1708 rct
279 1650 376 1726 quoad
393 1649 576 1709 existendum
590 1648 764 1708 indifferens
777 1656 806 1708 et
821 1665 879 1707 non
898 1648 1080 1708 indifferens.
1098 1648 1219 1707 id-veru
1231 1665 1301 1707 con·

148 1789 155 1792 -
220 1753 356 1821 ceptuum
372 1763 501 1821 pugnam
522 1746 656 1806 includit.
683 1743 781 1819 Quare
804 1745 945 1823 quidquid
966 1753 1011 1805 est
1029 1761 1081 1804 ens
1105 1747 1300 1822 contingens,

222 1844 262 1902 id·
275 1850 425 1904 externam
448 1860 568 1904 causum
589 1847 705 1920 poscit,
732 1860 750 1903 a
776 1861 835 1920 qun
849 1845 894 1902 ad
921 1843 1104 1903 existendum
1129 1843 1303 1903 determine·

222 1948 280 2001 tur.
304 1943 385 2015 Quae
409 1941 527 2019 quidem
548 1945 733 2004 ratiocinatio
751 1960 808 2002 non
832 1959 886 2020 pro
905 1959 964 2002 uno
983 1948 1098 2002 tautum
1118 1949 1170 2001 ant
1194 1942 1303 2018 effero,

220 2038 272 2098 aed
295 2057 349 2120 pro
370 2041 630 2117 quaiibetentium
647 2042 879 2117 contingentium
901 2043 975 2099 serie
994 2046 1039 2099 est
1059 2040 1198 2100 ratitum.

283 2145 332 2197 ιι.
354 2139 513 2215 conceptui
535 2141 689 2198 necessarii
707 2145 738 2199 et
756 2140 951 2215 contingentis
970 2136 1127 2196 admodum
1146 2135 1245 2197 affluis
1258 2143 1305 2197 est

138 2272 144 2281 ‹
221 2237 304 2296 notio
318 2236 474 2297 mtcbifs's
492 2244 522 2297 et
540 2234 752 2299 commansio.
769 2230 917 2312 Quidquid
931 2238 1008 2295 enim
1030 2243 1075 2294 est
1097 2240 1304 2314 necessarium,

222 2336 273 2412 id,
290 2338 321 2394 in
339 2343 482 2413 quantum
503 2337 648 2397 eiusmodi
655 2340 670 2413 ‚'
687 2336 954 2395 immutabilitatem
975 2339 1063 2394 ειιιιιι
1082 2334 1137 2393 sibi
1159 2336 1299 2395 vindicat.

222 2432 313 2493 Secus
333 2440 379 2493 ast
399 2435 436 2495 de
453 2436 661 2512 contingente3
683 2434 781 2511 quod,
801 2439 835 2493 ut
861 2433 919 2492 taic
941 2438 1005 2508 est,
1028 2433 1182 2495 mutationi
1204 2432 1304 2491 subdi·

223 2539 281 2591 tur.
301 2532 354 2594 fist
369 2539 477 2593 autem·
492 2534 615 2593 mutatio
637 2548 677 2591 ee
693 2549 753 2592 cao
780 2534 814 2591 in
831 2530 925 2591 alium
945 2534 1056 2590 rictum
1078 2530 1171 2591 celsis·
1195 2533 1307 2591 bomi-

224 2632 292 2705 tus5
312 2633 476 2707 mutarique
493 2646 546 2689 ens
562 2630 683 2707 dicitur,
701 2646 768 2689 eura
789 2632 896 2708 incipit
911 2646 942 2688 se
965 2628 1073 2689 froben
1095 2628 1197 2703 alifer,
1214 2646 1306 2706 quom

223 2730 295 2785 cote
312 2731 388 2785 erud
412 2728 607 2799 Quamobrem
627 2730 774 2805 capacitas
796 2729 965 2786 mutationis
986 2727 1186 2802 suscipiendus
1207 2728 1306 2803 rigere

223 2826 346 2901 nequit,
365 2826 422 2883 uisi
445 2828 475 2882 in
493 2833 571 2901 ente,
590 2827 668 2902 quod
689 2829 769 2885 eirca
790 2825 842 2901 id,
865 2828 897 2883 tn
919 2842 977 2901 quo
999 2826 1104 2884 mutari
1126 2830 1242 2900 potest,
1265 2824 1306 2882 sit

122 2954 140 2975 .
224 2920 412 2998 indifferens3
439 2938 491 2982 seu
518 2922 599 2999 quod
628 2926 706 2982 cirea
726 2938 787 2981 rem
810 2922 890 2981 iiism
912 2938 944 2981 se
964 2922 1069 2980 babeat
1090 2923 1305 2998 contingenter.

224 3019 344 3097 Contra,
362 3022 393 3078 in
421 3024 469 3097 iis,
489 3022 519 3079 tu
537 3021 644 3096 quibus
662 3036 714 3079 ens
735 3022 778 3079 ita
800 3028 855 3095 est,
876 3028 909 3080 ut
929 3026 1054 3096 nequest
1072 3034 1130 3077 non
1150 3034 1232 3093 esse,
1255 3032 1308 3077 sen

224 3119 255 3176 ia
269 3116 375 3193 quibus
389 3120 584 3178 necessarium
597 3126 653 3193 est,
667 3120 775 3177 mutari
788 3134 845 3177 non
862 3121 966 3193 potest.
983 3118 1058 3177 iiiuc
1074 3118 1179 3191 cincei,
1195 3114 1309 3192 aliquid

223 3230 287 3274 csse
303 3230 389 3291 posse
405 3214 546 3275 mutabile
563 3216 607 3285 ref
626 3216 723 3292 quoad
742 3218 946 3291 existentium,
970 3215 1015 3273 vei
1043 3214 1140 3291 quoad
1163 3230 1214 3290 ea,
1237 3228 1313 3289 quse

222 3313 407 3374 existentiam
425 3320 658 3391 consequentum
677 3317 804 3391 itemque
819 3321 869 3373 eut
883 3315 1074 3389 internesaut
1092 3320 1221 3372 externe.
1246 3312 1313 3371 bfu-

223 3410 315 3471 tobiie
331 3412 428 3488 quom
449 3414 635 3472 existentiam
655 3412 729 3471 iitud
757 3414 832 3487 erit,
858 3412 936 3488 quod
957 3414 1142 3471 existentiam
1165 3413 1313 3485 suscipere

205 3515 321 3592 'potest
338 3510 383 3567 vei
407 3512 559 3586 amittere3
579 3510 667 3586 idque
685 3512 801 3569 nonnisi
822 3508 988 3568 inentibus
1010 3507 1248 3585 contingentibus
1271 3509 1313 3566 io·

223 3622 292 3666 cum
316 3608 413 3668 babet.
437 3608 517 3669 Hace
534 3610 634 3685 enim,
654 3613 756 3684 utpote
780 3614 883 3683 suopte
905 3610 934 3665 vi
960 3607 998 3666 ed
1020 3606 1207 3665 existendum
1228 3604 1316 3665 indif-

225 3704 360 3781 ferentia,
374 3706 618 3782 qnemndmodnm
639 3722 791 3783 numnam
809 3708 994 3765 existentium
1014 3708 1205 3781 recepissent,
1223 3704 1277 3762 uisi
1296 3718 1316 3762 a

224 3802 287 3862 Dec
305 3806 424 3865 condita
440 3811 559 3882 esseut3
582 3808 641 3881 sic,
662 3808 687 3863 si
709 3802 788 3863 Dens
811 3819 979 3881 permanere
1003 3820 1037 3863 ee
1059 3804 1167 3879 noiiet,
1187 3804 1217 3860 iu
1238 3801 1316 3859 nibi-

226 3903 287 3963 ium
309 3904 414 3965 iterum
433 3904 642 3964 relaberentur.
661 3902 802 3962 Mutabiie
822 3918 890 3961 vcro
910 3903 1006 3980 quood
1024 3918 1071 3978 ea,
1092 3915 1169 3976 quac
1189 3901 1314 3959 existen·

230 4002 301 4061 tiam
321 4008 550 4079 consequuntur,
569 3999 599 4059 id
618 3998 736 4072 dieitur,
755 4000 836 4076 quod
857 4002 885 4058 in
905 3996 1111 4085 effectionibus
1133 3996 1189 4058 sibi
1212 3997 1314 4056 inbue-
