2892 4425
546 312 781 361 enarrationes
1165 306 1199 360 11

121 426 281 505 Platonici,
296 426 348 487 aad
364 442 465 487 revera
478 426 605 487 ecleeticl
620 424 743 500 putandi
755 429 843 501 sunt,
856 428 887 484 et
904 435 1032 501 quorum
1045 436 1204 486 numamm

121 526 336 605 quodammodo
350 524 491 588 claudunt
504 518 696 583 Cassiodorus
709 529 742 581 et
754 522 882 583 Baetim

179 623 240 685 Sub
260 623 368 685 eodem
384 603 445 681 iere
465 625 574 697 aetate,
594 636 655 696 qus
672 619 927 695 Nenplaionismns
946 623 1058 697 eoepit,
1079 620 1204 681 Aenesi·

120 717 223 782 demus
237 729 267 780 et
279 720 385 780 Serius
398 719 575 796 Empiricus,
595 718 654 777 duo
667 724 734 793 post
745 717 929 795 Pyrrhonem
942 719 1120 795 scepticismi
1135 734 1203 795 pro·

120 820 304 896 pugnacula,
318 819 493 877 iloruemnt.
543 832 549 847 ·
1091 821 1094 826 “

183 925 233 976 10.
248 916 427 975 hssldnltste
440 914 584 973 bellorum
596 918 626 971 et
638 911 830 972 barbarorum
844 915 980 993 incursu,
1000 913 1206 991 philosophiae

121 1016 265 1090 studium,
277 1016 392 1089 proprie
405 1012 530 1087 dictum,
551 1013 629 1070 sicui
641 1013 731 1069 cham
744 1011 919 1086 litterarum,
938 1012 1110 1087 aliquandiu
1129 1012 1203 1071 deli·

121 1114 191 1186 tuit,
202 1126 269 1169 cum
288 1126 305 1169 a
324 1110 407 1168 laicis
420 1110 540 1167 omnino
555 1108 731 1185 neglectum,
750 1123 771 1167 a
788 1108 861 1167 solis
877 1109 1082 1169 ecclesiasticis
1095 1112 1126 1168 in
1139 1125 1204 1169 coe·

122 1206 218 1266 noblis
241 1208 411 1282 praesertim
435 1206 589 1265 coleretur.
613 1202 758 1280 Tandem,
778 1210 952 1281 tempestate
972 1205 1025 1263 iila
1048 1206 1205 1283 residente,

122 1304 268 1364 Ecclesiae
289 1318 377 1380 opera
398 1310 427 1363 et
444 1290 641 1364 incitamentis
658 1305 847 1363 scientiarum
867 1304 1034 1378 artiumque
1051 1301 1207 1378 disciplina

124 1404 242 1461 sensim·
263 1410 293 1463 et
314 1401 490 1477 pedetentim
511 1404 605 1477 eoepit
630 1400 832 1478 redintegrari.
856 1399 1015 1461 Ercrditur
1033 1399 1101 1459 inde
1124 1406 1207 1461 ndns

124 1500 315 1561 scholasticae
331 1497 544 1576 philosophiae,
558 1502 601 1559 sle
615 1499 776 1575 appellatae
786 1498 866 1575 quod
878 1501 1038 1576 universim
1050 1500 1083 1558 ln
1096 1497 1207 1559 scholis

122 1597 297 1657 traderetur.
320 1597 399 1657 llaec
417 1596 536 1657 saeculo
548 1596 703 1657 undecimo
722 1613 743 1657 a
761 1597 858 1656 trihus
877 1599 1062 1673 potissimum
1082 1600 1208 1661 summis

123 1696 212 1771 viris,
234 1694 388 1769 Anseimo,
410 1694 591 1771 Lauirauco,
613 1696 701 1755 Petro
721 1692 902 1771 Lomlisrdo,
923 1694 1085 1755 scientfflca
1108 1695 1206 1755 iorma

123 1792 232 1851 donata
251 1798 308 1852 cst.
328 1792 493 1851 Maximum
513 1799 610 1851 tamen
624 1794 835 1852 incrementum
852 1795 964 1867 acecpit
982 1792 1021 1852 ab
1041 1792 1206 1853 incredibili

16 1946 19 1953 .
123 1890 174 1949 illo
194 1896 223 1949 et
243 1892 326 1965 qnasi
341 1889 442 1949 divino
460 1890 492 1950 S.
507 1888 637 1949 Thoiuae
657 1893 787 1967 ingenio,
800 1892 852 1967 qul
868 1889 982 1950 decimo
996 1892 1085 1949 tertio
1097 1891 1205 1950 salutis

124 1988 239 2047 saeculo
259 1987 423 2047 Aristotelis
442 1987 658 2064 philosophiam
667 1988 894 2065 diligentissime
911 1990 1060 2064 purgavit,
1081 1988 1206 2062 prolun-

124 2085 253 2144 disslmls
271 2088 355 2145 auxit
373 2088 601 2162 commentariis,
623 2092 710 2162 atque
730 2092 833 2145 contra
845 2086 1010 2146 incredulos
1024 2085 1063 2144 ad
1077 2084 1205 2162 Religio·

123 2197 189 2242 nem
210 2184 349 2244 tuendam
370 2184 549 2244 validissime
575 2186 701 2244 retorsit.

184 2282 333 2341 innumeri
348 2291 489 2342 suntuna
503 2283 592 2341 modo
605 2283 756 2358 doctrina,
772 2297 876 2341 nerum
894 2287 926 2341 et
945 2283 1101 2343 aancdtnte
1119 2298 1206 2359 prae·

53 2413 58 2430 .
124 2383 247 2452 stantes,
268 2380 319 2452 qui
337 2385 400 2437 inm
414 2386 484 2437 anta
496 2377 527 2438 S.
543 2379 700 2455 Thamam,
721 2385 785 2438 tum
807 2383 935 2438 maxime
951 2386 1029 2454 post,
1048 2383 1209 2456 sapientiae

124 2481 154 2534 ct
167 2473 339 2532 eruditionis
359 2475 445 2532 laude
459 2476 639 2534 claruerunt.
660 2477 772 2547 Quoia
792 2491 826 2534 re
837 2475 976 2534 cordatus
993 2479 1081 2534 nemo
1099 2492 1118 2533 a
1136 2483 1208 2536 nota

124 2573 296 2630 temeritatis
316 2571 498 2632 Bruekmum
512 2570 670 2648 defendet,
691 2573 742 2647 qui
755 2574 918 2649 generatim
936 2587 1038 2631 omues
1050 2571 1207 2632 scholasti·

124 2685 175 2728 oos
190 2685 205 2727 a
219 2669 461 2744 philosophorum
476 2669 544 2728 albe
557 2671 767 2746 expungendus
781 2677 876 2746 potat,
891 2670 949 2728 hoc
961 2677 1115 2745 praetextu
1127 2671 1207 2747 quod

124 2766 349 2844 philosophandi
371 2767 504 2826 libertate
517 2771 665 2828 caruerint
686 2771 708 2826 ¹.
726 2769 766 2827 m
780 2784 867 2828 nemo
879 2785 939 2828 uon
953 2768 1034 2828 videt
1054 2770 1127 2828 haec
1139 2786 1207 2845 pre·

124 2872 189 2941 pier
203 2865 301 2924 odium
323 2868 353 2924 in
368 2865 547 2926 catholicam
560 2867 720 2926 Ecclesiam
741 2867 780 2927 ab
793 2867 912 2926 homine
925 2867 1072 2927 haeretico
1091 2869 1207 2944 prolata

124 2979 198 3022 esse.
223 2949 396 3024 scholastici
415 2967 494 3023 enim
513 2968 567 3026 etsi
582 2965 799 3041 philosophiam
819 2966 1004 3042 theologiae,
1025 2974 1060 3026 nt
1072 2981 1126 3042 par
1138 2975 1207 3043 est,

124 3061 324 3138 subiicerent,
345 3067 443 3121 tamen
465 3077 573 3140 magna
594 3063 729 3122 libertate
747 3062 944 3139 philosophati
964 3070 1044 3123 snut.
1072 3061 1205 3138 Quodsi

124 3159 282 3218 Aristotele
309 3177 379 3235 prae
403 3162 507 3220 ceteris
534 3160 712 3235 umbaatur,
742 3161 850 3220 idcireo
877 3161 935 3220 lroe
960 3160 1063 3222 iecisse
1089 3163 1206 3222 dicendi

124 3263 214 3331 sant,
233 3259 303 3332 qnia
324 3265 409 3317 vetus
431 3259 574 3334 sapientia
594 3261 625 3316 lu
650 3259 731 3318 lilius
750 3257 916 3334 philosophi
938 3262 1054 3335 scriptis
1074 3261 1208 3319 cumula·

124 3355 185 3412 tius
208 3357 426 3431 contineretur,
452 3361 481 3414 et
506 3358 577 3432 quia
599 3363 717 3431 propter
738 3355 852 3415 Arabas
872 3357 1032 3433 llispnniae
1053 3357 1209 3416 dominan—
1234 3431 1239 3443 .

125 3455 169 3508 tes
191 3453 364 3512 aristotelica
387 3454 521 3512 doctriua
544 3460 615 3514 tanc
640 3455 781 3530 temporis
804 3469 913 3531 magna
934 3457 1110 3514 aucmrltate
1136 3470 1208 3531 gau-

125 3545 216 3603 deret.
240 3545 371 3606 Ceterum
393 3552 470 3609 sicut
489 3553 588 3626 negari
612 3567 670 3609 non
687 3557 782 3626 petest
802 3553 832 3609 ln
853 3567 957 3610 eorum
978 3551 1060 3610 libris
1079 3566 1114 3609 ea
1133 3552 1208 3612 vitia

125 3643 306 3717 comperiri,
328 3644 365 3702 ad
385 3661 460 3720 qaas
479 3653 641 3723 temporum
663 3649 781 3708 illorum
801 3648 929 3708 conditio
949 3648 1140 3724 detrudebat3
1161 3651 1209 3708 sic

125 3739 211 3800 lateri
233 3741 365 3816 cogimur
384 3757 434 3801 eos
455 3759 540 3804 verae
560 3747 726 3822 solidaeque
741 3748 900 3823 sapientiae
919 3746 1102 3807 documentis
1121 3746 1208 3806 reler-

124 3948 159 4000 lh
184 3872 279 3922 illisi.
300 3873 361 3922 crit.
374 3871 444 3936 pluit.
457 3885 474 3924 α
487 3874 590 3926 Christo
602 3879 666 3926 nalo
682 3876 718 3928 od
741 3879 832 3929 nostra
852 3880 970 3940 temporo
991 3891 1043 3940 per.
1068 3885 1092 3940 1,
1110 3889 1163 3940 par.
1184 3885 1211 3940 1,

135 3953 140 3999 1
162 3957 204 4016 ,1,
219 3965 272 4015 cap.
288 3959 311 4015 a,
323 3965 371 4002 stne.
389 3960 411 4002 1.
