2892 4425
237 331 294 396 aaa
562 349 801 396 umarausrcn
822 351 982 397 susurrare

236 469 305 538 stet,
314 467 343 520 et
356 465 426 520 aute
438 459 624 520 reflexionem
638 460 767 522 Lochias
780 462 897 520 nonnisi
913 461 1134 522 sensibilitatem
1147 463 1315 541 induem-«3

235 564 462 618 conmutauenm
481 573 552 618 snae
572 557 726 618 videbatur
748 565 781 618 nt
801 561 847 618 vis
867 558 919 618 ilia
939 562 1031 619 animi
1052 559 1091 620 ad
1106 561 1200 636 ipsam
1219 565 1315 622 sensi-

233 655 376 715 bilitatem
397 663 600 732 moraretur,
621 671 697 733 quae
717 655 823 716 oeinne
842 673 874 716 se
893 656 1044 733 perliceret
1063 674 1098 718 ae
1119 658 1313 719 multifariam

234 755 404 829 explicaret.
425 755 460 814 ld
473 757 619 832 preastitit
631 753 793 816 (londillac.
817 756 913 829 Quare
928 763 962 816 ut
976 759 1116 832 empirica
1130 757 1236 816 Baoani
1251 775 1313 818 rne-

234 851 342 911 thodus
356 853 500 912 Loeirium
521 859 585 914 erat
599 857 746 929 paritura,
763 855 806 912 sic
823 853 920 912 Locke
940 857 1007 913 sinu
1026 855 1118 913 uenti
1131 869 1185 914 suo
1198 853 1314 916 terebat

234 948 426 1010 Gondiliacliil
447 953 633 1011 senslsmnm.
659 949 700 1010 Ut
723 951 815 1026 igitur
837 949 894 1008 hoc
917 955 1046 1026 systema
1070 950 1198 1010 breuiter
1222 969 1312 1028 expo-

234 1064 321 1123 nam,
335 1064 429 1124 panea
450 1048 522 1108 haec
542 1048 692 1109 mente:
716 1047 885 1107 intellectus
904 1063 956 1107 sex
969 1055 1085 1108 onustat
1104 1049 1320 1120 facultatibusz,

233 1148 412 1220 attentione,
429 1148 663 1223 conparatione,
679 1143 806 1220 indicio,
822 1144 997 1222 reflexione,
1013 1148 1228 1222 imaginatione
1234 1189 1244 1220 ,
1260 1164 1310 1206 ro·

235 1245 376 1320 decisio5
395 1259 471 1322 quae
489 1243 607 1321 quidem
628 1249 785 1303 nonensi
807 1242 889 1303 allud
909 1245 966 1327 nisi
988 1245 1111 1318 ipsamet
1132 1244 1311 1304 sensibilitas

233 1344 319 1404 aliter
337 1342 557 1404 transformata.
579 1343 655 1404 Nam
673 1358 741 1402 eum
756 1343 916 1418 sentimus,
931 1342 1024 1402 multa
1043 1341 1127 1401 nobis
1142 1341 1310 1404 atteruntur

234 1440 365 1517 obiecta,
379 1457 504 1517 quornm
517 1440 632 1500 nulium
645 1440 784 1500 nannete
797 1441 984 1515 percipimus.
1008 1440 1084 1499 ilinc
1103 1441 1134 1499 in
1151 1455 1211 1500 uuo
1230 1457 1310 1500 seor-

233 1554 299 1600 sum
319 1537 454 1596 obtutum
473 1534 564 1612 ligere
583 1552 657 1612 opus
674 1542 739 1612 eet,
762 1541 795 1595 ut
813 1534 979 1596 distinctior
996 1539 1126 1613 cognitio
1145 1535 1207 1598 ilat.
1229 1537 1311 1598 tinec

234 1635 311 1692 aetio
323 1633 432 1692 dieitur
445 1635 572 1692 attentio
575 1652 587 1707 ,·
603 1649 679 1711 quae
693 1649 838 1694 mnenon
854 1639 899 1694 est
912 1632 992 1694 alind
1006 1636 1063 1693 nisi
1081 1637 1209 1695 sensatis
1222 1638 1311 1696 unius

234 1730 356 1806 obiecti,
378 1731 499 1807 perinde
518 1745 572 1789 nos
591 1747 757 1807 occupans,
778 1734 863 1808 quasi
885 1731 959 1791 aliae
979 1729 1113 1792 deessent
1135 1747 1189 1791 nee
1208 1733 1270 1792 ulia
1289 1749 1311 1793 a

233 1830 337 1888 ceteris
356 1829 477 1888 obiectis
493 1831 647 1904 impressio
660 1837 838 1890 exereretur.
860 1828 972 1889 Deinde
990 1829 1236 1905 quemadmodum
1255 1833 1309 1891 nni

233 1926 363 2002 obiecto,
378 1928 422 1985 sic
435 1925 550 1986 dnobus
563 1929 652 1987 diam
665 1927 766 1986 eodem
787 1933 917 2004 tempore
927 1925 1083 1986 advertere
1102 1929 1308 2004 cogitationem

234 2039 401 2100 mamus.
422 2025 507 2084 Tunc
530 2031 668 2102 exsurget
688 2027 889 2102 conparatio,
904 2041 979 2101 quae
1000 2025 1119 2100 proinde
1138 2025 1246 2102 duplici
1263 2032 1309 2086 at·

233 2125 363 2184 tentione
386 2123 551 2200 constabit,
572 2130 661 2201 atque
682 2124 748 2183 ideo
771 2123 808 2184 ab
832 2126 897 2199 ipsa
916 2125 1080 2183 sensatione
1099 2139 1157 2182 aon
1178 2122 1307 2184 diiieret.

234 2222 274 2282 it
293 2239 363 2283 nero
382 2224 537 2299 nequimus
559 2224 634 2282 duas
656 2224 836 2281 sensationes
859 2237 910 2298 per
934 2224 1181 2298 comparationem
1200 2221 1310 2281 habere

232 2322 337 2396 simui,
356 2323 428 2396 qnin
447 2336 537 2381 unam
560 2320 649 2381 velmi
670 2318 868 2396 propesitum
890 2326 1091 2379 contueamur.
1113 2320 1190 2379 ilinc
1208 2336 1308 2396 peree-

232 2420 294 2495 pilo
313 2419 481 2479 eorumdem
501 2420 722 2479 conveniendae
743 2418 788 2477 vei
810 2417 1022 2493 discrepantiae
1042 2420 1141 2478 statim
1165 2420 1305 2495 emergit,

233 2516 460 2593 quaeindieinm
471 2518 653 2592 nominatur,
662 2532 795 2593 quaeque
808 2516 930 2593 proinde
944 2516 1127 2577 sensionibns
1139 2518 1225 2577 ellam
1239 2532 1307 2576 oon·

231 2619 353 2677 tinctur.
375 2616 498 2692 iusuper
511 2630 720 2691 saepenumero
734 2616 852 2692 cognita
867 2630 905 2674 ex
919 2617 949 2673 ri
963 2614 1063 2673 iudicii
1078 2614 1216 2673 relatione
1229 2629 1306 2689 ana,

233 2714 270 2773 ad
291 2714 366 2774 alies
384 2712 621 2773 internoscendas
642 2713 765 2791 madum
788 2712 923 2773 tammus.
947 2711 987 2772 Ut
1007 2712 1037 2773 id
1057 2712 1125 2788 nat,
1145 2715 1308 2773 neemsaria

233 2814 289 2869 erit
308 2813 396 2871 series
415 2812 559 2887 quaedam
574 2812 750 2872 iudiciorum
772 2816 801 2871 et
821 2811 943 2870 attentio
963 2808 1095 2885 pluribus
1114 2810 1257 2887 gradatim
1277 2818 1308 2871 et

232 2904 406 2980 pedetentim
420 2907 540 2967 obiectis
560 2906 702 2966 adhibita.
726 2907 781 2967 Hic
801 2913 884 2968 aelus
903 2906 1009 2967 dicitur
1027 2907 1164 2985 reflectio,
1181 2912 1250 2984 quia
1269 2926 1308 2969 ex

233 3019 292 3063 uno
312 3004 420 3063 iudicio
439 3006 469 3062 in
491 3003 570 3064 aliud
590 3004 807 3079 quodammodo
828 3005 937 3081 resilit,
958 3012 1003 3081 et,
1025 3022 1092 3066 enm
1115 3022 1172 3066 nun
1193 3014 1308 3068 constet

234 3223 245 3244 «ι
264 3216 290 3252 se
307 3213 426 3252 consume
443 3214 486 3252 sur
500 3201 526 3251 ia
540 3200 673 3251 semotior.
691 3202 772 3253 Lcelre
786 3214 845 3253 sans
861 3200 937 3251 doute
953 3202 993 3252 n’a
1011 3214 1055 3265 pas
1066 3200 1195 3252 noniondu
1211 3201 1236 3251 ia
1252 3214 1307 3251 scn-

234 3302 245 3325 ιι
263 3282 343 3333 sedon
362 3284 388 3331 et
405 3282 441 3332 ies
457 3281 561 3333 tecuitis
576 3280 608 3331 de
625 3282 711 3345 idme,
729 3282 747 3331 ii
766 3281 801 3333 ies
818 3280 944 3343 distingue
963 3280 1014 3331 tres
1031 3280 1227 3345 expressdment3
1246 3281 1309 3331 maie

234 3383 247 3407 e
265 3362 282 3415 il
299 3363 344 3413 tait
356 3362 428 3426 jouer
443 3362 459 3413 i
476 3376 521 3412 nos
536 3361 639 3413 tecuitis
657 3376 692 3410 un
709 3361 762 3412 rdie
779 3360 936 3422 seeoudaim,
953 3362 979 3409 et
995 3360 1159 3423 insignitiant,
1176 3362 1201 3410 el
1215 3360 1232 3409 ii
1248 3373 1307 3409 eon·

233 3462 244 3485 a
262 3443 345 3492 contre
361 3442 415 3492 leur
434 3442 516 3493 action
533 3456 576 3493 sur
595 3442 630 3492 ies
650 3441 746 3491 donnes
764 3440 897 3503 sensibies3
915 3438 946 3489 de
965 3439 989 3489 it
1007 3439 1022 3489 l
1042 3440 1078 3489 ies
1096 3438 1231 3490 eoniondre
1247 3451 1308 3489 areo

232 3540 245 3564 ιι
262 3521 287 3570 ia
302 3522 438 3572 sensibiiile
455 3522 593 3573 elie-meme
609 3522 625 3571 ii
645 3523 685 3583 n’y
702 3522 771 3571 avait
788 3522 866 3584 qn'un
884 3532 941 3584 pus,
957 3520 983 3569 et
999 3518 1023 3569 it
1040 3522 1078 3569 est
1096 3520 1119 3571 ie
1136 3516 1218 3583 gerrae
1234 3518 1309 3569 iaibie

235 3620 247 3642 r
265 3614 353 3651 sumre
369 3601 400 3652 de
418 3602 442 3652 ie
455 3602 538 3653 tutare
552 3602 647 3652 linearis
664 3602 696 3651 de
713 3601 737 3650 ia
753 3600 877 3651 manlios
892 3612 989 3650 comme
1005 3599 1029 3650 le
1042 3600 1154 3669 principe
1172 3600 1264 3663 unique
1277 3598 1309 3649 (le

234 3700 247 3723 a
262 3683 345 3732 tontes
361 3682 396 3732 ies
412 3684 552 3746 operatione
567 3682 600 3732 de
616 3683 699 3734 i'tme.
716 3682 783 3731 c'est
800 3680 893 3744 tocie,
910 3680 969 3743 qni,
986 3692 1043 3731 sans
1059 3680 1083 3730 ie
1098 3680 1194 3741 sarcir,
1209 3681 1234 3729 ei
1250 3690 1308 3729 sans

234 3783 246 3807 r
264 3762 287 3815 le
304 3764 415 3827 rouioir,
431 3778 446 3813 a
464 3764 532 3825 trapi
550 3764 574 3815 ia
594 3766 665 3813 rente
682 3763 697 3813 i
717 3765 782 3813 celte
801 3762 912 3813 doctrine
928 3761 1070 3825 exclusive,
1088 3774 1119 3811 cn
1138 3762 1273 3825 n’ajontant
1292 3760 1308 3809 i

234 3862 246 3884 ·
264 3842 287 3891 ia
302 3843 440 3906 naussum,
455 3856 505 3909 que
515 3844 559 3895 des
574 3844 692 3903 tecuitis,
704 3844 767 3893 dont
780 3845 836 3893 tout
849 3842 958 3907 l'empioi
972 3843 1010 3893 est
1024 3842 1055 3892 de
1069 3842 1190 3892 s’esercer
1205 3854 1248 3891 eur
1260 3840 1309 3890 elie

233 3942 245 3965 ι
262 3936 320 3972 sans
336 3935 432 3975 aueum
447 3927 518 3975 reatu
533 3936 621 3990 propre
631 3927 657 3974 et
670 3923 798 3986 originale.
812 3942 823 3965 n
836 3925 904 3973 iiiet.
917 3922 950 3973 de
967 3922 996 3973 lo
1010 3920 1107 3973 Pallor.
1123 3920 1161 3972 dn
1173 3919 1302 3971 dtr-tenti.

231 4002 311 4051 ritclr
328 4002 375 4065 lec.
396 4012 431 4053 te.
763 4009 768 4019 ¹
