2892 4425
446 370 525 413 rm
546 370 663 413 surm
685 384 697 399 ·
718 370 935 417 PSYCHOWGIA
1171 364 1226 416 187

153 486 197 541 est
216 495 281 554 res,
306 480 361 539 etsi
381 480 514 539 oratioue
532 478 662 539 diverse
684 479 718 539 ld
739 486 836 539 autem
861 481 1224 556 psreeptiouisuotionem

152 581 307 654 importat3
328 591 405 652 quae
422 578 583 652 generatim
602 584 721 652 aeospia
742 578 814 636 nihii
835 584 879 637 est
902 576 993 653 miud,
1012 593 1100 653 quam
1118 578 1228 655 utiquid

153 675 321 752 cognitione
339 688 455 749 mpero.
474 671 728 745 Quemadmodum
741 674 910 751 ‘inteiitgere
928 688 986 733 uon
1005 680 1050 733 est
1069 672 1150 735 aliud
1170 676 1227 735 nisi

154 771 265 849 siiqnid
284 770 434 830 inteiieetu
454 771 681 846 apprehendere,
695 773 739 831 sie
755 774 864 831 sentire
878 788 937 831 non
951 779 997 831 est
1010 774 1090 832 siiud
1103 775 1160 833 nisi
1174 773 1228 833 aii·

153 868 226 945 quid
241 866 456 945 apprehendere
468 867 613 928 sensibus.
628 869 689 929 Nee
702 884 775 929 sane
788 872 900 946 eoaeipi
919 872 1017 929 animo
1031 875 1146 945 potest,
1169 886 1228 947 qno

98 1038 102 1045 .
153 972 240 1044 paeto
259 965 411 1041 quidpiam
423 966 526 1025 sentiri
547 965 680 1041 oiestm,
695 964 774 1043 quod
792 972 890 1038 tamen
905 965 986 1025 auiis
1003 968 1116 1025 teilone
1136 968 1227 1041 perei-

154 1066 264 1139 pistor.

212 1160 367 1236 Nonnulli,
389 1178 407 1219 e
427 1160 563 1221 Itosmini
583 1160 685 1221 seiaoia
697 1162 891 1237 praesertim,
913 1160 1097 1221 vehementer
1119 1169 1229 1239 negant

152 1260 347 1319 smmiiouem
361 1274 446 1333 posse
461 1259 675 1333 perceptionem
694 1264 747 1317 eut
765 1260 961 1333 cognitionem
981 1258 1131 1334 appsiiari.

211 1356 253 1414 At
271 1354 341 1414 inde
362 1370 444 1414 error
462 1356 494 1413 in
514 1370 564 1413 eos
582 1355 733 1428 irrepsisse
752 1354 886 1430 videtm,
905 1355 983 1431 quud
1004 1356 1143 1415 iudicium
1157 1372 1224 1415 eum

153 1454 336 1529 permotione
348 1458 401 1512 sut
413 1466 482 1510 eom
495 1451 663 1528 eognitione
673 1454 833 1527 generatim
848 1450 927 1511 dieta
942 1451 1134 1512 enniandant.
1148 1452 1227 1527 iliae

152 1552 223 1626 qaia
236 1548 346 1608 iudicio
358 1548 450 1624 (qaod
468 1550 574 1636 mentis
586 1554 632 1606 est
647 1548 810 1623 proprium)
828 1552 1024 1608 remotionem
1042 1548 1140 1607 orbari
1157 1564 1227 1607 eon·

153 1648 295 1723 spiciam,
313 1634 647 1721 eamdem'psreepttone
661 1647 751 1703 etiam
768 1645 886 1705 destitui
906 1648 1075 1720 opinentur.
1099 1645 1138 1705 Aa
1155 1646 1227 1705 haee

109 1782 113 1790 ·
152 1743 227 1815 duo,
241 1758 318 1818 quae
337 1745 368 1801 io
389 1742 528 1816 homine,
549 1756 637 1801 sensu
656 1742 744 1801 simui
767 1747 797 1801 ei
820 1744 932 1802 ratione
951 1743 1096 1818 potiente,
1115 1758 1227 1818 semper

153 1841 292 1915 eoniasgi
315 1838 428 1914 soient,
449 1836 681 1897 oonsideratioue
707 1840 807 1914 segrei
836 1838 996 1913 separanda
1020 1839 1126 1915 oppido
1139 1844 1224 1919 ¹sam.

153 1938 297 1997 tudinum
316 1939 413 2011 eniam
439 1952 518 2012 qao,
540 1943 607 2012 post
635 1938 853 2012 sensationem,
878 1937 1022 1997 obiectum
1047 1943 1080 1996 ut
1107 1952 1226 1997 eausam

152 2033 283 2093 eiumem
302 2034 382 2093 oiaae
401 2032 595 2108 distincteque
613 2036 817 2109 perspicimus,
832 2039 885 2092 aot
903 2036 999 2108 ipsam
1019 2034 1165 2093 efflamme
1176 2050 1227 2092 ex·

153 2137 200 2192 tra
219 2146 275 2191 nus
293 2137 410 2190 exstare
431 2129 621 2207 proiesimus,
641 2131 680 2191 ad
701 2137 827 2189 mentem
848 2131 991 2205 pertinere
1009 2144 1079 2188 sane
1098 2128 1228 2187 eoueedi·
1290 2164 1299 2185 r

153 2245 233 2289 mos.
251 2229 363 2288 Verum
381 2243 442 2287 non
461 2227 572 2287 ideireo
586 2227 741 2287 deireetari
761 2233 856 2303 potest
875 2229 1079 2301 semanimem,
1093 2227 1147 2284 etei
1167 2240 1226 2284 noo

153 2327 281 2401 perfeeto
300 2325 358 2386 isne
376 2327 500 2400 ratione,
515 2325 615 2401 atiquo
636 2326 742 2385 saitem
764 2324 852 2384 modo
871 2323 1030 2398 obiectum,
1052 2325 1130 2382 eires
1147 2322 1227 2398 qaod

153 2427 307 2498 emeatus,
327 2425 489 2499 attingere3
512 2427 659 2497 queteous
683 2425 822 2481 nimirum
852 2421 923 2480 iliad
949 2421 1073 2495 simpiiei
1099 2419 1225 2495 quadam

153 2519 384 2595 apprehensione
400 2521 517 2594 capiet,
536 2524 624 2595 atque
638 2520 681 2578 itu
701 2521 790 2578 menti
808 2519 847 2577 ad
866 2518 1053 2578 iudicandum
1071 2524 1224 2593 proponat.

154 2615 208 2674 Vei
227 2616 315 2674 mmm
335 2631 416 2674 maor
431 2615 480 2674 iiie
500 2631 537 2674 ex
556 2632 591 2675 eo
605 2615 739 2676 iortassis
755 2619 884 2690 emersit,
900 2616 978 2692 qaod
993 2616 1151 2674 aduersarii
1171 2614 1226 2675 da·
1254 2669 1259 2674 .
1330 2650 1335 2658 -

153 2717 253 2770 eereot
265 2697 457 2772 mundonem
477 2713 509 2771 in
523 2713 707 2773 soiodoioris
721 2720 774 2772 aut
786 2712 945 2789 voluptatis
965 2714 1163 2788 experimento
1183 2729 1226 2770 re·

152 2811 235 2884 poni.
255 2808 312 2868 Sed
329 2811 361 2868 in
381 2812 483 2884 primis
502 2817 587 2869 aetus
599 2810 743 2870 eiusmodi
757 2825 817 2870 non
828 2811 866 2870 ad
882 2825 998 2870 sensnm
1014 2825 1227 2886 quemeumque

152 2908 289 2982 munet,
311 2905 364 2967 sod
382 2907 421 2965 ad
442 2921 511 2965 eom
530 2909 582 2982 qai
602 2910 736 2967 internus
756 2907 864 2967 dietim
883 2914 912 2967 et
931 2911 1018 2967 euius
1035 2910 1161 2983 partiam
1182 2914 1227 2968 est

152 3000 260 3061 bonam
279 3004 327 3062 rei
347 3003 562 3063 inuummodem
581 3008 713 3080 eorporis
726 3005 818 3064 nostri
838 3004 1057 3080 dispositionem
1072 3008 1224 3081 attingere.

151 3097 263 3158 Deinde
280 3101 311 3159 id
331 3103 427 3176 ipsum
441 3117 493 3176 per
511 3103 726 3177 pereeptionem
740 3102 869 3177 utiquam
890 3103 1029 3178 expiieari
1049 3103 1156 3176 debet,
1181 3103 1228 3159 eui

151 3194 305 3256 detestatio
328 3197 472 3273 quaedam
497 3198 543 3257 vei
568 3201 717 3258 contraris
740 3201 832 3258 motio
856 3202 886 3257 in
912 3200 1012 3259 sensili
1035 3201 1164 3275 oppetita
1183 3213 1226 3257 re-

152 3293 303 3367 spondeat.

213 3399 262 3450 itii.
285 3392 367 3465 Quae
382 3409 451 3454 eam
468 3397 510 3454 ita
528 3397 603 3470 sini,
620 3395 769 3455 euidenter
786 3396 925 3455 infertur:
945 3396 1078 3456 sensibus
1099 3396 1226 3455 externis

151 3485 265 3547 obieeta
278 3491 355 3567 ipsa,
371 3492 533 3566 questoris
551 3498 641 3567 sunt,
654 3492 764 3552 directe
782 3498 811 3551 ei
824 3491 991 3551 immediate
1009 3495 1126 3569 attingi,
1142 3497 1228 3569 prout

149 3585 343 3646 exterioribus
371 3589 548 3664 quibusdem
572 3589 763 3665 qualitatibus
786 3589 965 3649 aiileiuntur.
988 3589 1025 3648 Et
1053 3607 1084 3648 re
1111 3590 1228 3665 quidem

148 3696 236 3759 vera,
256 3685 282 3741 si
310 3685 444 3745 sensibus
462 3689 592 3745 internae
613 3688 704 3746 animi
720 3685 963 3761 modificationes,
985 3702 1060 3762 quae
1082 3686 1227 3746 obiectum

68 3805 75 3814 ·
147 3785 221 3837 suat
239 3783 450 3859 eonsetenttao,
468 3798 528 3841 noo
550 3785 754 3859 attinguntur,
781 3799 836 3842 nee
863 3785 1005 3859 imagines
1030 3785 1144 3860 aiiqoue
1176 3789 1228 3844 aut

147 3879 305 3951 organicae
321 3880 541 3954 impressiones,
557 3895 634 3956 quae
646 3879 685 3938 ais
700 3880 820 3939 obieetis
840 3883 871 3938 iu
885 3896 938 3940 nos
953 3883 1143 3956 proventuum
1161 3881 1227 3938 reii·
1289 3919 1295 3925 -

146 3967 240 4047 quam
252 3973 382 4048 protecto
396 3982 441 4034 est
461 3981 495 4034 ut
509 3976 555 4035 vei
570 3979 634 4052 ipss
646 3984 768 4037 externa
779 3977 891 4037 obieeta
908 3977 1015 4038 directe
1029 3979 1226 4052 percipiantur
