2892 4425
214 317 266 375 'to
696 329 829 374 coarcte

287 442 353 516 Quo
363 447 450 518 pacto
460 441 610 500 idealtetao
622 438 716 500 rciclll
724 441 850 516 poesim,
861 441 1047 500 veracitatem
1059 455 1197 500 moenum
1208 442 1306 518 quoad

227 538 328 599 mundi
348 540 479 614 corporet
495 539 685 597 exintentim
706 539 930 614 impugnantes,
953 539 982 596 in
1004 537 1187 615 Goemologia
1208 539 1307 598 viden·

225 638 297 698 dum
320 640 392 713 erit3
410 639 441 696 in
462 638 607 720 praeacuti
624 637 808 696 considerare
826 635 956 696 sufficiat
979 653 1036 696 non
1060 653 1145 713 ponae
1167 641 1306 698 veracita-

226 743 284 796 tem
304 737 384 795 illam
403 737 580 812 impugnari,
600 737 672 811 quin
690 737 754 810 puri
773 737 885 794 ratione
906 739 1049 796 veracitas
1070 736 1193 795 aliarum
1216 736 1307 796 iacul-

227 840 319 894 tatnm
340 833 528 910 periclitetur.
554 833 618 892 lloc
640 848 710 892 vero
732 835 758 892 ai
781 833 885 909 lieret,
909 836 969 892 lam
995 833 1083 894 homo
1111 851 1168 894 oon
1194 843 1229 893 ut
1252 851 1305 894 ens

226 933 360 992 uotmcto
379 931 434 991 tad
454 937 489 990 nt
509 923 564 990 one
586 937 803 990 memoriosum
825 936 855 990 ct
875 939 1091 1008 praeposterum
1113 939 1307 1009 spectaretur,

107 1089 113 1099 ,
225 1029 262 1088 de
278 1044 342 1104 *quo
361 1045 415 1088 nec
436 1043 491 1088 noo
510 1045 565 1088 nec
586 1028 748 1088 adversarii
770 1029 850 1104 loqui
875 1037 927 1088 aut
951 1029 1113 1106 disceptare
1134 1046 1304 1106 possemus,

227 1143 295 1186 nam
315 1127 459 1204 loquendo
474 1133 505 1186 et
523 1127 713 1203 maeepmndo
735 1117 912 1186 illleremnr.

178 1299 184 1314 ‘
286 1226 385 1304 Atque
403 1226 436 1287 id
452 1226 546 1286 molto
564 1228 659 1303 magis
678 1225 834 1286 dicendum
854 1233 947 1302 esset,
971 1230 996 1287 si
1016 1231 1111 1303 prima
1132 1227 1305 1305 hypothecis

226 1324 385 1401 caligatur,
409 1339 515 1400 nempe
537 1324 617 1398 qnod
641 1340 724 1382 mene
747 1327 809 1400 ipea
834 1327 1013 1384 interrorem
1034 1326 1147 1385 tendat.
1169 1326 1204 1386 ld
1226 1330 1305 1386 enlm

226 1423 299 1499 tingi
311 1425 499 1499 nequitiulot
517 1422 691 1482 universalia
704 1423 851 1482 tendentia
868 1423 907 1482 cd
924 1439 1052 1482 errorem
1073 1427 1104 1482 io
1120 1425 1239 1484 homine
1256 1425 1306 1484 od·

124 1525 128 1534 '
226 1525 373 1597 amantum
397 1520 633 1598 qnandoquidem
658 1534 740 1580 mens
764 1521 888 1581 facultas
912 1523 1087 1582 universalis
1108 1524 1304 1599 cognoscendi

216 1619 290 1695 est,
316 1637 384 1679 cum
409 1622 509 1679 omnia
535 1619 644 1679 iudicia
666 1620 835 1680 immediata
862 1621 1012 1698 proterat,
1036 1619 1065 1680 ei
1088 1625 1305 1681 ratiocinationi

224 1721 369 1795 principio
383 1725 414 1778 et
431 1718 624 1778 fundamenta
638 1721 795 1778 ministret.
818 1721 915 1792 Quare
931 1722 993 1779 eins
1008 1719 1045 1779 ed
1060 1720 1166 1778 talentu
1185 1721 1305 1778 inclina·

225 1810 305 1876 tione
318 1817 480 1893 adiuncta,
499 1818 573 1876 nihil
587 1834 706 1894 prorsus
723 1821 861 1877 scientiae
879 1825 1051 1894 superesset,
1070 1825 1158 1892 etque
1172 1816 1304 1878 homines

225 1931 284 1973 non
305 1914 392 1974 modo
409 1915 504 1976 brutia
522 1917 573 1975 ecd
591 1919 663 1992 iptio
679 1916 828 1992 stipitibus
851 1916 1002 1974 inferiores
1022 1915 1215 1976 efficerentur.

572 2118 732 2177 Solvuntur
748 2116 949 2190 difficultates.

285 2315 338 2370 rt.
357 2309 439 2369 Licet
452 2309 661 2371 difficultatum
673 2311 783 2371 cointio
796 2314 826 2370 ln
842 2310 897 2370 hac
910 2312 1034 2371 materia
1046 2326 1222 2387 magnopere
1238 2326 1304 2387 pen·

225 2405 295 2467 dett
313 2424 351 2468 ex
370 2409 553 2471 distinctiora
571 2413 675 2469 notltm
693 2410 865 2470 facultatum
884 2413 976 2470 animi
998 2411 1087 2487 (qnae
1110 2426 1155 2469 res
1177 2411 1209 2468 ln
1230 2410 1303 2487 Psy·

225 2503 360 2583 chologia
383 2506 594 2583 tractabitur->3
619 2509 810 2569 nihilominus
839 2523 892 2585 pro
911 2490 1046 2569 'tironum
1069 2511 1208 2569 exercitio
1230 2524 1303 2567 uon-

227 2604 324 2663 onllae
340 2605 517 2664 obiectioues
534 2606 583 2663 hic
599 2614 732 2683 tangam,
748 2624 823 2683 quae
843 2607 929 2667 iacile
947 2624 1117 2681 responsum
1133 2608 1311 2673 admittunt..

286 2701 429 2762 Obllcltor
445 2718 516 2779 ergo
537 2705 682 2777 primum:
708 2704 791 2761 Mene
811 2703 941 2761 hnmana
962 2704 1103 2761 limitibus
1123 2706 1306 2763 circumscri-

111 2780 114 2786 ’
225 2800 315 2859 bitur.
332 2802 408 2858 illuc
426 2808 530 2876 suapte
545 2808 651 2860 uatum
669 2801 800 2859 lollilrllis
818 2806 864 2857 est
882 2808 968 2875 atque
982 2800 1187 2857 imbecillitatis
1204 2801 1301 2875 plena.

226 2898 303 2974 litgo
316 2902 345 2955 in
365 2898 480 2956 iudiciis
500 2896 776 2957 omnibue'ierendis
792 2897 885 2973 decipi
900 2904 1006 2972 potest.
1028 2896 1136 2955 Saltem
1156 2901 1187 2955 io
1201 2902 1304 2973 siugu-

226 2990 263 3053 lle
274 2995 392 3054 casium
410 3010 564 3072 mamus
577 2994 712 3054 dubitare
730 3002 828 3055 utrum
844 3002 915 3055 tunc
929 2996 1057 3071 praecise
1071 3012 1152 3054 mens
1172 2994 1302 3055 falletur.

288 3093 458 3168 lteepondeo
470 3108 571 3152 revera
584 3109 648 3153 esee
661 3094 868 3154 imbecillitatis
890 3094 1004 3170 plenam
1022 3094 1164 3157 obiectam
1177 3092 1303 3152 dilllcul·

225 3196 327 3252 tdtcm.
354 3193 415 3252 Etcl
436 3195 515 3251 enlm
541 3193 683 3254 limitibus
706 3194 827 3254 delinito
850 3198 889 3253 eit
911 3211 993 3253 mens
1020 3193 1175 3268 hominis,
1202 3200 1302 3251 tamen

225 3291 433 3368 intelligentiae
447 3291 646 3351 conditionem
664 3292 769 3367 habet,
791 3301 825 3353 nt
843 3297 903 3369 ipse
922 3294 1030 3353 letetur
1051 3291 1304 3352 adversarius..At

225 3391 346 3466 quinam
367 3391 574 3467 intelligentiae
594 3400 703 3452 natura
721 3396 902 3469 persisteret,
923 3396 948 3451 si
972 3408 1085 3468 semper
1110 3392 1300 3467 deciperetur,

178 3523 183 3537 .
225 3489 305 3565 qood
317 3496 396 3549 certe
409 3494 491 3566 petae
503 3496 549 3551 oct
561 3508 650 3569 qoam
663 3494 689 3553 ei
703 3492 776 3551 nihil
791 3508 919 3569 unquam
933 3491 1132 3568 intelligeret?
1146 3492 1190 3550 Ex
1204 3506 1238 3549 eo
1252 3492 1305 3565 igi·

224 3594 286 3665 tar,
301 3590 380 3665 qnod
392 3589 477 3650 linita
492 3606 576 3650 mens
591 3592 642 3667 sit,
658 3608 717 3651 nou
735 3593 868 3666 coquitur
883 3608 947 3651 eam
961 3607 1075 3666 semper
1093 3606 1190 3649 errare
1203 3604 1303 3665 posse3

101 3700 107 3711 ’
225 3686 278 3746 sed
294 3692 425 3765 saquimr
447 3695 563 3748 tantum
583 3706 647 3748 eam
667 3706 727 3750 non
748 3690 902 3749 adomnia
924 3691 1148 3766 eaprotenderc
1168 3704 1201 3746 ac
1221 3686 1303 3743 dece·
1407 3718 1409 3722 ι

223 3787 316 3861 ptloui
336 3802 399 3847 esec
421 3786 577 3848 obnoxiam
601 3791 631 3847 in
653 3788 774 3848 obiectis
795 3806 854 3877 non
878 3790 1066 3848 immediatae
1088 3787 1139 3846 sed
1164 3784 1304 3842 mediatae

224 3886 401 3964 evidentiae,
417 3894 561 3963 quatenoc
576 3890 648 3964 ipsis
662 3891 838 3947 assentiatur
852 3892 922 3964 quin
939 3888 1067 3964 legitima
1083 3884 1305 3945 ratiocinatione

225 3984 474 4049 demonstrentur.
489 3988 588 4062 Quare
603 3989 771 4049 adversario
786 3989 827 4045 sic
841 3986 990 4047 dialectice
1008 3982 1202 4059 respondebisr
1221 3981 1305 4039 ltlens
