2892 4425
436 393 513 436 Pffl
534 392 654 435 mm
674 405 686 420 ·
709 390 925 438 rttcaotoeit
1158 384 1214 436 ²17

141 505 338 580 positionem,
360 501 514 561 accedente
538 501 726 576 impressione
750 513 825 575 qnae
848 498 887 556 ob
910 499 1129 558 circumstantia
1153 513 1214 559 cor

142 615 213 678 pora
224 599 368 671 oboritur,
378 599 512 658 ordinata
523 597 651 673 quadum
664 598 849 656 successione
861 598 991 672 corporei
1004 603 1100 656 motus
1114 611 1216 656 omnes

141 701 350 774 gignerentur,
369 704 401 756 at
424 711 494 755 uero
513 697 574 770 ita,
594 702 629 754 ut
656 696 747 754 animi
768 693 968 754 voluntatibus
993 693 1038 753 vei
1059 697 1216 770 perceptio

37 830 43 841 ·
141 795 228 855 nibus
249 796 369 853 omnino
386 795 594 854 consentirent.
621 791 712 852 Cuius
733 793 774 851 rei
797 807 832 851 ea
861 796 906 851 eat
926 795 1022 866 ratio,
1048 794 1117 868 quia
1136 791 1216 853 Deua

143 889 333 968 praescteutia
345 907 400 950 soa
420 891 503 950 iiiam
517 893 650 952 animum
666 889 755 966 ioque
773 905 879 965 corpus
898 891 1026 949 inuicem
1045 889 1214 965 oopnierit,

140 1005 217 1066 qnae
241 988 407 1048 huiuamodi
427 987 623 1064 'congruentes
651 989 784 1046 actiones·
807 992 905 1046 cenent
926 985 1073 1046 habitura.
1097 986 1133 1046 in
1159 985 1216 1046 hoc

111 1113 125 1140 ι
141 1090 231 1163 igitur
249 1088 401 1162 utriusque
418 1087 621 1162 operationum
641 1100 786 1144 consenso
807 1085 898 1144 animi
912 1089 941 1142 et
953 1085 1084 1159 corporis
1104 1085 1216 1143 iuncto

140 1189 302 1262 reponitur.
1066 1195 1068 1202 “

200 1282 257 1342 111.
277 1281 409 1342 Tertium
426 1287 567 1359 systema,
580 1279 660 1357 qnod
673 1282 762 1339 οιιιιιιι
777 1276 965 1340 consutam
981 1271 1100 1353 dicitnr,
1114 1292 1216 1353 corpo·

141 1382 183 1440 ria
201 1381 350 1455 animique
370 1394 479 1438 narum
497 1395 549 1454 per
570 1383 703 1437 mutuam
725 1378 878 1452 utriusque
903 1377 1048 1436 actionem
1071 1374 1213 1452 expiioat,

141 1477 179 1539 ab
198 1492 290 1554 eaque
308 1479 451 1537 rationem
470 1477 598 1536 desumit
616 1491 672 1536 our
696 1473 890 1534 existeothns
915 1473 1090 1550 quibusdam
1113 1475 1215 1534 motio-

141 1575 227 1635 uiims
239 1578 272 1634 io
287 1590 427 1651 corpore,
442 1572 650 1649 respondentes
668 1574 699 1632 iu
716 1575 815 1632 animo
829 1575 992 1632 excitentur
1006 1575 1213 1649 perceptiones.

141 1671 273 1748 Itemque
286 1687 323 1731 ex
340 1677 443 1731 mutuo
465 1671 521 1731 irae
539 1670 654 1730 influxu
668 1685 816 1748 emergere
829 1672 966 1746 opinatur
988 1676 1022 1730 ut
1040 1669 1216 1746 quibusdam

141 1770 275 1828 excitatio
295 1771 326 1826 in
347 1770 446 1827 animo
463 1767 776 1835 voiuntatibnsmotus
794 1769 952 1844 gignantur
965 1769 995 1828 in
1015 1783 1135 1844 corpore
1147 1783 1215 1828 con·

142 1872 288 1944 gramme
309 1865 406 1924 flotus
425 1868 595 1943 systematis
617 1873 719 1926 auctor
738 1865 861 1925 Eoiarus
882 1865 1025 1942 habetur,
1046 1866 1152 1926 acriter
1171 1873 1215 1925 ta·

142 1980 208 2024 meo
227 1979 245 2024 a
267 1963 424 2023 Loakianis
443 1961 561 2022 deterrui
574 1954 666 2022 'sciet

200 2061 307 2121 Ειιιιιω
323 2077 393 2120 vero
407 2063 497 2120 trium
514 2058 652 2121 fusiorem
670 2059 903 2136 sapienationem
923 2061 973 2135 qui
992 2059 1148 2136 natuerat,
1160 2059 1215 2118 Ge·

143 2175 281 2221 anensem
299 2158 385 2220 adeat
403 2163 426 2218 ¹.

300 2365 454 2434 Descripta
471 2365 631 2434 mammete
652 2362 694 2417 ad
715 2364 859 2417 trutinum
875 2362 1057 2415 revocaretur.
1120 2440 1122 2443 Ι

203 2551 312 2613 Verum
333 2558 367 2610 ut
390 2551 501 2627 iiquido
523 2550 634 2625 fatear,
659 2550 765 2609 horum
785 2545 897 2609 oui'iom
921 2548 1036 2607 veritati
1056 2559 1216 2605 consonum

142 2650 201 2710 diei
219 2655 323 2727 potest.
347 2649 445 2725 Atque
469 2649 507 2709 ad
528 2652 655 2725 primum
680 2648 760 2726 qnod
775 2648 918 2723 pertinet,
939 2645 969 2705 id
995 2645 1040 2704 vei
1057 2644 1113 2703 hac
1132 2646 1216 2704 unica

144 2750 256 2808 raucae
273 2750 421 2824 reiicitar,
440 2748 521 2829 quoti
540 2764 642 2807 veram
660 2754 690 2806 et
712 2746 867 2823 physicam
888 2746 1026 2804 unionem
1037 2745 1128 2803 animi
1149 2758 1216 2803 eum

143 2862 263 2922 corpore
281 2862 401 2922 prorsus
424 2847 538 2922 eripiat.
562 2846 698 2921 Etenim,
720 2852 754 2921 nt
775 2846 838 2903 iure
860 2858 961 2901 omnes
984 2840 1140 2901 observent
1153 2840 1218 2916 phi·

142 2941 257 3018 ioaophi
276 2946 328 3020 qni
348 2945 380 3001 in
401 2943 613 3003 Maiebranohii
633 2941 723 3003 verm
751 2944 847 3001 iurare
868 2940 985 3017 uniunt,
1007 2940 1088 2999 nulia
1108 2941 1218 2999 iunctio

144 3040 230 3100 reaiis
249 3042 288 3101 ad
304 3041 498 3102 sommutiam
520 3057 610 3102 unam
635 3040 867 3116 componendam
886 3040 989 3099 idonea
1007 3038 1109 3098 haberi
1123 3044 1217 3114 potest

143 3152 180 3195 aa
196 3154 243 3211 eo,
257 3138 336 3214 quod
356 3154 375 3199 a
388 3138 567 3198 motionibus
586 3134 674 3199 nnius
689 3142 730 3198 rei
752 3140 789 3199 ad
808 3141 950 3199 rectiones
970 3140 1000 3196 in
1015 3136 1074 3196 aiia
1089 3138 1219 3195 excitan-

143 3235 196 3295 das
221 3240 338 3296 occasio
356 3243 501 3297 sumetur.
525 3237 573 3297 Ao
594 3254 665 3296 vero
690 3241 717 3297 si
741 3237 815 3297 duae
837 3237 989 3298 machinae
1009 3236 1047 3295 ab
1068 3236 1221 3295 assistente

143 3332 254 3393 artifice
273 3336 315 3395 ita
337 3338 495 3412 agitentur,
511 3342 545 3394 ut
562 3336 715 3395 ambarum
736 3342 815 3395 rotae
831 3334 918 3395 simui
938 3341 967 3393 et
989 3350 1056 3393 cum
1073 3348 1219 3392 consensu

55 3485 58 3492 .
143 3430 291 3511 ferantur,
314 3450 365 3492 eae
387 3434 508 3510 physice
532 3436 671 3510 coniungi
696 3436 771 3493 inter
796 3449 827 3493 se
847 3438 934 3509 atque
960 3432 998 3491 ad
1024 3432 1219 3493 substantiam

143 3545 232 3589 noem
250 3530 436 3590 conflandam
457 3534 614 3589 convenire
637 3530 799 3591 dicunmr?

201 3627 343 3685 Animum
356 3642 424 3685 eum
442 3642 562 3701 corpore
580 3628 702 3705 physice
720 3630 814 3703 iungi,
836 3634 923 3706 atque
947 3631 987 3689 ita
1002 3636 1036 3690 ιιι
1059 3630 1127 3691 inde
1152 3645 1220 3689 vera
1342 3660 1345 3666 ·

142 3738 219 3796 una,
240 3723 309 3786 iicet
331 3726 504 3799 composita,
523 3724 688 3785 efflorescat
708 3726 891 3803 substantia,
914 3744 999 3787 nemo
1017 3734 1062 3789 est
1085 3731 1137 3805 qui
1160 3743 1221 3787 am·

143 3819 236 3897 bigat.
253 3818 353 3895 Neque
366 3819 396 3878 id
410 3819 510 3879 annuit
525 3821 653 3897 quodam
668 3826 821 3885 ratiocinio
835 3826 995 3886 eruendum
1009 3834 1064 3901 est,
1084 3825 1136 3885 sed
1157 3828 1220 3899 ipso

84 4036 90 4042 ·
201 4040 212 4081 ι
230 4032 346 4097 Metapa.
359 4034 422 4095 pari.
439 4038 463 4094 a,
479 4044 502 4082 a.
519 4040 542 4082 a.
