<?xml version="1.0" encoding="UTF-8"?>
<!DOCTYPE html PUBLIC "-//W3C//DTD XHTML 1.0 Transitional//EN"
    "http://www.w3.org/TR/xhtml1/DTD/xhtml1-transitional.dtd">
<html xmlns="http://www.w3.org/1999/xhtml" xml:lang="en" lang="en">
 <head>
  <title>
</title>
<meta http-equiv="Content-Type" content="text/html;charset=utf-8" />
  <meta name='ocr-system' content='tesseract 3.04.00' />
  <meta name='ocr-capabilities' content='ocr_page ocr_carea ocr_par ocr_line ocrx_word'/>
</head>
<body>
  <div class='ocr_page' id='page_1' title='image "./institutionesph01libegoog_0400.png"; bbox 0 0 2892 4425; ppageno 0'>
   <div class='ocr_carea' id='block_1_1' title="bbox 214 377 961 430">
    <p class='ocr_par' dir='ltr' id='par_1_1' title="bbox 214 377 961 430">
     <span class='ocr_line' id='line_1_1' title="bbox 214 377 961 430; baseline -0.007 0"><span class='ocrx_word' id='word_1_1' title='bbox 214 377 271 430; x_wconf 75' lang='lat' dir='ltr'><em>m</em></span> <span class='ocrx_word' id='word_1_2' title='bbox 540 382 780 425; x_wconf 67' lang='lat' dir='ltr'><strong>memmae!</strong></span> <span class='ocrx_word' id='word_1_3' title='bbox 801 382 961 427; x_wconf 73' lang='lat' dir='ltr'><strong>erectius</strong></span> 
     </span>
    </p>
   </div>
   <div class='ocr_carea' id='block_1_2' title="bbox 209 488 1307 957">
    <p class='ocr_par' dir='ltr' id='par_1_2' title="bbox 209 488 1307 845">
     <span class='ocr_line' id='line_1_2' title="bbox 210 488 1307 567; baseline 0 -13"><span class='ocrx_word' id='word_1_4' title='bbox 210 500 335 554; x_wconf 85' lang='lat' dir='ltr'><strong>naturae</strong></span> <span class='ocrx_word' id='word_1_5' title='bbox 358 492 581 550; x_wconf 83' lang='lat' dir='ltr'><strong>conuenientem</strong></span> <span class='ocrx_word' id='word_1_6' title='bbox 606 488 726 565; x_wconf 79' lang='lat' dir='ltr'><strong>perduci</strong></span> <span class='ocrx_word' id='word_1_7' title='bbox 756 493 786 549; x_wconf 90' lang='lat' dir='ltr'><strong>in</strong></span> <span class='ocrx_word' id='word_1_8' title='bbox 814 506 906 567; x_wconf 84' lang='lat' dir='ltr'><strong>caque</strong></span> <span class='ocrx_word' id='word_1_9' title='bbox 933 493 1102 550; x_wconf 82' lang='lat' dir='ltr'><strong>conservari</strong></span> <span class='ocrx_word' id='word_1_10' title='bbox 1130 494 1307 567; x_wconf 77' lang='lat' dir='ltr'><strong>postulent·</strong></span> 
     </span>
     <span class='ocr_line' id='line_1_3' title="bbox 210 586 1293 667; baseline 0.001 -19"><span class='ocrx_word' id='word_1_11' title='bbox 210 591 309 666; x_wconf 82' lang='lat' dir='ltr'><strong>Quare</strong></span> <span class='ocrx_word' id='word_1_12' title='bbox 328 586 472 649; x_wconf 87' lang='lat' dir='ltr'><strong>eiusmodi</strong></span> <span class='ocrx_word' id='word_1_13' title='bbox 492 591 702 648; x_wconf 84' lang='lat' dir='ltr'><strong>inerementrrm</strong></span> <span class='ocrx_word' id='word_1_14' title='bbox 722 590 753 647; x_wconf 96' lang='lat' dir='ltr'><strong>in</strong></span> <span class='ocrx_word' id='word_1_15' title='bbox 775 590 845 664; x_wconf 83' lang='lat' dir='ltr'><strong>ipsis</strong></span> <span class='ocrx_word' id='word_1_16' title='bbox 866 604 924 649; x_wconf 91' lang='lat' dir='ltr'><strong>non</strong></span> <span class='ocrx_word' id='word_1_17' title='bbox 947 593 994 647; x_wconf 85' lang='lat' dir='ltr'><strong>est</strong></span> <span class='ocrx_word' id='word_1_18' title='bbox 1014 586 1073 647; x_wconf 80' lang='lat' dir='ltr'><strong>dne</strong></span> <span class='ocrx_word' id='word_1_19' title='bbox 1095 586 1293 667; x_wconf 77' lang='lat' dir='ltr'><strong>destitutum,</strong></span> 
     </span>
     <span class='ocr_line' id='line_1_4' title="bbox 209 684 1295 763; baseline -0.002 -14"><span class='ocrx_word' id='word_1_20' title='bbox 209 694 246 749; x_wconf 86' lang='lat' dir='ltr'><strong>ut</strong></span> <span class='ocrx_word' id='word_1_21' title='bbox 263 690 296 746; x_wconf 93' lang='lat' dir='ltr'><strong>in</strong></span> <span class='ocrx_word' id='word_1_22' title='bbox 317 687 440 747; x_wconf 80' lang='lat' dir='ltr'><strong>materia</strong></span> <span class='ocrx_word' id='word_1_23' title='bbox 461 685 564 762; x_wconf 80' lang='lat' dir='ltr'><strong>bruta3</strong></span> <span class='ocrx_word' id='word_1_24' title='bbox 585 684 637 745; x_wconf 88' lang='lat' dir='ltr'><strong>sed</strong></span> <span class='ocrx_word' id='word_1_25' title='bbox 659 686 795 745; x_wconf 88' lang='lat' dir='ltr'><strong>terminis</strong></span> <span class='ocrx_word' id='word_1_26' title='bbox 814 684 1011 763; x_wconf 84' lang='lat' dir='ltr'><strong>qulbusdem,</strong></span> <span class='ocrx_word' id='word_1_27' title='bbox 1031 700 1085 761; x_wconf 93' lang='lat' dir='ltr'><strong>pro</strong></span> <span class='ocrx_word' id='word_1_28' title='bbox 1109 686 1295 763; x_wconf 82' lang='lat' dir='ltr'><strong>singulorum</strong></span> 
     </span>
     <span class='ocr_line' id='line_1_5' title="bbox 211 784 739 845; baseline -0.009 1"><span class='ocrx_word' id='word_1_29' title='bbox 211 787 374 845; x_wconf 72' lang='lat' dir='ltr'><strong>mumdum</strong></span> <span class='ocrx_word' id='word_1_30' title='bbox 394 784 564 843; x_wconf 84' lang='lat' dir='ltr'><strong>diversitate</strong></span> <span class='ocrx_word' id='word_1_31' title='bbox 580 786 739 842; x_wconf 71' lang='lat' dir='ltr'><strong>coercetur.</strong></span> 
     </span>
    </p>

    <p class='ocr_par' dir='ltr' id='par_1_3' title="bbox 271 878 1294 957">
     <span class='ocr_line' id='line_1_6' title="bbox 271 878 1294 957; baseline 0 -17"><span class='ocrx_word' id='word_1_32' title='bbox 271 889 321 941; x_wconf 75' lang='grc'><strong>64.</strong></span> <span class='ocrx_word' id='word_1_33' title='bbox 342 880 383 940; x_wconf 78' lang='lat' dir='ltr'><strong>et</strong></span> <span class='ocrx_word' id='word_1_34' title='bbox 394 895 517 956; x_wconf 88' lang='lat' dir='ltr'><strong>corpora</strong></span> <span class='ocrx_word' id='word_1_35' title='bbox 536 882 702 957; x_wconf 81' lang='lat' dir='ltr'><strong>vegetativa</strong></span> <span class='ocrx_word' id='word_1_36' title='bbox 720 895 789 940; x_wconf 90' lang='lat' dir='ltr'><strong>cum</strong></span> <span class='ocrx_word' id='word_1_37' title='bbox 810 882 870 939; x_wconf 86' lang='lat' dir='ltr'><strong>sint</strong></span> <span class='ocrx_word' id='word_1_38' title='bbox 890 880 1069 957; x_wconf 89' lang='lat' dir='ltr'><strong>corruptioni</strong></span> <span class='ocrx_word' id='word_1_39' title='bbox 1088 878 1227 956; x_wconf 84' lang='lat' dir='ltr'><strong>obnoxia,</strong></span> <span class='ocrx_word' id='word_1_40' title='bbox 1246 896 1294 940; x_wconf 88' lang='lat' dir='ltr'><strong>se·</strong></span> 
     </span>
    </p>
   </div>
   <div class='ocr_carea' id='block_1_3' title="bbox 96 977 1295 1057">
    <p class='ocr_par' dir='ltr' id='par_1_4' title="bbox 96 977 1295 1057">
     <span class='ocr_line' id='line_1_7' title="bbox 96 977 1295 1057; baseline 0.003 -22"><span class='ocrx_word' id='word_1_41' title='bbox 96 1022 101 1029; x_wconf 87' lang='lat'>.</span> <span class='ocrx_word' id='word_1_42' title='bbox 210 995 269 1057; x_wconf 85' lang='lat' dir='ltr'><strong>qne</strong></span> <span class='ocrx_word' id='word_1_43' title='bbox 289 984 427 1055; x_wconf 84' lang='lat' dir='ltr'><strong>perpetuo</strong></span> <span class='ocrx_word' id='word_1_44' title='bbox 445 992 623 1037; x_wconf 81' lang='lat' dir='ltr'><strong>conseruare</strong></span> <span class='ocrx_word' id='word_1_45' title='bbox 646 981 815 1054; x_wconf 88' lang='lat' dir='ltr'><strong>nequeant;</strong></span> <span class='ocrx_word' id='word_1_46' title='bbox 839 978 899 1036; x_wconf 83' lang='lat' dir='ltr'><strong>rim</strong></span> <span class='ocrx_word' id='word_1_47' title='bbox 923 977 1072 1054; x_wconf 88' lang='lat' dir='ltr'><strong>possident</strong></span> <span class='ocrx_word' id='word_1_48' title='bbox 1098 978 1295 1055; x_wconf 78' lang='lat' dir='ltr'><strong>progignendi</strong></span> 
     </span>
    </p>
   </div>
   <div class='ocr_carea' id='block_1_4' title="bbox 211 1074 1297 3873">
    <p class='ocr_par' dir='ltr' id='par_1_5' title="bbox 211 1074 1297 1835">
     <span class='ocr_line' id='line_1_8' title="bbox 211 1074 1293 1150; baseline -0.002 -14"><span class='ocrx_word' id='word_1_49' title='bbox 211 1076 271 1137; x_wconf 84' lang='lat' dir='ltr'><strong>aiio</strong></span> <span class='ocrx_word' id='word_1_50' title='bbox 288 1076 441 1135; x_wconf 85' lang='lat' dir='ltr'><strong>individua</strong></span> <span class='ocrx_word' id='word_1_51' title='bbox 457 1075 617 1134; x_wconf 85' lang='lat' dir='ltr'><strong>consimilis</strong></span> <span class='ocrx_word' id='word_1_52' title='bbox 637 1079 760 1133; x_wconf 89' lang='lat' dir='ltr'><strong>naturae</strong></span> <span class='ocrx_word' id='word_1_53' title='bbox 784 1074 822 1134; x_wconf 85' lang='lat' dir='ltr'><strong>ud</strong></span> <span class='ocrx_word' id='word_1_54' title='bbox 844 1076 970 1150; x_wconf 90' lang='lat' dir='ltr'><strong>speciem</strong></span> <span class='ocrx_word' id='word_1_55' title='bbox 991 1074 1095 1133; x_wconf 87' lang='lat' dir='ltr'><strong>saitem</strong></span> <span class='ocrx_word' id='word_1_56' title='bbox 1114 1090 1293 1134; x_wconf 87' lang='lat' dir='ltr'><strong>conservan-</strong></span> 
     </span>
     <span class='ocr_line' id='line_1_9' title="bbox 211 1171 1292 1257; baseline -0.002 -24"><span class='ocrx_word' id='word_1_57' title='bbox 211 1172 292 1257; x_wconf 88' lang='lat' dir='ltr'><strong>dam.</strong></span> <span class='ocrx_word' id='word_1_58' title='bbox 314 1174 394 1233; x_wconf 83' lang='lat' dir='ltr'><strong>Haec</strong></span> <span class='ocrx_word' id='word_1_59' title='bbox 416 1174 461 1233; x_wconf 86' lang='lat' dir='ltr'><strong>vis</strong></span> <span class='ocrx_word' id='word_1_60' title='bbox 479 1171 683 1248; x_wconf 86' lang='lat' dir='ltr'><strong>reprodnctiva</strong></span> <span class='ocrx_word' id='word_1_61' title='bbox 697 1188 750 1231; x_wconf 85' lang='lat' dir='ltr'><strong>eeu</strong></span> <span class='ocrx_word' id='word_1_62' title='bbox 769 1174 940 1249; x_wconf 77' lang='lat' dir='ltr'><strong>generativa</strong></span> <span class='ocrx_word' id='word_1_63' title='bbox 960 1174 1139 1247; x_wconf 85' lang='lat' dir='ltr'><strong>nominatur,</strong></span> <span class='ocrx_word' id='word_1_64' title='bbox 1155 1186 1213 1248; x_wconf 86' lang='lat' dir='ltr'><strong>qua</strong></span> <span class='ocrx_word' id='word_1_65' title='bbox 1226 1188 1292 1233; x_wconf 90' lang='lat' dir='ltr'><strong>cor·</strong></span> 
     </span>
     <span class='ocr_line' id='line_1_10' title="bbox 212 1268 1295 1348; baseline -0.005 -16"><span class='ocrx_word' id='word_1_66' title='bbox 212 1288 285 1348; x_wconf 88' lang='lat' dir='ltr'><strong>pora</strong></span> <span class='ocrx_word' id='word_1_67' title='bbox 307 1273 439 1331; x_wconf 80' lang='lat' dir='ltr'><strong>uirentia</strong></span> <span class='ocrx_word' id='word_1_68' title='bbox 454 1286 492 1329; x_wconf 79' lang='lat' dir='ltr'><strong>ex</strong></span> <span class='ocrx_word' id='word_1_69' title='bbox 509 1286 564 1329; x_wconf 89' lang='lat' dir='ltr'><strong>sun</strong></span> <span class='ocrx_word' id='word_1_70' title='bbox 582 1269 746 1329; x_wconf 63' lang='lat' dir='ltr'><strong>sumentia</strong></span> <span class='ocrx_word' id='word_1_71' title='bbox 765 1268 876 1346; x_wconf 86' lang='lat' dir='ltr'><strong>aliquid</strong></span> <span class='ocrx_word' id='word_1_72' title='bbox 892 1268 1033 1345; x_wconf 80' lang='lat' dir='ltr'><strong>formant,</strong></span> <span class='ocrx_word' id='word_1_73' title='bbox 1054 1269 1134 1345; x_wconf 88' lang='lat' dir='ltr'><strong>quod</strong></span> <span class='ocrx_word' id='word_1_74' title='bbox 1157 1268 1295 1346; x_wconf 74' lang='lat' dir='ltr'><strong>deinceps</strong></span> 
     </span>
     <span class='ocr_line' id='line_1_11' title="bbox 211 1365 1292 1443; baseline 0 -16"><span class='ocrx_word' id='word_1_75' title='bbox 211 1370 243 1427; x_wconf 92' lang='lat' dir='ltr'><strong>in</strong></span> <span class='ocrx_word' id='word_1_76' title='bbox 260 1368 390 1429; x_wconf 85' lang='lat' dir='ltr'><strong>eiusdem</strong></span> <span class='ocrx_word' id='word_1_77' title='bbox 408 1368 515 1443; x_wconf 85' lang='lat' dir='ltr'><strong>speciei</strong></span> <span class='ocrx_word' id='word_1_78' title='bbox 532 1365 718 1425; x_wconf 84' lang='lat' dir='ltr'><strong>individuum</strong></span> <span class='ocrx_word' id='word_1_79' title='bbox 737 1366 902 1427; x_wconf 86' lang='lat' dir='ltr'><strong>evoivetur.</strong></span> <span class='ocrx_word' id='word_1_80' title='bbox 923 1365 971 1426; x_wconf 89' lang='lat' dir='ltr'><strong>Sic</strong></span> <span class='ocrx_word' id='word_1_81' title='bbox 992 1366 1094 1443; x_wconf 85' lang='lat' dir='ltr'><strong>planto</strong></span> <span class='ocrx_word' id='word_1_82' title='bbox 1116 1382 1215 1427; x_wconf 79' lang='lat' dir='ltr'><strong>semm</strong></span> <span class='ocrx_word' id='word_1_83' title='bbox 1230 1367 1292 1427; x_wconf 90' lang='lat' dir='ltr'><strong>ela·</strong></span> 
     </span>
     <span class='ocr_line' id='line_1_12' title="bbox 213 1463 1297 1543; baseline 0 -17"><span class='ocrx_word' id='word_1_84' title='bbox 213 1466 320 1543; x_wconf 82' lang='lat' dir='ltr'><strong>horat,</strong></span> <span class='ocrx_word' id='word_1_85' title='bbox 347 1464 427 1543; x_wconf 88' lang='lat' dir='ltr'><strong>qnod</strong></span> <span class='ocrx_word' id='word_1_86' title='bbox 454 1469 570 1523; x_wconf 87' lang='lat' dir='ltr'><strong>terreno</strong></span> <span class='ocrx_word' id='word_1_87' title='bbox 590 1463 696 1523; x_wconf 90' lang='lat' dir='ltr'><strong>idoneo</strong></span> <span class='ocrx_word' id='word_1_88' title='bbox 718 1465 907 1524; x_wconf 88' lang='lat' dir='ltr'><strong>commissum</strong></span> <span class='ocrx_word' id='word_1_89' title='bbox 928 1466 1050 1541; x_wconf 88' lang='lat' dir='ltr'><strong>eiusque</strong></span> <span class='ocrx_word' id='word_1_90' title='bbox 1071 1463 1243 1525; x_wconf 86' lang='lat' dir='ltr'><strong>humoribus</strong></span> <span class='ocrx_word' id='word_1_91' title='bbox 1264 1472 1297 1526; x_wconf 91' lang='lat' dir='ltr'><strong>et</strong></span> 
     </span>
     <span class='ocr_line' id='line_1_13' title="bbox 211 1560 1295 1637; baseline -0.002 -14"><span class='ocrx_word' id='word_1_92' title='bbox 211 1564 364 1624; x_wconf 78' lang='lat' dir='ltr'><strong>elementis</strong></span> <span class='ocrx_word' id='word_1_93' title='bbox 387 1562 482 1622; x_wconf 87' lang='lat' dir='ltr'><strong>eitum</strong></span> <span class='ocrx_word' id='word_1_94' title='bbox 494 1567 525 1622; x_wconf 89' lang='lat' dir='ltr'><strong>et</strong></span> <span class='ocrx_word' id='word_1_95' title='bbox 545 1562 643 1622; x_wconf 83' lang='lat' dir='ltr'><strong>calore</strong></span> <span class='ocrx_word' id='word_1_96' title='bbox 664 1562 736 1622; x_wconf 85' lang='lat' dir='ltr'><strong>sciis</strong></span> <span class='ocrx_word' id='word_1_97' title='bbox 759 1560 853 1621; x_wconf 89' lang='lat' dir='ltr'><strong>iotum</strong></span> <span class='ocrx_word' id='word_1_98' title='bbox 876 1564 906 1621; x_wconf 94' lang='lat' dir='ltr'><strong>in</strong></span> <span class='ocrx_word' id='word_1_99' title='bbox 931 1576 1039 1621; x_wconf 83' lang='lat' dir='ltr'><strong>novam</strong></span> <span class='ocrx_word' id='word_1_100' title='bbox 1059 1562 1190 1637; x_wconf 78' lang='lat' dir='ltr'><strong>plantem</strong></span> <span class='ocrx_word' id='word_1_101' title='bbox 1212 1562 1295 1621; x_wconf 74' lang='lat' dir='ltr'><strong>sirad-</strong></span> 
     </span>
     <span class='ocr_line' id='line_1_14' title="bbox 212 1658 1296 1738; baseline -0.001 -17"><span class='ocrx_word' id='word_1_102' title='bbox 212 1661 271 1721; x_wconf 91' lang='lat' dir='ltr'><strong>iem</strong></span> <span class='ocrx_word' id='word_1_103' title='bbox 291 1662 382 1737; x_wconf 82' lang='lat' dir='ltr'><strong>priori</strong></span> <span class='ocrx_word' id='word_1_104' title='bbox 401 1676 434 1719; x_wconf 88' lang='lat' dir='ltr'><strong>se</strong></span> <span class='ocrx_word' id='word_1_105' title='bbox 455 1660 591 1736; x_wconf 78' lang='lat' dir='ltr'><strong>explicet.</strong></span> <span class='ocrx_word' id='word_1_106' title='bbox 614 1658 699 1720; x_wconf 85' lang='lat' dir='ltr'><strong>Unde</strong></span> <span class='ocrx_word' id='word_1_107' title='bbox 716 1662 864 1738; x_wconf 87' lang='lat' dir='ltr'><strong>generatio</strong></span> <span class='ocrx_word' id='word_1_108' title='bbox 881 1662 913 1719; x_wconf 92' lang='lat' dir='ltr'><strong>in</strong></span> <span class='ocrx_word' id='word_1_109' title='bbox 932 1676 1001 1719; x_wconf 84' lang='lat' dir='ltr'><strong>vera</strong></span> <span class='ocrx_word' id='word_1_110' title='bbox 1022 1658 1150 1737; x_wconf 82' lang='lat' dir='ltr'><strong>quedem</strong></span> <span class='ocrx_word' id='word_1_111' title='bbox 1175 1676 1296 1721; x_wconf 82' lang='lat' dir='ltr'><strong>emane-</strong></span> 
     </span>
     <span class='ocr_line' id='line_1_15' title="bbox 213 1756 1250 1835; baseline -0.003 -16"><span class='ocrx_word' id='word_1_112' title='bbox 213 1760 293 1819; x_wconf 88' lang='lat' dir='ltr'><strong>tione</strong></span> <span class='ocrx_word' id='word_1_113' title='bbox 310 1758 443 1819; x_wconf 84' lang='lat' dir='ltr'><strong>eomistit</strong></span> <span class='ocrx_word' id='word_1_114' title='bbox 463 1759 590 1817; x_wconf 84' lang='lat' dir='ltr'><strong>viventis</strong></span> <span class='ocrx_word' id='word_1_115' title='bbox 616 1759 786 1835; x_wconf 72' lang='lat' dir='ltr'><strong>enitente,</strong></span> <span class='ocrx_word' id='word_1_116' title='bbox 808 1757 887 1835; x_wconf 89' lang='lat' dir='ltr'><strong>quod</strong></span> <span class='ocrx_word' id='word_1_117' title='bbox 910 1756 1040 1818; x_wconf 90' lang='lat' dir='ltr'><strong>eiusdem</strong></span> <span class='ocrx_word' id='word_1_118' title='bbox 1061 1762 1183 1818; x_wconf 87' lang='lat' dir='ltr'><strong>naturae</strong></span> <span class='ocrx_word' id='word_1_119' title='bbox 1201 1759 1250 1817; x_wconf 89' lang='lat' dir='ltr'><strong>sit.</strong></span> 
     </span>
    </p>

    <p class='ocr_par' dir='ltr' id='par_1_6' title="bbox 213 1854 1297 3873">
     <span class='ocr_line' id='line_1_16' title="bbox 275 1854 1297 1932; baseline 0.002 -17"><span class='ocrx_word' id='word_1_120' title='bbox 275 1864 326 1915; x_wconf 75' lang='lat'><strong>⁶⁶.</strong></span> <span class='ocrx_word' id='word_1_121' title='bbox 337 1855 431 1916; x_wconf 83' lang='lat' dir='ltr'><strong>Valde</strong></span> <span class='ocrx_word' id='word_1_122' title='bbox 439 1854 619 1932; x_wconf 86' lang='lat' dir='ltr'><strong>deciperetur</strong></span> <span class='ocrx_word' id='word_1_123' title='bbox 628 1858 680 1932; x_wconf 87' lang='lat' dir='ltr'><strong>qni</strong></span> <span class='ocrx_word' id='word_1_124' title='bbox 693 1855 895 1932; x_wconf 87' lang='lat' dir='ltr'><strong>phaenomena</strong></span> <span class='ocrx_word' id='word_1_125' title='bbox 907 1858 984 1915; x_wconf 84' lang='lat' dir='ltr'><strong>vitae</strong></span> <span class='ocrx_word' id='word_1_126' title='bbox 998 1872 1016 1916; x_wconf 91' lang='lat' dir='ltr'><strong>a</strong></span> <span class='ocrx_word' id='word_1_127' title='bbox 1029 1856 1092 1915; x_wconf 88' lang='lat' dir='ltr'><strong>sota</strong></span> <span class='ocrx_word' id='word_1_128' title='bbox 1105 1854 1297 1931; x_wconf 76' lang='lat' dir='ltr'><strong>dispositione</strong></span> 
     </span>
     <span class='ocr_line' id='line_1_17' title="bbox 213 1952 1294 2031; baseline 0.001 -18"><span class='ocrx_word' id='word_1_129' title='bbox 213 1954 532 2031; x_wconf 63' lang='lat' dir='ltr'><strong>portentosumque</strong></span> <span class='ocrx_word' id='word_1_130' title='bbox 551 1952 590 2012; x_wconf 89' lang='lat' dir='ltr'><strong>ad</strong></span> <span class='ocrx_word' id='word_1_131' title='bbox 611 1959 723 2029; x_wconf 88' lang='lat' dir='ltr'><strong>partem</strong></span> <span class='ocrx_word' id='word_1_132' title='bbox 741 1954 923 2015; x_wconf 77' lang='lat' dir='ltr'><strong>materialem</strong></span> <span class='ocrx_word' id='word_1_133' title='bbox 944 1955 1029 2014; x_wconf 86' lang='lat' dir='ltr'><strong>unice</strong></span> <span class='ocrx_word' id='word_1_134' title='bbox 1048 1955 1184 2029; x_wconf 81' lang='lat' dir='ltr'><strong>pertinet,</strong></span> <span class='ocrx_word' id='word_1_135' title='bbox 1204 1960 1294 2014; x_wconf 85' lang='lat' dir='ltr'><strong>unte</strong></span> 
     </span>
     <span class='ocr_line' id='line_1_18' title="bbox 213 2049 1295 2129; baseline 0.002 -18"><span class='ocrx_word' id='word_1_136' title='bbox 213 2052 303 2111; x_wconf 85' lang='lat' dir='ltr'><strong>meris</strong></span> <span class='ocrx_word' id='word_1_137' title='bbox 319 2049 514 2111; x_wconf 78' lang='lat' dir='ltr'><strong>affinitatibus</strong></span> <span class='ocrx_word' id='word_1_138' title='bbox 530 2050 674 2128; x_wconf 81' lang='lat' dir='ltr'><strong>chymieis</strong></span> <span class='ocrx_word' id='word_1_139' title='bbox 691 2051 737 2111; x_wconf 85' lang='lat' dir='ltr'><strong>vei</strong></span> <span class='ocrx_word' id='word_1_140' title='bbox 759 2052 872 2112; x_wconf 86' lang='lat' dir='ltr'><strong>viribus</strong></span> <span class='ocrx_word' id='word_1_141' title='bbox 885 2052 1017 2129; x_wconf 78' lang='lat' dir='ltr'><strong>physicis</strong></span> <span class='ocrx_word' id='word_1_142' title='bbox 1033 2051 1189 2127; x_wconf 89' lang='lat' dir='ltr'><strong>repetenda</strong></span> <span class='ocrx_word' id='word_1_143' title='bbox 1208 2051 1295 2113; x_wconf 87' lang='lat' dir='ltr'><strong>duce·</strong></span> 
     </span>
     <span class='ocr_line' id='line_1_19' title="bbox 214 2148 1295 2227; baseline 0.001 -19"><span class='ocrx_word' id='word_1_144' title='bbox 214 2153 270 2209; x_wconf 88' lang='lat' dir='ltr'><strong>ret.</strong></span> <span class='ocrx_word' id='word_1_145' title='bbox 281 2148 345 2209; x_wconf 82' lang='lat' dir='ltr'><strong>Hae</strong></span> <span class='ocrx_word' id='word_1_146' title='bbox 359 2164 466 2209; x_wconf 84' lang='lat' dir='ltr'><strong>causae</strong></span> <span class='ocrx_word' id='word_1_147' title='bbox 476 2148 671 2209; x_wconf 89' lang='lat' dir='ltr'><strong>conditionem</strong></span> <span class='ocrx_word' id='word_1_148' title='bbox 686 2156 808 2209; x_wconf 88' lang='lat' dir='ltr'><strong>naturae</strong></span> <span class='ocrx_word' id='word_1_149' title='bbox 822 2148 924 2209; x_wconf 85' lang='lat' dir='ltr'><strong>brutae</strong></span> <span class='ocrx_word' id='word_1_150' title='bbox 939 2148 983 2209; x_wconf 85' lang='lat' dir='ltr'><strong>uei</strong></span> <span class='ocrx_word' id='word_1_151' title='bbox 995 2156 1139 2226; x_wconf 89' lang='lat' dir='ltr'><strong>mortuae,</strong></span> <span class='ocrx_word' id='word_1_152' title='bbox 1150 2155 1184 2209; x_wconf 89' lang='lat' dir='ltr'><strong>ut</strong></span> <span class='ocrx_word' id='word_1_153' title='bbox 1197 2151 1295 2227; x_wconf 91' lang='lat' dir='ltr'><strong>aiunt,</strong></span> 
     </span>
     <span class='ocr_line' id='line_1_20' title="bbox 214 2245 1296 2326; baseline -0.001 -20"><span class='ocrx_word' id='word_1_154' title='bbox 214 2250 335 2307; x_wconf 86' lang='lat' dir='ltr'><strong>minime</strong></span> <span class='ocrx_word' id='word_1_155' title='bbox 354 2255 513 2326; x_wconf 74' lang='lat' dir='ltr'><strong>superant,</strong></span> <span class='ocrx_word' id='word_1_156' title='bbox 529 2255 558 2307; x_wconf 87' lang='lat' dir='ltr'><strong>et</strong></span> <span class='ocrx_word' id='word_1_157' title='bbox 572 2248 611 2307; x_wconf 91' lang='lat' dir='ltr'><strong>ad</strong></span> <span class='ocrx_word' id='word_1_158' title='bbox 628 2264 775 2307; x_wconf 88' lang='lat' dir='ltr'><strong>summum</strong></span> <span class='ocrx_word' id='word_1_159' title='bbox 794 2246 850 2307; x_wconf 91' lang='lat' dir='ltr'><strong>sub</strong></span> <span class='ocrx_word' id='word_1_160' title='bbox 869 2248 1062 2309; x_wconf 87' lang='lat' dir='ltr'><strong>determinata</strong></span> <span class='ocrx_word' id='word_1_161' title='bbox 1082 2247 1209 2324; x_wconf 88' lang='lat' dir='ltr'><strong>quadam</strong></span> <span class='ocrx_word' id='word_1_162' title='bbox 1231 2245 1296 2324; x_wconf 88' lang='lat' dir='ltr'><strong>iege</strong></span> 
     </span>
     <span class='ocr_line' id='line_1_21' title="bbox 216 2344 1296 2423; baseline 0 -19"><span class='ocrx_word' id='word_1_163' title='bbox 216 2353 371 2421; x_wconf 80' lang='lat' dir='ltr'><strong>operantes</strong></span> <span class='ocrx_word' id='word_1_164' title='bbox 390 2346 429 2405; x_wconf 87' lang='lat' dir='ltr'><strong>ad</strong></span> <span class='ocrx_word' id='word_1_165' title='bbox 448 2351 628 2406; x_wconf 86' lang='lat' dir='ltr'><strong>structuram</strong></span> <span class='ocrx_word' id='word_1_166' title='bbox 647 2351 677 2404; x_wconf 89' lang='lat' dir='ltr'><strong>et</strong></span> <span class='ocrx_word' id='word_1_167' title='bbox 695 2344 839 2420; x_wconf 89' lang='lat' dir='ltr'><strong>ordinem,</strong></span> <span class='ocrx_word' id='word_1_168' title='bbox 859 2348 912 2423; x_wconf 86' lang='lat' dir='ltr'><strong>qui</strong></span> <span class='ocrx_word' id='word_1_169' title='bbox 931 2347 962 2403; x_wconf 96' lang='lat' dir='ltr'><strong>in</strong></span> <span class='ocrx_word' id='word_1_170' title='bbox 977 2345 1149 2404; x_wconf 86' lang='lat' dir='ltr'><strong>accidentali</strong></span> <span class='ocrx_word' id='word_1_171' title='bbox 1171 2345 1296 2404; x_wconf 87' lang='lat' dir='ltr'><strong>moicou·</strong></span> 
     </span>
     <span class='ocr_line' id='line_1_22' title="bbox 215 2441 1296 2520; baseline -0.001 -19"><span class='ocrx_word' id='word_1_172' title='bbox 215 2441 310 2502; x_wconf 88' lang='lat' dir='ltr'><strong>iorum</strong></span> <span class='ocrx_word' id='word_1_173' title='bbox 332 2445 480 2504; x_wconf 82' lang='lat' dir='ltr'><strong>iunctione</strong></span> <span class='ocrx_word' id='word_1_174' title='bbox 503 2459 589 2520; x_wconf 82' lang='lat' dir='ltr'><strong>saepe</strong></span> <span class='ocrx_word' id='word_1_175' title='bbox 613 2445 810 2519; x_wconf 85' lang='lat' dir='ltr'><strong>conspicitur,</strong></span> <span class='ocrx_word' id='word_1_176' title='bbox 834 2442 1040 2520; x_wconf 79' lang='lat' dir='ltr'><strong>explicandum</strong></span> <span class='ocrx_word' id='word_1_177' title='bbox 1068 2443 1177 2502; x_wconf 80' lang='lat' dir='ltr'><strong>vatent.</strong></span> <span class='ocrx_word' id='word_1_178' title='bbox 1203 2441 1243 2500; x_wconf 76' lang='lat' dir='ltr'><strong>At</strong></span> <span class='ocrx_word' id='word_1_179' title='bbox 1265 2444 1296 2500; x_wconf 93' lang='lat' dir='ltr'><strong>in</strong></span> 
     </span>
     <span class='ocr_line' id='line_1_23' title="bbox 216 2539 1294 2617; baseline 0.003 -22"><span class='ocrx_word' id='word_1_180' title='bbox 216 2541 382 2601; x_wconf 82' lang='lat' dir='ltr'><strong>viventibus</strong></span> <span class='ocrx_word' id='word_1_181' title='bbox 404 2541 529 2600; x_wconf 86' lang='lat' dir='ltr'><strong>eiieotus</strong></span> <span class='ocrx_word' id='word_1_182' title='bbox 548 2541 634 2617; x_wconf 91' lang='lat' dir='ltr'><strong>ionge</strong></span> <span class='ocrx_word' id='word_1_183' title='bbox 655 2539 765 2600; x_wconf 79' lang='lat' dir='ltr'><strong>diversi</strong></span> <span class='ocrx_word' id='word_1_184' title='bbox 788 2547 816 2598; x_wconf 89' lang='lat' dir='ltr'><strong>et</strong></span> <span class='ocrx_word' id='word_1_185' title='bbox 839 2541 951 2600; x_wconf 84' lang='lat' dir='ltr'><strong>attioris</strong></span> <span class='ocrx_word' id='word_1_186' title='bbox 973 2540 1084 2599; x_wconf 86' lang='lat' dir='ltr'><strong>ordinis</strong></span> <span class='ocrx_word' id='word_1_187' title='bbox 1106 2539 1294 2598; x_wconf 82' lang='lat' dir='ltr'><strong>manifestan-</strong></span> 
     </span>
     <span class='ocr_line' id='line_1_24' title="bbox 215 2635 1297 2717; baseline -0.002 -19"><span class='ocrx_word' id='word_1_188' title='bbox 215 2645 278 2717; x_wconf 89' lang='lat' dir='ltr'><strong>tnr,</strong></span> <span class='ocrx_word' id='word_1_189' title='bbox 297 2642 419 2716; x_wconf 80' lang='lat' dir='ltr'><strong>ipseque</strong></span> <span class='ocrx_word' id='word_1_190' title='bbox 436 2639 579 2698; x_wconf 81' lang='lat' dir='ltr'><strong>elementa</strong></span> <span class='ocrx_word' id='word_1_191' title='bbox 594 2638 671 2714; x_wconf 87' lang='lat' dir='ltr'><strong>ieges</strong></span> <span class='ocrx_word' id='word_1_192' title='bbox 689 2641 812 2698; x_wconf 87' lang='lat' dir='ltr'><strong>omnino</strong></span> <span class='ocrx_word' id='word_1_193' title='bbox 831 2638 904 2697; x_wconf 83' lang='lat' dir='ltr'><strong>eiius</strong></span> <span class='ocrx_word' id='word_1_194' title='bbox 922 2643 1095 2714; x_wconf 88' lang='lat' dir='ltr'><strong>sequuntur,</strong></span> <span class='ocrx_word' id='word_1_195' title='bbox 1117 2651 1206 2714; x_wconf 86' lang='lat' dir='ltr'><strong>qnam</strong></span> <span class='ocrx_word' id='word_1_196' title='bbox 1227 2635 1297 2696; x_wconf 89' lang='lat' dir='ltr'><strong>iliae</strong></span> 
     </span>
     <span class='ocr_line' id='line_1_25' title="bbox 215 2733 1295 2814; baseline -0.005 -17"><span class='ocrx_word' id='word_1_197' title='bbox 215 2740 276 2798; x_wconf 86' lang='lat' dir='ltr'><strong>sint</strong></span> <span class='ocrx_word' id='word_1_198' title='bbox 295 2737 403 2814; x_wconf 79' lang='lat' dir='ltr'><strong>quibam</strong></span> <span class='ocrx_word' id='word_1_199' title='bbox 421 2743 632 2813; x_wconf 85' lang='lat' dir='ltr'><strong>temperantur,</strong></span> <span class='ocrx_word' id='word_1_200' title='bbox 650 2735 721 2795; x_wconf 87' lang='lat' dir='ltr'><strong>dom</strong></span> <span class='ocrx_word' id='word_1_201' title='bbox 743 2739 915 2812; x_wconf 85' lang='lat' dir='ltr'><strong>inorganica</strong></span> <span class='ocrx_word' id='word_1_202' title='bbox 929 2750 1051 2811; x_wconf 90' lang='lat' dir='ltr'><strong>corpora</strong></span> <span class='ocrx_word' id='word_1_203' title='bbox 1068 2733 1236 2793; x_wconf 88' lang='lat' dir='ltr'><strong>eiiormaut.</strong></span> <span class='ocrx_word' id='word_1_204' title='bbox 1259 2733 1295 2792; x_wconf 93' lang='lat' dir='ltr'><strong>ln</strong></span> 
     </span>
     <span class='ocr_line' id='line_1_26' title="bbox 216 2830 1295 2909; baseline -0.005 -15"><span class='ocrx_word' id='word_1_205' title='bbox 216 2849 249 2894; x_wconf 94' lang='lat' dir='ltr'><strong>re</strong></span> <span class='ocrx_word' id='word_1_206' title='bbox 275 2832 332 2893; x_wconf 88' lang='lat' dir='ltr'><strong>hae</strong></span> <span class='ocrx_word' id='word_1_207' title='bbox 351 2837 425 2892; x_wconf 88' lang='lat' dir='ltr'><strong>mire</strong></span> <span class='ocrx_word' id='word_1_208' title='bbox 441 2837 628 2893; x_wconf 85' lang='lat' dir='ltr'><strong>consentiunt</strong></span> <span class='ocrx_word' id='word_1_209' title='bbox 647 2834 890 2909; x_wconf 82' lang='lat' dir='ltr'><strong>praestantissimi</strong></span> <span class='ocrx_word' id='word_1_210' title='bbox 909 2833 1095 2893; x_wconf 75' lang='lat' dir='ltr'><strong>scientiarum</strong></span> <span class='ocrx_word' id='word_1_211' title='bbox 1114 2830 1295 2890; x_wconf 88' lang='lat' dir='ltr'><strong>naturaiium</strong></span> 
     </span>
     <span class='ocr_line' id='line_1_27' title="bbox 216 2928 1295 3006; baseline -0.002 -17"><span class='ocrx_word' id='word_1_212' title='bbox 216 2930 361 3003; x_wconf 83' lang='lat' dir='ltr'><strong>cultores,</strong></span> <span class='ocrx_word' id='word_1_213' title='bbox 380 2931 432 3006; x_wconf 83' lang='lat' dir='ltr'><strong>qni</strong></span> <span class='ocrx_word' id='word_1_214' title='bbox 452 2930 575 3004; x_wconf 91' lang='lat' dir='ltr'><strong>proinde</strong></span> <span class='ocrx_word' id='word_1_215' title='bbox 597 2933 688 2990; x_wconf 85' lang='lat' dir='ltr'><strong>vitam</strong></span> <span class='ocrx_word' id='word_1_216' title='bbox 708 2931 785 2990; x_wconf 84' lang='lat' dir='ltr'><strong>inter</strong></span> <span class='ocrx_word' id='word_1_217' title='bbox 807 2931 950 3006; x_wconf 86' lang='lat' dir='ltr'><strong>impervia</strong></span> <span class='ocrx_word' id='word_1_218' title='bbox 969 2935 1092 2988; x_wconf 88' lang='lat' dir='ltr'><strong>naturae</strong></span> <span class='ocrx_word' id='word_1_219' title='bbox 1115 2943 1223 2988; x_wconf 87' lang='lat' dir='ltr'><strong>areana</strong></span> <span class='ocrx_word' id='word_1_220' title='bbox 1243 2928 1295 2988; x_wconf 87' lang='lat' dir='ltr'><strong>ud·</strong></span> 
     </span>
     <span class='ocr_line' id='line_1_28' title="bbox 216 3025 1295 3103; baseline -0.001 -18"><span class='ocrx_word' id='word_1_221' title='bbox 216 3041 371 3086; x_wconf 86' lang='lat' dir='ltr'><strong>numerare</strong></span> <span class='ocrx_word' id='word_1_222' title='bbox 388 3032 544 3103; x_wconf 87' lang='lat' dir='ltr'><strong>coguntur.</strong></span> <span class='ocrx_word' id='word_1_223' title='bbox 559 3026 618 3088; x_wconf 89' lang='lat' dir='ltr'><strong>Pro</strong></span> <span class='ocrx_word' id='word_1_224' title='bbox 630 3027 768 3088; x_wconf 84' lang='lat' dir='ltr'><strong>omnibus</strong></span> <span class='ocrx_word' id='word_1_225' title='bbox 782 3043 1010 3088; x_wconf 89' lang='lat' dir='ltr'><strong>commemorare</strong></span> <span class='ocrx_word' id='word_1_226' title='bbox 1026 3025 1154 3086; x_wconf 82' lang='lat' dir='ltr'><strong>sufficiat</strong></span> <span class='ocrx_word' id='word_1_227' title='bbox 1171 3025 1295 3085; x_wconf 81' lang='lat' dir='ltr'><strong>celeber·</strong></span> 
     </span>
     <span class='ocr_line' id='line_1_29' title="bbox 216 3124 1295 3202; baseline -0.002 -18"><span class='ocrx_word' id='word_1_228' title='bbox 216 3125 325 3184; x_wconf 76' lang='lat' dir='ltr'><strong>dmum</strong></span> <span class='ocrx_word' id='word_1_229' title='bbox 341 3124 461 3200; x_wconf 86' lang='lat' dir='ltr'><strong>Cnuier,</strong></span> <span class='ocrx_word' id='word_1_230' title='bbox 479 3126 530 3200; x_wconf 88' lang='lat' dir='ltr'><strong>qui</strong></span> <span class='ocrx_word' id='word_1_231' title='bbox 550 3126 594 3184; x_wconf 90' lang='lat' dir='ltr'><strong>sio</strong></span> <span class='ocrx_word' id='word_1_232' title='bbox 611 3124 757 3201; x_wconf 87' lang='lat' dir='ltr'><strong>ioquitur:</strong></span> <span class='ocrx_word' id='word_1_233' title='bbox 778 3149 790 3176; x_wconf 73' lang='lat' dir='ltr'><strong>a</strong></span> <span class='ocrx_word' id='word_1_234' title='bbox 812 3125 900 3202; x_wconf 86' lang='lat' dir='ltr'><strong>Vite,</strong></span> <span class='ocrx_word' id='word_1_235' title='bbox 921 3140 996 3201; x_wconf 88' lang='lat' dir='ltr'><strong>quae</strong></span> <span class='ocrx_word' id='word_1_236' title='bbox 1017 3127 1048 3183; x_wconf 93' lang='lat' dir='ltr'><strong>in</strong></span> <span class='ocrx_word' id='word_1_237' title='bbox 1067 3124 1212 3183; x_wconf 87' lang='lat' dir='ltr'><strong>elementa</strong></span> <span class='ocrx_word' id='word_1_238' title='bbox 1231 3139 1295 3182; x_wconf 85' lang='lat' dir='ltr'><strong>cor·</strong></span> 
     </span>
     <span class='ocr_line' id='line_1_30' title="bbox 221 3222 1295 3300; baseline -0.003 -17"><span class='ocrx_word' id='word_1_239' title='bbox 221 3246 234 3273; x_wconf 79' lang='grc' dir='ltr'>ι</span> <span class='ocrx_word' id='word_1_240' title='bbox 256 3239 314 3300; x_wconf 89' lang='lat' dir='ltr'><strong>pus</strong></span> <span class='ocrx_word' id='word_1_241' title='bbox 328 3225 433 3284; x_wconf 80' lang='lat' dir='ltr'><strong>vivens</strong></span> <span class='ocrx_word' id='word_1_242' title='bbox 444 3224 553 3299; x_wconf 89' lang='lat' dir='ltr'><strong>ingiter</strong></span> <span class='ocrx_word' id='word_1_243' title='bbox 565 3225 772 3284; x_wconf 87' lang='lat' dir='ltr'><strong>constituentia</strong></span> <span class='ocrx_word' id='word_1_244' title='bbox 785 3229 837 3283; x_wconf 92' lang='lat' dir='ltr'><strong>aut</strong></span> <span class='ocrx_word' id='word_1_245' title='bbox 850 3222 888 3282; x_wconf 88' lang='lat' dir='ltr'><strong>ab</strong></span> <span class='ocrx_word' id='word_1_246' title='bbox 901 3223 1001 3282; x_wconf 88' lang='lat' dir='ltr'><strong>eodem</strong></span> <span class='ocrx_word' id='word_1_247' title='bbox 1015 3225 1140 3283; x_wconf 85' lang='lat' dir='ltr'><strong>ettreeta</strong></span> <span class='ocrx_word' id='word_1_248' title='bbox 1151 3223 1295 3281; x_wconf 72' lang='lat' dir='ltr'><strong>uodonem</strong></span> 
     </span>
     <span class='ocr_line' id='line_1_31' title="bbox 221 3320 1296 3397; baseline -0.002 -17"><span class='ocrx_word' id='word_1_249' title='bbox 221 3343 234 3371; x_wconf 75' lang='lat' dir='ltr'><strong>a</strong></span> <span class='ocrx_word' id='word_1_250' title='bbox 257 3325 374 3380; x_wconf 84' lang='lat' dir='ltr'><strong>exercet</strong></span> <span class='ocrx_word' id='word_1_251' title='bbox 391 3320 569 3379; x_wconf 85' lang='lat' dir='ltr'><strong>contrariam</strong></span> <span class='ocrx_word' id='word_1_252' title='bbox 589 3321 663 3396; x_wconf 90' lang='lat' dir='ltr'><strong>eius,</strong></span> <span class='ocrx_word' id='word_1_253' title='bbox 681 3335 771 3397; x_wconf 86' lang='lat' dir='ltr'><strong>quem</strong></span> <span class='ocrx_word' id='word_1_254' title='bbox 789 3323 854 3380; x_wconf 89' lang='lat' dir='ltr'><strong>sine</strong></span> <span class='ocrx_word' id='word_1_255' title='bbox 871 3323 934 3397; x_wconf 88' lang='lat' dir='ltr'><strong>ipse</strong></span> <span class='ocrx_word' id='word_1_256' title='bbox 953 3327 1120 3380; x_wconf 82' lang='lat' dir='ltr'><strong>exercerent</strong></span> <span class='ocrx_word' id='word_1_257' title='bbox 1140 3325 1296 3379; x_wconf 87' lang='lat' dir='ltr'><strong>consuetae</strong></span> 
     </span>
     <span class='ocr_line' id='line_1_32' title="bbox 221 3415 1295 3495; baseline 0.002 -19"><span class='ocrx_word' id='word_1_258' title='bbox 221 3441 235 3469; x_wconf 78' lang='grc' dir='ltr'>ι</span> <span class='ocrx_word' id='word_1_259' title='bbox 257 3415 418 3478; x_wconf 87' lang='lat' dir='ltr'><strong>aiiinitatee</strong></span> <span class='ocrx_word' id='word_1_260' title='bbox 439 3417 613 3495; x_wconf 85' lang='lat' dir='ltr'><strong>chymicee,</strong></span> <span class='ocrx_word' id='word_1_261' title='bbox 633 3421 735 3495; x_wconf 84' lang='lat' dir='ltr'><strong>nequit</strong></span> <span class='ocrx_word' id='word_1_262' title='bbox 753 3421 872 3479; x_wconf 92' lang='lat' dir='ltr'><strong>omnino</strong></span> <span class='ocrx_word' id='word_1_263' title='bbox 895 3435 959 3479; x_wconf 87' lang='lat' dir='ltr'><strong>esse</strong></span> <span class='ocrx_word' id='word_1_264' title='bbox 977 3419 1146 3480; x_wconf 88' lang='lat' dir='ltr'><strong>earumdem</strong></span> <span class='ocrx_word' id='word_1_265' title='bbox 1167 3417 1295 3478; x_wconf 84' lang='lat' dir='ltr'><strong>aiiinita·</strong></span> 
     </span>
     <span class='ocr_line' id='line_1_33' title="bbox 221 3513 1296 3594; baseline 0 -18"><span class='ocrx_word' id='word_1_266' title='bbox 221 3539 234 3592; x_wconf 64' lang='lat' dir='ltr'><strong>s</strong></span> <span class='ocrx_word' id='word_1_267' title='bbox 257 3521 323 3576; x_wconf 90' lang='lat' dir='ltr'><strong>tum</strong></span> <span class='ocrx_word' id='word_1_268' title='bbox 334 3513 477 3592; x_wconf 78' lang='lat' dir='ltr'><strong>effectus3</strong></span> <span class='ocrx_word' id='word_1_269' title='bbox 496 3531 550 3576; x_wconf 88' lang='lat' dir='ltr'><strong>nec</strong></span> <span class='ocrx_word' id='word_1_270' title='bbox 567 3524 665 3578; x_wconf 89' lang='lat' dir='ltr'><strong>temen</strong></span> <span class='ocrx_word' id='word_1_271' title='bbox 684 3519 717 3577; x_wconf 94' lang='lat' dir='ltr'><strong>in</strong></span> <span class='ocrx_word' id='word_1_272' title='bbox 730 3523 837 3578; x_wconf 89' lang='lat' dir='ltr'><strong>natura</strong></span> <span class='ocrx_word' id='word_1_273' title='bbox 852 3518 910 3577; x_wconf 89' lang='lat' dir='ltr'><strong>alie</strong></span> <span class='ocrx_word' id='word_1_274' title='bbox 931 3520 975 3577; x_wconf 85' lang='lat' dir='ltr'><strong>vis</strong></span> <span class='ocrx_word' id='word_1_275' title='bbox 993 3519 1181 3594; x_wconf 85' lang='lat' dir='ltr'><strong>cognoscitur</strong></span> <span class='ocrx_word' id='word_1_276' title='bbox 1201 3531 1296 3591; x_wconf 83' lang='lat' dir='ltr'><strong>capax</strong></span> 
     </span>
     <span class='ocr_line' id='line_1_34' title="bbox 221 3613 1297 3692; baseline -0.002 -18"><span class='ocrx_word' id='word_1_277' title='bbox 221 3637 235 3665; x_wconf 80' lang='grc' dir='ltr'>ι</span> <span class='ocrx_word' id='word_1_278' title='bbox 258 3613 378 3674; x_wconf 90' lang='lat' dir='ltr'><strong>uniendi</strong></span> <span class='ocrx_word' id='word_1_279' title='bbox 395 3615 471 3674; x_wconf 88' lang='lat' dir='ltr'><strong>inter</strong></span> <span class='ocrx_word' id='word_1_280' title='bbox 489 3631 521 3674; x_wconf 90' lang='lat' dir='ltr'><strong>se</strong></span> <span class='ocrx_word' id='word_1_281' title='bbox 538 3615 696 3676; x_wconf 88' lang='lat' dir='ltr'><strong>moiecnias</strong></span> <span class='ocrx_word' id='word_1_282' title='bbox 714 3623 783 3676; x_wconf 87' lang='lat' dir='ltr'><strong>ante</strong></span> <span class='ocrx_word' id='word_1_283' title='bbox 801 3621 961 3692; x_wconf 86' lang='lat' dir='ltr'><strong>separatas.</strong></span> <span class='ocrx_word' id='word_1_284' title='bbox 978 3614 1126 3675; x_wconf 85' lang='lat' dir='ltr'><strong>Natiuitas</strong></span> <span class='ocrx_word' id='word_1_285' title='bbox 1145 3615 1235 3692; x_wconf 90' lang='lat' dir='ltr'><strong>igitur</strong></span> <span class='ocrx_word' id='word_1_286' title='bbox 1248 3629 1297 3672; x_wconf 93' lang='lat' dir='ltr'><strong>cn·</strong></span> 
     </span>
     <span class='ocr_line' id='line_1_35' title="bbox 222 3713 1296 3792; baseline -0.002 -20"><span class='ocrx_word' id='word_1_287' title='bbox 222 3739 235 3764; x_wconf 74' lang='grc'>·</span> <span class='ocrx_word' id='word_1_288' title='bbox 258 3713 332 3773; x_wconf 90' lang='lat' dir='ltr'><strong>tium</strong></span> <span class='ocrx_word' id='word_1_289' title='bbox 350 3714 554 3792; x_wconf 86' lang='lat' dir='ltr'><strong>organicorum</strong></span> <span class='ocrx_word' id='word_1_290' title='bbox 570 3721 615 3774; x_wconf 88' lang='lat' dir='ltr'><strong>est</strong></span> <span class='ocrx_word' id='word_1_291' title='bbox 628 3715 792 3774; x_wconf 79' lang='lat' dir='ltr'><strong>maximnm</strong></span> <span class='ocrx_word' id='word_1_292' title='bbox 809 3715 982 3792; x_wconf 84' lang='lat' dir='ltr'><strong>mysterium</strong></span> <span class='ocrx_word' id='word_1_293' title='bbox 1003 3713 1191 3773; x_wconf 86' lang='lat' dir='ltr'><strong>oeconomiae</strong></span> <span class='ocrx_word' id='word_1_294' title='bbox 1210 3726 1296 3788; x_wconf 88' lang='lat' dir='ltr'><strong>orge-</strong></span> 
     </span>
     <span class='ocr_line' id='line_1_36' title="bbox 223 3812 1131 3873; baseline -0.001 -1"><span class='ocrx_word' id='word_1_295' title='bbox 223 3835 235 3862; x_wconf 87' lang='lat'><strong>·</strong></span> <span class='ocrx_word' id='word_1_296' title='bbox 259 3812 344 3872; x_wconf 86' lang='lat' dir='ltr'><strong>nicae</strong></span> <span class='ocrx_word' id='word_1_297' title='bbox 363 3817 393 3873; x_wconf 92' lang='lat' dir='ltr'><strong>et</strong></span> <span class='ocrx_word' id='word_1_298' title='bbox 413 3814 502 3873; x_wconf 83' lang='lat' dir='ltr'><strong>totius</strong></span> <span class='ocrx_word' id='word_1_299' title='bbox 522 3819 644 3872; x_wconf 83' lang='lat' dir='ltr'><strong>namrae</strong></span> <span class='ocrx_word' id='word_1_300' title='bbox 661 3815 683 3872; x_wconf 85' lang='lat'><strong>¹.</strong></span> <span class='ocrx_word' id='word_1_301' title='bbox 705 3837 718 3862; x_wconf 81' lang='grc' dir='ltr'><strong>ι</strong></span> <span class='ocrx_word' id='word_1_302' title='bbox 1126 3813 1131 3820; x_wconf 87' lang='grc'><strong><em>’</em></strong></span> 
     </span>
    </p>
   </div>
   <div class='ocr_carea' id='block_1_5' title="bbox 219 3940 1297 4090">
    <p class='ocr_par' dir='ltr' id='par_1_7' title="bbox 219 3940 1297 4090">
     <span class='ocr_line' id='line_1_37' title="bbox 278 3940 1297 4008; baseline -0.008 -13"><span class='ocrx_word' id='word_1_303' title='bbox 278 3951 317 3995; x_wconf 76' lang='grc' dir='ltr'><strong>ιι</strong></span> <span class='ocrx_word' id='word_1_304' title='bbox 332 3947 369 3995; x_wconf 79' lang='lat' dir='ltr'><strong>En</strong></span> <span class='ocrx_word' id='word_1_305' title='bbox 390 3945 465 4008; x_wconf 86' lang='lat' dir='ltr'><strong>eiict,</strong></span> <span class='ocrx_word' id='word_1_306' title='bbox 487 3945 513 3996; x_wconf 84' lang='lat' dir='ltr'><strong>la</strong></span> <span class='ocrx_word' id='word_1_307' title='bbox 529 3945 572 3995; x_wconf 84' lang='lat' dir='ltr'><strong>rie</strong></span> <span class='ocrx_word' id='word_1_308' title='bbox 587 3947 703 4007; x_wconf 75' lang='lat' dir='ltr'><strong>exercunt</strong></span> <span class='ocrx_word' id='word_1_309' title='bbox 724 3958 768 3995; x_wconf 88' lang='lat' dir='ltr'><strong>sur</strong></span> <span class='ocrx_word' id='word_1_310' title='bbox 786 3945 822 3995; x_wconf 88' lang='lat' dir='ltr'><strong>ies</strong></span> <span class='ocrx_word' id='word_1_311' title='bbox 839 3943 957 3995; x_wconf 77' lang='lat' dir='ltr'><strong>elementa</strong></span> <span class='ocrx_word' id='word_1_312' title='bbox 975 3943 1020 4007; x_wconf 85' lang='lat' dir='ltr'><strong>qui</strong></span> <span class='ocrx_word' id='word_1_313' title='bbox 1041 3943 1095 3992; x_wconf 87' lang='lat' dir='ltr'><strong>ient</strong></span> <span class='ocrx_word' id='word_1_314' title='bbox 1112 3941 1128 3990; x_wconf 80' lang='lat' dir='ltr'><strong>a</strong></span> <span class='ocrx_word' id='word_1_315' title='bbox 1146 3941 1243 4002; x_wconf 85' lang='lat' dir='ltr'><strong>chaque</strong></span> <span class='ocrx_word' id='word_1_316' title='bbox 1261 3940 1297 3988; x_wconf 91' lang='lat' dir='ltr'><strong>in·</strong></span> 
     </span>
     <span class='ocr_line' id='line_1_38' title="bbox 219 4018 1297 4090; baseline -0.009 -14"><span class='ocrx_word' id='word_1_317' title='bbox 219 4044 232 4068; x_wconf 83' lang='grc' dir='ltr'>ι</span> <span class='ocrx_word' id='word_1_318' title='bbox 244 4025 310 4076; x_wconf 78' lang='lat' dir='ltr'><strong>etam</strong></span> <span class='ocrx_word' id='word_1_319' title='bbox 332 4026 411 4090; x_wconf 87' lang='lat' dir='ltr'><strong>partie</strong></span> <span class='ocrx_word' id='word_1_320' title='bbox 431 4025 466 4076; x_wconf 90' lang='lat' dir='ltr'><strong>du</strong></span> <span class='ocrx_word' id='word_1_321' title='bbox 487 4037 560 4089; x_wconf 84' lang='lat' dir='ltr'><strong>corpe</strong></span> <span class='ocrx_word' id='word_1_322' title='bbox 579 4024 680 4088; x_wconf 83' lang='lat' dir='ltr'><strong>virent,</strong></span> <span class='ocrx_word' id='word_1_323' title='bbox 702 4025 729 4077; x_wconf 85' lang='lat' dir='ltr'><strong>et</strong></span> <span class='ocrx_word' id='word_1_324' title='bbox 744 4037 788 4074; x_wconf 88' lang='lat' dir='ltr'><strong>sur</strong></span> <span class='ocrx_word' id='word_1_325' title='bbox 805 4035 869 4076; x_wconf 80' lang='lat' dir='ltr'><strong>ceux</strong></span> <span class='ocrx_word' id='word_1_326' title='bbox 889 4023 1012 4087; x_wconf 74' lang='lat' dir='ltr'><strong>qu&#39;eiiey</strong></span> <span class='ocrx_word' id='word_1_327' title='bbox 1034 4021 1123 4082; x_wconf 85' lang='lat' dir='ltr'><strong>attire,</strong></span> <span class='ocrx_word' id='word_1_328' title='bbox 1145 4031 1194 4069; x_wconf 88' lang='lat' dir='ltr'><strong>une</strong></span> <span class='ocrx_word' id='word_1_329' title='bbox 1215 4018 1297 4068; x_wconf 68' lang='lat' dir='ltr'><strong>acuon</strong></span> 
     </span>
    </p>
   </div>
   <div class='ocr_carea' id='block_1_6' title="bbox 0 0 1457 4425">
    <p class='ocr_par' dir='ltr' id='par_1_8' title="bbox 0 0 1457 4425">
     <span class='ocr_line' id='line_1_39' title="bbox 0 0 1457 4425; baseline 0 0"><span class='ocrx_word' id='word_1_330' title='bbox 0 0 1457 4425; x_wconf 95' lang='lat' dir='ltr'><strong> </strong></span> 
     </span>
    </p>
   </div>
  </div>
 </body>
</html>
