<?xml version="1.0" encoding="UTF-8"?>
<!DOCTYPE html PUBLIC "-//W3C//DTD XHTML 1.0 Transitional//EN"
    "http://www.w3.org/TR/xhtml1/DTD/xhtml1-transitional.dtd">
<html xmlns="http://www.w3.org/1999/xhtml" xml:lang="en" lang="en">
 <head>
  <title>
</title>
<meta http-equiv="Content-Type" content="text/html;charset=utf-8" />
  <meta name='ocr-system' content='tesseract 3.04.00' />
  <meta name='ocr-capabilities' content='ocr_page ocr_carea ocr_par ocr_line ocrx_word'/>
</head>
<body>
  <div class='ocr_page' id='page_1' title='image "./institutionesph01libegoog_0136.png"; bbox 0 0 2892 4425; ppageno 0'>
   <div class='ocr_carea' id='block_1_1' title="bbox 264 312 865 364">
    <p class='ocr_par' dir='ltr' id='par_1_1' title="bbox 264 312 865 364">
     <span class='ocr_line' id='line_1_1' title="bbox 264 312 865 364; baseline 0 -1"><span class='ocrx_word' id='word_1_1' title='bbox 264 312 319 364; x_wconf 74' lang='lat'>¹3⁰</span> <span class='ocrx_word' id='word_1_2' title='bbox 732 318 865 363; x_wconf 79' lang='lat' dir='ltr'>tuutcttt</span> 
     </span>
    </p>
   </div>
   <div class='ocr_carea' id='block_1_2' title="bbox 149 417 1320 502">
    <p class='ocr_par' dir='ltr' id='par_1_2' title="bbox 149 417 1320 502">
     <span class='ocr_line' id='line_1_2' title="bbox 149 417 1320 502; baseline -0.004 -10"><span class='ocrx_word' id='word_1_3' title='bbox 149 417 156 423; x_wconf 62' lang='grc'>’</span> <span class='ocrx_word' id='word_1_4' title='bbox 263 442 428 492; x_wconf 78' lang='lat' dir='ltr'>mensuram</span> <span class='ocrx_word' id='word_1_5' title='bbox 454 423 655 502; x_wconf 80' lang='lat' dir='ltr'>obiectorum,</span> <span class='ocrx_word' id='word_1_6' title='bbox 685 442 744 487; x_wconf 93' lang='lat' dir='ltr'>non</span> <span class='ocrx_word' id='word_1_7' title='bbox 768 426 881 487; x_wconf 84' lang='lat' dir='ltr'>obtectu</span> <span class='ocrx_word' id='word_1_8' title='bbox 906 431 1073 487; x_wconf 85' lang='lat' dir='ltr'>mensnram</span> <span class='ocrx_word' id='word_1_9' title='bbox 1097 430 1241 488; x_wconf 70' lang='lat' dir='ltr'>mattae.</span> <span class='ocrx_word' id='word_1_10' title='bbox 1267 430 1320 488; x_wconf 82' lang='lat' dir='ltr'>Aut</span> 
     </span>
    </p>
   </div>
   <div class='ocr_carea' id='block_1_3' title="bbox 262 523 1323 602">
    <p class='ocr_par' dir='ltr' id='par_1_3' title="bbox 262 523 1323 602">
     <span class='ocr_line' id='line_1_3' title="bbox 262 523 1323 602; baseline -0.001 -15"><span class='ocrx_word' id='word_1_11' title='bbox 262 528 319 587; x_wconf 81' lang='lat' dir='ltr'>nisi</span> <span class='ocrx_word' id='word_1_12' title='bbox 335 540 404 585; x_wconf 86' lang='lat' dir='ltr'>cum</span> <span class='ocrx_word' id='word_1_13' title='bbox 431 523 581 585; x_wconf 82' lang='lat' dir='ltr'>Retdtanis</span> <span class='ocrx_word' id='word_1_14' title='bbox 601 528 631 585; x_wconf 89' lang='lat' dir='ltr'>et</span> <span class='ocrx_word' id='word_1_15' title='bbox 650 524 805 584; x_wconf 87' lang='lat' dir='ltr'>Kantianis</span> <span class='ocrx_word' id='word_1_16' title='bbox 825 526 952 599; x_wconf 90' lang='lat' dir='ltr'>opineris</span> <span class='ocrx_word' id='word_1_17' title='bbox 969 528 1163 602; x_wconf 85' lang='lat' dir='ltr'>cognitionem</span> <span class='ocrx_word' id='word_1_18' title='bbox 1184 530 1262 587; x_wconf 92' lang='lat' dir='ltr'>omni</span> <span class='ocrx_word' id='word_1_19' title='bbox 1279 544 1323 587; x_wconf 83' lang='lat' dir='ltr'>aa·</span> 
     </span>
    </p>
   </div>
   <div class='ocr_carea' id='block_1_4' title="bbox 263 620 1412 699">
    <p class='ocr_par' dir='ltr' id='par_1_4' title="bbox 263 620 1412 699">
     <span class='ocr_line' id='line_1_4' title="bbox 263 620 1412 699; baseline -0.002 -14"><span class='ocrx_word' id='word_1_20' title='bbox 263 624 324 685; x_wconf 86' lang='lat' dir='ltr'>iura</span> <span class='ocrx_word' id='word_1_21' title='bbox 340 620 479 683; x_wconf 78' lang='lat' dir='ltr'>comiato</span> <span class='ocrx_word' id='word_1_22' title='bbox 497 620 627 699; x_wconf 70' lang='lat' dir='ltr'>doedtoi,</span> <span class='ocrx_word' id='word_1_23' title='bbox 649 620 778 683; x_wconf 74' lang='lat' dir='ltr'>retunsa</span> <span class='ocrx_word' id='word_1_24' title='bbox 798 621 952 685; x_wconf 75' lang='lat' dir='ltr'><strong>dumtaxat</strong></span> <span class='ocrx_word' id='word_1_25' title='bbox 971 624 1144 697; x_wconf 86' lang='lat' dir='ltr'>certitudine</span> <span class='ocrx_word' id='word_1_26' title='bbox 1164 626 1272 686; x_wconf 88' lang='lat' dir='ltr'>ornari.</span> <span class='ocrx_word' id='word_1_27' title='bbox 1293 624 1325 684; x_wconf 78' lang='lat' dir='ltr'>Et</span> <span class='ocrx_word' id='word_1_28' title='bbox 1410 666 1412 683; x_wconf 60' lang='lat'>,</span> 
     </span>
    </p>
   </div>
   <div class='ocr_carea' id='block_1_5' title="bbox 234 721 1336 3742">
    <p class='ocr_par' dir='ltr' id='par_1_5' title="bbox 234 721 1329 1879">
     <span class='ocr_line' id='line_1_5' title="bbox 264 721 1325 799; baseline -0.003 -15"><span class='ocrx_word' id='word_1_29' title='bbox 264 737 334 785; x_wconf 77' lang='lat' dir='ltr'>uene</span> <span class='ocrx_word' id='word_1_30' title='bbox 353 722 384 780; x_wconf 90' lang='lat' dir='ltr'>in</span> <span class='ocrx_word' id='word_1_31' title='bbox 407 736 442 780; x_wconf 88' lang='lat' dir='ltr'>aa</span> <span class='ocrx_word' id='word_1_32' title='bbox 460 722 605 781; x_wconf 57' lang='lat' dir='ltr'>senentis</span> <span class='ocrx_word' id='word_1_33' title='bbox 627 723 701 780; x_wconf 89' lang='lat' dir='ltr'>ratio</span> <span class='ocrx_word' id='word_1_34' title='bbox 719 721 822 779; x_wconf 76' lang='lat' dir='ltr'>uitma</span> <span class='ocrx_word' id='word_1_35' title='bbox 844 736 896 780; x_wconf 91' lang='lat' dir='ltr'>cnr</span> <span class='ocrx_word' id='word_1_36' title='bbox 917 724 1031 781; x_wconf 78' lang='lat' dir='ltr'>remtnti</span> <span class='ocrx_word' id='word_1_37' title='bbox 1050 726 1215 799; x_wconf 76' lang='lat' dir='ltr'><strong>propositae</strong></span> <span class='ocrx_word' id='word_1_38' title='bbox 1237 740 1325 784; x_wconf 87' lang='lat' dir='ltr'>aasen-</span> 
     </span>
     <span class='ocr_line' id='line_1_6' title="bbox 263 818 1323 896; baseline -0.003 -16"><span class='ocrx_word' id='word_1_39' title='bbox 263 822 365 896; x_wconf 84' lang='lat' dir='ltr'>timur,</span> <span class='ocrx_word' id='word_1_40' title='bbox 388 822 419 878; x_wconf 95' lang='lat' dir='ltr'>in</span> <span class='ocrx_word' id='word_1_41' title='bbox 441 818 498 878; x_wconf 90' lang='lat' dir='ltr'>hoc</span> <span class='ocrx_word' id='word_1_42' title='bbox 519 825 704 894; x_wconf 81' lang='lat' dir='ltr'>cerneretur,</span> <span class='ocrx_word' id='word_1_43' title='bbox 725 819 804 895; x_wconf 90' lang='lat' dir='ltr'>quod</span> <span class='ocrx_word' id='word_1_44' title='bbox 824 822 866 881; x_wconf 87' lang='lat' dir='ltr'>sic</span> <span class='ocrx_word' id='word_1_45' title='bbox 888 828 994 881; x_wconf 87' lang='lat' dir='ltr'>nutura</span> <span class='ocrx_word' id='word_1_46' title='bbox 1016 821 1197 882; x_wconf 84' lang='lat' dir='ltr'>determinati</span> <span class='ocrx_word' id='word_1_47' title='bbox 1218 836 1323 882; x_wconf 85' lang='lat' dir='ltr'>sumus.</span> 
     </span>
     <span class='ocr_line' id='line_1_7' title="bbox 261 916 1325 994; baseline -0.004 -13"><span class='ocrx_word' id='word_1_48' title='bbox 261 920 362 994; x_wconf 79' lang='lat' dir='ltr'>Quare</span> <span class='ocrx_word' id='word_1_49' title='bbox 379 919 499 979; x_wconf 86' lang='lat' dir='ltr'>scientia</span> <span class='ocrx_word' id='word_1_50' title='bbox 517 919 612 977; x_wconf 86' lang='lat' dir='ltr'>omnis</span> <span class='ocrx_word' id='word_1_51' title='bbox 627 917 665 978; x_wconf 91' lang='lat' dir='ltr'>ad</span> <span class='ocrx_word' id='word_1_52' title='bbox 683 916 770 981; x_wconf 84' lang='lat' dir='ltr'>tidem</span> <span class='ocrx_word' id='word_1_53' title='bbox 789 918 946 994; x_wconf 78' lang='lat' dir='ltr'>quamdam</span> <span class='ocrx_word' id='word_1_54' title='bbox 965 920 1101 979; x_wconf 80' lang='lat' dir='ltr'>rationali</span> <span class='ocrx_word' id='word_1_55' title='bbox 1116 927 1231 980; x_wconf 83' lang='lat' dir='ltr'>nostrae</span> <span class='ocrx_word' id='word_1_56' title='bbox 1249 926 1325 979; x_wconf 86' lang='lat' dir='ltr'>natu-</span> 
     </span>
     <span class='ocr_line' id='line_1_8' title="bbox 263 1010 1327 1095; baseline -0.003 -18"><span class='ocrx_word' id='word_1_57' title='bbox 263 1035 315 1083; x_wconf 84' lang='lat' dir='ltr'>raa</span> <span class='ocrx_word' id='word_1_58' title='bbox 334 1016 464 1077; x_wconf 87' lang='lat' dir='ltr'>habitam</span> <span class='ocrx_word' id='word_1_59' title='bbox 485 1013 691 1091; x_wconf 78' lang='lat' dir='ltr'>reduceretur3</span> <span class='ocrx_word' id='word_1_60' title='bbox 711 1032 746 1075; x_wconf 90' lang='lat' dir='ltr'>ac</span> <span class='ocrx_word' id='word_1_61' title='bbox 767 1010 889 1091; x_wconf 89' lang='lat' dir='ltr'>proinde</span> <span class='ocrx_word' id='word_1_62' title='bbox 907 1020 1044 1077; x_wconf 80' lang='lat' dir='ltr'><strong>scientiae</strong></span> <span class='ocrx_word' id='word_1_63' title='bbox 1062 1022 1180 1077; x_wconf 89' lang='lat' dir='ltr'>nomine</span> <span class='ocrx_word' id='word_1_64' title='bbox 1197 1018 1327 1095; x_wconf 83' lang='lat' dir='ltr'>privanda</span> 
     </span>
     <span class='ocr_line' id='line_1_9' title="bbox 264 1115 1327 1193; baseline -0.001 -19"><span class='ocrx_word' id='word_1_65' title='bbox 264 1123 351 1192; x_wconf 81' lang='lat' dir='ltr'>esset,</span> <span class='ocrx_word' id='word_1_66' title='bbox 374 1132 450 1193; x_wconf 81' lang='lat' dir='ltr'>quae</span> <span class='ocrx_word' id='word_1_67' title='bbox 470 1132 528 1177; x_wconf 92' lang='lat' dir='ltr'>non</span> <span class='ocrx_word' id='word_1_68' title='bbox 550 1130 569 1173; x_wconf 89' lang='lat' dir='ltr'>a</span> <span class='ocrx_word' id='word_1_69' title='bbox 587 1116 773 1189; x_wconf 85' lang='lat' dir='ltr'>persuasione</span> <span class='ocrx_word' id='word_1_70' title='bbox 794 1132 845 1174; x_wconf 88' lang='lat' dir='ltr'>seu</span> <span class='ocrx_word' id='word_1_71' title='bbox 873 1118 1055 1175; x_wconf 72' lang='lat' dir='ltr'><em>convictione</em></span> <span class='ocrx_word' id='word_1_72' title='bbox 1085 1116 1226 1193; x_wconf 87' lang='lat' dir='ltr'>subiecti,</span> <span class='ocrx_word' id='word_1_73' title='bbox 1247 1115 1327 1175; x_wconf 88' lang='lat' dir='ltr'>sada</span> 
     </span>
     <span class='ocr_line' id='line_1_10' title="bbox 265 1213 1328 1290; baseline -0.009 -11"><span class='ocrx_word' id='word_1_74' title='bbox 265 1217 397 1279; x_wconf 80' lang='lat' dir='ltr'>realitate</span> <span class='ocrx_word' id='word_1_75' title='bbox 421 1214 525 1275; x_wconf 84' lang='lat' dir='ltr'>obiecti</span> <span class='ocrx_word' id='word_1_76' title='bbox 549 1213 721 1289; x_wconf 86' lang='lat' dir='ltr'>dignitatem</span> <span class='ocrx_word' id='word_1_77' title='bbox 747 1221 776 1275; x_wconf 89' lang='lat' dir='ltr'>et</span> <span class='ocrx_word' id='word_1_78' title='bbox 802 1215 951 1272; x_wconf 80' lang='lat' dir='ltr'>veritatem</span> <span class='ocrx_word' id='word_1_79' title='bbox 979 1214 1076 1275; x_wconf 88' lang='lat' dir='ltr'>habet.</span> <span class='ocrx_word' id='word_1_80' title='bbox 1104 1214 1147 1272; x_wconf 85' lang='lat' dir='ltr'>Ex</span> <span class='ocrx_word' id='word_1_81' title='bbox 1175 1231 1234 1290; x_wconf 87' lang='lat' dir='ltr'>quo</span> <span class='ocrx_word' id='word_1_82' title='bbox 1257 1219 1328 1290; x_wconf 86' lang='lat' dir='ltr'>patet</span> 
     </span>
     <span class='ocr_line' id='line_1_11' title="bbox 265 1311 1328 1387; baseline -0.008 -12"><span class='ocrx_word' id='word_1_83' title='bbox 265 1313 407 1375; x_wconf 79' lang='lat' dir='ltr'>eiusmodi</span> <span class='ocrx_word' id='word_1_84' title='bbox 426 1315 604 1387; x_wconf 82' lang='lat' dir='ltr'>opinionem,</span> <span class='ocrx_word' id='word_1_85' title='bbox 623 1326 697 1386; x_wconf 90' lang='lat' dir='ltr'>quae</span> <span class='ocrx_word' id='word_1_86' title='bbox 716 1315 809 1385; x_wconf 91' lang='lat' dir='ltr'>primo</span> <span class='ocrx_word' id='word_1_87' title='bbox 828 1318 944 1386; x_wconf 60' lang='lat' dir='ltr'>asmctu</span> <span class='ocrx_word' id='word_1_88' title='bbox 966 1314 1102 1371; x_wconf 83' lang='lat' dir='ltr'>innocens</span> <span class='ocrx_word' id='word_1_89' title='bbox 1123 1312 1251 1386; x_wconf 84' lang='lat' dir='ltr'>videtur,</span> <span class='ocrx_word' id='word_1_90' title='bbox 1272 1311 1328 1369; x_wconf 85' lang='lat' dir='ltr'>iun·</span> 
     </span>
     <span class='ocr_line' id='line_1_12' title="bbox 265 1408 1328 1473; baseline -0.007 -1"><span class='ocrx_word' id='word_1_91' title='bbox 265 1412 344 1473; x_wconf 75' lang='lat' dir='ltr'>dicus</span> <span class='ocrx_word' id='word_1_92' title='bbox 369 1426 522 1470; x_wconf 81' lang='lat' dir='ltr'>excussum</span> <span class='ocrx_word' id='word_1_93' title='bbox 549 1408 587 1467; x_wconf 88' lang='lat' dir='ltr'>ad</span> <span class='ocrx_word' id='word_1_94' title='bbox 611 1410 761 1467; x_wconf 88' lang='lat' dir='ltr'>interitum</span> <span class='ocrx_word' id='word_1_95' title='bbox 788 1408 969 1469; x_wconf 78' lang='lat' dir='ltr'>certitudinis</span> <span class='ocrx_word' id='word_1_96' title='bbox 996 1425 1051 1467; x_wconf 93' lang='lat' dir='ltr'>nos</span> <span class='ocrx_word' id='word_1_97' title='bbox 1078 1409 1232 1469; x_wconf 79' lang='lat' dir='ltr'>adducere.</span> <span class='ocrx_word' id='word_1_98' title='bbox 1262 1408 1328 1467; x_wconf 85' lang='lat' dir='ltr'>Nam</span> 
     </span>
     <span class='ocr_line' id='line_1_13' title="bbox 267 1508 1329 1584; baseline -0.01 -10"><span class='ocrx_word' id='word_1_99' title='bbox 267 1512 366 1574; x_wconf 83' lang='lat' dir='ltr'>Kanui</span> <span class='ocrx_word' id='word_1_100' title='bbox 389 1514 510 1569; x_wconf 87' lang='lat' dir='ltr'>renovat</span> <span class='ocrx_word' id='word_1_101' title='bbox 528 1508 764 1583; x_wconf 75' lang='lat' dir='ltr'>sceprnrsmum,</span> <span class='ocrx_word' id='word_1_102' title='bbox 786 1524 844 1583; x_wconf 83' lang='lat' dir='ltr'>quo</span> <span class='ocrx_word' id='word_1_103' title='bbox 866 1509 994 1584; x_wconf 82' lang='lat' dir='ltr'>cognitio</span> <span class='ocrx_word' id='word_1_104' title='bbox 1015 1508 1143 1566; x_wconf 85' lang='lat' dir='ltr'>humana</span> <span class='ocrx_word' id='word_1_105' title='bbox 1166 1510 1229 1569; x_wconf 87' lang='lat' dir='ltr'>sota</span> <span class='ocrx_word' id='word_1_106' title='bbox 1250 1508 1329 1583; x_wconf 85' lang='lat' dir='ltr'>pirae·</span> 
     </span>
     <span class='ocr_line' id='line_1_14' title="bbox 267 1606 1329 1681; baseline -0.004 -14"><span class='ocrx_word' id='word_1_107' title='bbox 267 1623 457 1667; x_wconf 86' lang='lat' dir='ltr'>nomenorum</span> <span class='ocrx_word' id='word_1_108' title='bbox 476 1611 505 1664; x_wconf 89' lang='lat' dir='ltr'>et</span> <span class='ocrx_word' id='word_1_109' title='bbox 524 1606 759 1680; x_wconf 81' lang='lat' dir='ltr'>apparentiarum</span> <span class='ocrx_word' id='word_1_110' title='bbox 779 1606 903 1681; x_wconf 87' lang='lat' dir='ltr'>sphaera</span> <span class='ocrx_word' id='word_1_111' title='bbox 923 1606 1117 1678; x_wconf 84' lang='lat' dir='ltr'>contineatur,</span> <span class='ocrx_word' id='word_1_112' title='bbox 1139 1624 1199 1665; x_wconf 94' lang='lat' dir='ltr'>non</span> <span class='ocrx_word' id='word_1_113' title='bbox 1220 1606 1275 1666; x_wconf 91' lang='lat' dir='ltr'>alio</span> <span class='ocrx_word' id='word_1_114' title='bbox 1289 1620 1329 1663; x_wconf 87' lang='lat' dir='ltr'>as·</span> 
     </span>
     <span class='ocr_line' id='line_1_15' title="bbox 234 1704 1329 1789; baseline -0.006 -23"><span class='ocrx_word' id='word_1_115' title='bbox 234 1782 239 1789; x_wconf 24' lang='lat'><strong>¹</strong></span> <span class='ocrx_word' id='word_1_116' title='bbox 267 1705 399 1765; x_wconf 76' lang='lat' dir='ltr'>censibus</span> <span class='ocrx_word' id='word_1_117' title='bbox 412 1706 502 1763; x_wconf 90' lang='lat' dir='ltr'>animi</span> <span class='ocrx_word' id='word_1_118' title='bbox 522 1705 672 1778; x_wconf 88' lang='lat' dir='ltr'>supposito</span> <span class='ocrx_word' id='word_1_119' title='bbox 693 1704 799 1779; x_wconf 84' lang='lat' dir='ltr'>futoro,</span> <span class='ocrx_word' id='word_1_120' title='bbox 815 1706 871 1763; x_wconf 92' lang='lat' dir='ltr'>nisi</span> <span class='ocrx_word' id='word_1_121' title='bbox 891 1704 1053 1763; x_wconf 89' lang='lat' dir='ltr'>subiectiva</span> <span class='ocrx_word' id='word_1_122' title='bbox 1071 1708 1241 1765; x_wconf 80' lang='lat' dir='ltr'>necessitate</span> <span class='ocrx_word' id='word_1_123' title='bbox 1259 1719 1329 1762; x_wconf 91' lang='lat' dir='ltr'>men·</span> 
     </span>
     <span class='ocr_line' id='line_1_16' title="bbox 267 1800 1224 1879; baseline -0.001 -17"><span class='ocrx_word' id='word_1_124' title='bbox 267 1805 317 1879; x_wconf 84' lang='lat' dir='ltr'>tia,</span> <span class='ocrx_word' id='word_1_125' title='bbox 338 1819 414 1879; x_wconf 84' lang='lat' dir='ltr'>quae</span> <span class='ocrx_word' id='word_1_126' title='bbox 434 1801 470 1863; x_wconf 92' lang='lat' dir='ltr'>ad</span> <span class='ocrx_word' id='word_1_127' title='bbox 493 1802 535 1861; x_wconf 89' lang='lat' dir='ltr'>sic</span> <span class='ocrx_word' id='word_1_128' title='bbox 555 1800 742 1877; x_wconf 83' lang='lat' dir='ltr'>cogitandum</span> <span class='ocrx_word' id='word_1_129' title='bbox 767 1802 948 1861; x_wconf 81' lang='lat' dir='ltr'>conformata</span> <span class='ocrx_word' id='word_1_130' title='bbox 973 1804 1011 1860; x_wconf 90' lang='lat' dir='ltr'>sit</span> <span class='ocrx_word' id='word_1_131' title='bbox 1032 1809 1137 1861; x_wconf 85' lang='lat' dir='ltr'>nutura</span> <span class='ocrx_word' id='word_1_132' title='bbox 1160 1820 1224 1862; x_wconf 87' lang='lat' dir='ltr'>sua.</span> 
     </span>
    </p>

    <p class='ocr_par' dir='ltr' id='par_1_6' title="bbox 267 1890 1334 2747">
     <span class='ocr_line' id='line_1_17' title="bbox 327 1890 1329 1976; baseline -0.004 -17"><span class='ocrx_word' id='word_1_133' title='bbox 327 1898 369 1959; x_wconf 85' lang='lat' dir='ltr'>Ut</span> <span class='ocrx_word' id='word_1_134' title='bbox 387 1901 476 1976; x_wconf 83' lang='lat' dir='ltr'>igitur</span> <span class='ocrx_word' id='word_1_135' title='bbox 496 1901 686 1974; x_wconf 86' lang='lat' dir='ltr'>perniciosam</span> <span class='ocrx_word' id='word_1_136' title='bbox 712 1898 790 1959; x_wconf 91' lang='lat' dir='ltr'>hanc</span> <span class='ocrx_word' id='word_1_137' title='bbox 812 1899 972 1959; x_wconf 89' lang='lat' dir='ltr'>doctrinam</span> <span class='ocrx_word' id='word_1_138' title='bbox 997 1890 1210 1976; x_wconf 70' lang='lat' dir='ltr'>propulsemus,</span> <span class='ocrx_word' id='word_1_139' title='bbox 1234 1903 1329 1960; x_wconf 89' lang='lat' dir='ltr'>iterum</span> 
     </span>
     <span class='ocr_line' id='line_1_18' title="bbox 267 1995 1331 2059; baseline -0.007 0"><span class='ocrx_word' id='word_1_140' title='bbox 267 1996 450 2059; x_wconf 79' lang='lat' dir='ltr'>affirmamus</span> <span class='ocrx_word' id='word_1_141' title='bbox 468 1998 608 2057; x_wconf 86' lang='lat' dir='ltr'>motivum</span> <span class='ocrx_word' id='word_1_142' title='bbox 628 1997 801 2057; x_wconf 87' lang='lat' dir='ltr'>assentiendi</span> <span class='ocrx_word' id='word_1_143' title='bbox 821 2003 850 2056; x_wconf 90' lang='lat' dir='ltr'>et</span> <span class='ocrx_word' id='word_1_144' title='bbox 869 1997 1014 2057; x_wconf 92' lang='lat' dir='ltr'>iudicandi</span> <span class='ocrx_word' id='word_1_145' title='bbox 1030 2002 1182 2058; x_wconf 88' lang='lat' dir='ltr'>veritatem</span> <span class='ocrx_word' id='word_1_146' title='bbox 1198 2012 1254 2058; x_wconf 93' lang='lat' dir='ltr'>non</span> <span class='ocrx_word' id='word_1_147' title='bbox 1272 1995 1331 2055; x_wconf 91' lang='lat' dir='ltr'>inde</span> 
     </span>
     <span class='ocr_line' id='line_1_19' title="bbox 270 2095 1330 2173; baseline -0.008 -14"><span class='ocrx_word' id='word_1_148' title='bbox 270 2097 392 2173; x_wconf 79' lang='lat' dir='ltr'>nmen,</span> <span class='ocrx_word' id='word_1_149' title='bbox 410 2096 491 2172; x_wconf 85' lang='lat' dir='ltr'>quud</span> <span class='ocrx_word' id='word_1_150' title='bbox 508 2097 551 2155; x_wconf 90' lang='lat' dir='ltr'>sic</span> <span class='ocrx_word' id='word_1_151' title='bbox 566 2095 750 2157; x_wconf 90' lang='lat' dir='ltr'>determinati</span> <span class='ocrx_word' id='word_1_152' title='bbox 766 2113 886 2171; x_wconf 91' lang='lat' dir='ltr'>sumus;</span> <span class='ocrx_word' id='word_1_153' title='bbox 908 2096 959 2154; x_wconf 88' lang='lat' dir='ltr'>sed</span> <span class='ocrx_word' id='word_1_154' title='bbox 979 2098 1008 2155; x_wconf 91' lang='lat' dir='ltr'>in</span> <span class='ocrx_word' id='word_1_155' title='bbox 1030 2096 1087 2156; x_wconf 91' lang='lat' dir='ltr'>hoc</span> <span class='ocrx_word' id='word_1_156' title='bbox 1106 2099 1234 2172; x_wconf 87' lang='lat' dir='ltr'>praecise</span> <span class='ocrx_word' id='word_1_157' title='bbox 1248 2095 1330 2169; x_wconf 79' lang='lat' dir='ltr'>cerni,</span> 
     </span>
     <span class='ocr_line' id='line_1_20' title="bbox 272 2193 1330 2273; baseline -0.004 -19"><span class='ocrx_word' id='word_1_158' title='bbox 272 2194 351 2273; x_wconf 81' lang='lat' dir='ltr'>quod</span> <span class='ocrx_word' id='word_1_159' title='bbox 369 2194 513 2255; x_wconf 86' lang='lat' dir='ltr'>obiectum</span> <span class='ocrx_word' id='word_1_160' title='bbox 537 2196 578 2254; x_wconf 90' lang='lat' dir='ltr'>ita</span> <span class='ocrx_word' id='word_1_161' title='bbox 597 2196 635 2254; x_wconf 89' lang='lat' dir='ltr'>sit</span> <span class='ocrx_word' id='word_1_162' title='bbox 652 2202 681 2254; x_wconf 92' lang='lat' dir='ltr'>et</span> <span class='ocrx_word' id='word_1_163' title='bbox 700 2194 848 2255; x_wconf 87' lang='lat' dir='ltr'>evidenter</span> <span class='ocrx_word' id='word_1_164' title='bbox 871 2201 1027 2271; x_wconf 88' lang='lat' dir='ltr'>appareat;</span> <span class='ocrx_word' id='word_1_165' title='bbox 1049 2211 1115 2271; x_wconf 88' lang='lat' dir='ltr'>seu,</span> <span class='ocrx_word' id='word_1_166' title='bbox 1142 2196 1209 2256; x_wconf 85' lang='lat' dir='ltr'>aiiis</span> <span class='ocrx_word' id='word_1_167' title='bbox 1229 2193 1330 2264; x_wconf 76' lang='lat' dir='ltr'>vernn,</span> 
     </span>
     <span class='ocr_line' id='line_1_21' title="bbox 271 2293 1332 2371; baseline -0.004 -19"><span class='ocrx_word' id='word_1_168' title='bbox 271 2293 350 2371; x_wconf 92' lang='lat' dir='ltr'>quod</span> <span class='ocrx_word' id='word_1_169' title='bbox 368 2295 501 2369; x_wconf 90' lang='lat' dir='ltr'>propriae</span> <span class='ocrx_word' id='word_1_170' title='bbox 521 2293 661 2352; x_wconf 81' lang='lat' dir='ltr'>rectitatis</span> <span class='ocrx_word' id='word_1_171' title='bbox 682 2309 716 2352; x_wconf 87' lang='lat' dir='ltr'>ac</span> <span class='ocrx_word' id='word_1_172' title='bbox 737 2295 867 2353; x_wconf 87' lang='lat' dir='ltr'>veritatis</span> <span class='ocrx_word' id='word_1_173' title='bbox 888 2293 1120 2353; x_wconf 76' lang='lat' dir='ltr'>manifestatione</span> <span class='ocrx_word' id='word_1_174' title='bbox 1136 2311 1169 2354; x_wconf 92' lang='lat' dir='ltr'>se</span> <span class='ocrx_word' id='word_1_175' title='bbox 1188 2297 1277 2371; x_wconf 93' lang='lat' dir='ltr'>ipsum</span> <span class='ocrx_word' id='word_1_176' title='bbox 1290 2305 1332 2348; x_wconf 89' lang='lat' dir='ltr'>co·</span> 
     </span>
     <span class='ocr_line' id='line_1_22' title="bbox 271 2390 1333 2471; baseline -0.008 -18"><span class='ocrx_word' id='word_1_177' title='bbox 271 2395 421 2471; x_wconf 80' lang='lat' dir='ltr'>gnoscenti</span> <span class='ocrx_word' id='word_1_178' title='bbox 441 2391 588 2468; x_wconf 78' lang='lat' dir='ltr'>patefacit.</span> <span class='ocrx_word' id='word_1_179' title='bbox 615 2390 663 2450; x_wconf 88' lang='lat' dir='ltr'>Sic</span> <span class='ocrx_word' id='word_1_180' title='bbox 684 2408 734 2450; x_wconf 83' lang='lat' dir='ltr'>ex.</span> <span class='ocrx_word' id='word_1_181' title='bbox 761 2407 806 2467; x_wconf 86' lang='lat' dir='ltr'>gr.</span> <span class='ocrx_word' id='word_1_182' title='bbox 828 2395 852 2450; x_wconf 94' lang='lat' dir='ltr'>si</span> <span class='ocrx_word' id='word_1_183' title='bbox 873 2393 1022 2468; x_wconf 89' lang='lat' dir='ltr'>quaeritur</span> <span class='ocrx_word' id='word_1_184' title='bbox 1043 2391 1095 2451; x_wconf 89' lang='lat' dir='ltr'>ahs</span> <span class='ocrx_word' id='word_1_185' title='bbox 1116 2399 1144 2451; x_wconf 91' lang='lat' dir='ltr'>te</span> <span class='ocrx_word' id='word_1_186' title='bbox 1165 2410 1217 2452; x_wconf 91' lang='lat' dir='ltr'>cur</span> <span class='ocrx_word' id='word_1_187' title='bbox 1234 2391 1333 2451; x_wconf 83' lang='lat' dir='ltr'>iudices</span> 
     </span>
     <span class='ocr_line' id='line_1_23' title="bbox 273 2491 1331 2568; baseline -0.009 -17"><span class='ocrx_word' id='word_1_188' title='bbox 273 2495 366 2551; x_wconf 83' lang='lat' dir='ltr'>totam</span> <span class='ocrx_word' id='word_1_189' title='bbox 390 2508 449 2549; x_wconf 82' lang='lat' dir='ltr'>esre</span> <span class='ocrx_word' id='word_1_190' title='bbox 473 2492 569 2549; x_wconf 83' lang='lat' dir='ltr'>moins</span> <span class='ocrx_word' id='word_1_191' title='bbox 589 2493 697 2566; x_wconf 83' lang='lat' dir='ltr'>purtc,·</span> <span class='ocrx_word' id='word_1_192' title='bbox 727 2506 827 2548; x_wconf 87' lang='lat' dir='ltr'>verum</span> <span class='ocrx_word' id='word_1_193' title='bbox 854 2506 1023 2564; x_wconf 88' lang='lat' dir='ltr'>responsum</span> <span class='ocrx_word' id='word_1_194' title='bbox 1052 2491 1126 2548; x_wconf 89' lang='lat' dir='ltr'>erit:</span> <span class='ocrx_word' id='word_1_195' title='bbox 1151 2493 1224 2568; x_wconf 81' lang='lat' dir='ltr'>quic</span> <span class='ocrx_word' id='word_1_196' title='bbox 1250 2491 1331 2549; x_wconf 85' lang='lat' dir='ltr'>totum</span> 
     </span>
     <span class='ocr_line' id='line_1_24' title="bbox 272 2585 1334 2666; baseline -0.005 -18"><span class='ocrx_word' id='word_1_197' title='bbox 272 2607 305 2650; x_wconf 87' lang='lat' dir='ltr'>co</span> <span class='ocrx_word' id='word_1_198' title='bbox 326 2591 405 2666; x_wconf 86' lang='lat' dir='ltr'>ipso,</span> <span class='ocrx_word' id='word_1_199' title='bbox 424 2587 503 2665; x_wconf 80' lang='lat' dir='ltr'>quod</span> <span class='ocrx_word' id='word_1_200' title='bbox 524 2592 615 2648; x_wconf 82' lang='lat' dir='ltr'>totum</span> <span class='ocrx_word' id='word_1_201' title='bbox 637 2593 681 2646; x_wconf 86' lang='lat' dir='ltr'>cst</span> <span class='ocrx_word' id='word_1_202' title='bbox 694 2591 813 2664; x_wconf 84' lang='lat' dir='ltr'>portem</span> <span class='ocrx_word' id='word_1_203' title='bbox 833 2585 969 2661; x_wconf 75' lang='lat' dir='ltr'>excedit3</span> <span class='ocrx_word' id='word_1_204' title='bbox 987 2587 1075 2664; x_wconf 80' lang='lat' dir='ltr'>idque</span> <span class='ocrx_word' id='word_1_205' title='bbox 1093 2590 1126 2646; x_wconf 85' lang='lat' dir='ltr'>in</span> <span class='ocrx_word' id='word_1_206' title='bbox 1145 2592 1208 2647; x_wconf 85' lang='lat' dir='ltr'>etus</span> <span class='ocrx_word' id='word_1_207' title='bbox 1230 2587 1334 2646; x_wconf 79' lang='lat' dir='ltr'>notione</span> 
     </span>
     <span class='ocr_line' id='line_1_25' title="bbox 271 2690 448 2747; baseline -0.017 0"><span class='ocrx_word' id='word_1_208' title='bbox 271 2690 448 2747; x_wconf 79' lang='lat' dir='ltr'>continetur.</span> 
     </span>
    </p>

    <p class='ocr_par' dir='ltr' id='par_1_7' title="bbox 273 2777 1336 3742">
     <span class='ocr_line' id='line_1_26' title="bbox 333 2777 1333 2861; baseline -0.009 -17"><span class='ocrx_word' id='word_1_209' title='bbox 333 2786 373 2844; x_wconf 84' lang='lat' dir='ltr'>At</span> <span class='ocrx_word' id='word_1_210' title='bbox 390 2785 528 2861; x_wconf 87' lang='lat' dir='ltr'>quonlam</span> <span class='ocrx_word' id='word_1_211' title='bbox 546 2783 583 2842; x_wconf 88' lang='lat' dir='ltr'>ab</span> <span class='ocrx_word' id='word_1_212' title='bbox 601 2782 705 2842; x_wconf 88' lang='lat' dir='ltr'>obiecti</span> <span class='ocrx_word' id='word_1_213' title='bbox 726 2785 847 2842; x_wconf 84' lang='lat' dir='ltr'>veritate</span> <span class='ocrx_word' id='word_1_214' title='bbox 866 2788 894 2841; x_wconf 88' lang='lat' dir='ltr'>et</span> <span class='ocrx_word' id='word_1_215' title='bbox 914 2783 1045 2843; x_wconf 83' lang='lat' dir='ltr'>realitate</span> <span class='ocrx_word' id='word_1_216' title='bbox 1065 2799 1146 2843; x_wconf 90' lang='lat' dir='ltr'>mens</span> <span class='ocrx_word' id='word_1_217' title='bbox 1165 2783 1274 2843; x_wconf 88' lang='lat' dir='ltr'>moveri</span> <span class='ocrx_word' id='word_1_218' title='bbox 1287 2777 1333 2837; x_wconf 90' lang='lat' dir='ltr'>mi·</span> 
     </span>
     <span class='ocr_line' id='line_1_27' title="bbox 273 2877 1335 2959; baseline -0.002 -19"><span class='ocrx_word' id='word_1_219' title='bbox 273 2883 351 2941; x_wconf 90' lang='lat' dir='ltr'>nime</span> <span class='ocrx_word' id='word_1_220' title='bbox 371 2887 478 2957; x_wconf 84' lang='lat' dir='ltr'>potest,</span> <span class='ocrx_word' id='word_1_221' title='bbox 498 2883 554 2939; x_wconf 93' lang='lat' dir='ltr'>nisi</span> <span class='ocrx_word' id='word_1_222' title='bbox 576 2897 610 2938; x_wconf 84' lang='lat' dir='ltr'>ex</span> <span class='ocrx_word' id='word_1_223' title='bbox 633 2898 667 2938; x_wconf 90' lang='lat' dir='ltr'>ea</span> <span class='ocrx_word' id='word_1_224' title='bbox 688 2897 788 2956; x_wconf 90' lang='lat' dir='ltr'>reapse</span> <span class='ocrx_word' id='word_1_225' title='bbox 811 2882 954 2956; x_wconf 83' lang='lat' dir='ltr'>rapietur,</span> <span class='ocrx_word' id='word_1_226' title='bbox 972 2889 1000 2942; x_wconf 90' lang='lat' dir='ltr'>et</span> <span class='ocrx_word' id='word_1_227' title='bbox 1019 2885 1081 2958; x_wconf 91' lang='lat' dir='ltr'>rapi</span> <span class='ocrx_word' id='word_1_228' title='bbox 1106 2881 1143 2941; x_wconf 88' lang='lat' dir='ltr'>ab</span> <span class='ocrx_word' id='word_1_229' title='bbox 1164 2885 1227 2959; x_wconf 91' lang='lat' dir='ltr'>ipsa</span> <span class='ocrx_word' id='word_1_230' title='bbox 1245 2877 1335 2953; x_wconf 77' lang='lat' dir='ltr'>nequii</span> 
     </span>
     <span class='ocr_line' id='line_1_28' title="bbox 273 2977 1334 3057; baseline -0.008 -19"><span class='ocrx_word' id='word_1_231' title='bbox 273 2981 331 3038; x_wconf 89' lang='lat' dir='ltr'>nisi</span> <span class='ocrx_word' id='word_1_232' title='bbox 356 2980 437 3039; x_wconf 89' lang='lat' dir='ltr'>iiiam</span> <span class='ocrx_word' id='word_1_233' title='bbox 459 2985 526 3038; x_wconf 92' lang='lat' dir='ltr'>actu</span> <span class='ocrx_word' id='word_1_234' title='bbox 550 2995 604 3038; x_wconf 93' lang='lat' dir='ltr'>suo</span> <span class='ocrx_word' id='word_1_235' title='bbox 628 2986 819 3053; x_wconf 80' lang='lat' dir='ltr'>contueatur3</span> <span class='ocrx_word' id='word_1_236' title='bbox 855 2978 962 3039; x_wconf 90' lang='lat' dir='ltr'>idcirco</span> <span class='ocrx_word' id='word_1_237' title='bbox 991 2987 1183 3057; x_wconf 82' lang='lat' dir='ltr'>congruenter</span> <span class='ocrx_word' id='word_1_238' title='bbox 1211 2977 1334 3039; x_wconf 83' lang='lat' dir='ltr'>adiunxi·</span> 
     </span>
     <span class='ocr_line' id='line_1_29' title="bbox 274 3071 1336 3153; baseline -0.001 -18"><span class='ocrx_word' id='word_1_239' title='bbox 274 3094 359 3137; x_wconf 90' lang='lat' dir='ltr'>mus:</span> <span class='ocrx_word' id='word_1_240' title='bbox 384 3078 582 3152; x_wconf 87' lang='lat' dir='ltr'>evidentiam,</span> <span class='ocrx_word' id='word_1_241' title='bbox 603 3094 678 3152; x_wconf 89' lang='lat' dir='ltr'>quae</span> <span class='ocrx_word' id='word_1_242' title='bbox 700 3079 831 3136; x_wconf 87' lang='lat' dir='ltr'>veritatis</span> <span class='ocrx_word' id='word_1_243' title='bbox 851 3080 997 3136; x_wconf 85' lang='lat' dir='ltr'>criterium</span> <span class='ocrx_word' id='word_1_244' title='bbox 1024 3082 1082 3153; x_wconf 88' lang='lat' dir='ltr'>sit,</span> <span class='ocrx_word' id='word_1_245' title='bbox 1105 3079 1196 3137; x_wconf 87' lang='lat' dir='ltr'>tatem</span> <span class='ocrx_word' id='word_1_246' title='bbox 1215 3092 1274 3136; x_wconf 89' lang='lat' dir='ltr'>esse</span> <span class='ocrx_word' id='word_1_247' title='bbox 1295 3071 1336 3128; x_wconf 69' lang='lat' dir='ltr'>de</span> 
     </span>
     <span class='ocr_line' id='line_1_30' title="bbox 273 3174 1334 3254; baseline -0.008 -20"><span class='ocrx_word' id='word_1_248' title='bbox 273 3174 353 3251; x_wconf 86' lang='lat' dir='ltr'>bere,</span> <span class='ocrx_word' id='word_1_249' title='bbox 373 3181 406 3237; x_wconf 90' lang='lat' dir='ltr'>ut</span> <span class='ocrx_word' id='word_1_250' title='bbox 423 3176 460 3234; x_wconf 87' lang='lat' dir='ltr'>ad</span> <span class='ocrx_word' id='word_1_251' title='bbox 480 3182 700 3254; x_wconf 80' lang='lat' dir='ltr'>cognoscentem</span> <span class='ocrx_word' id='word_1_252' title='bbox 720 3183 786 3234; x_wconf 89' lang='lat' dir='ltr'>actu</span> <span class='ocrx_word' id='word_1_253' title='bbox 805 3174 956 3235; x_wconf 83' lang='lat' dir='ltr'>reseratur.</span> <span class='ocrx_word' id='word_1_254' title='bbox 975 3176 1071 3248; x_wconf 88' lang='lat' dir='ltr'>Quare</span> <span class='ocrx_word' id='word_1_255' title='bbox 1088 3178 1142 3235; x_wconf 89' lang='lat' dir='ltr'>etsi</span> <span class='ocrx_word' id='word_1_256' title='bbox 1162 3175 1334 3252; x_wconf 91' lang='lat' dir='ltr'>potissimum</span> 
     </span>
     <span class='ocr_line' id='line_1_31' title="bbox 274 3273 1334 3351; baseline -0.008 -19"><span class='ocrx_word' id='word_1_257' title='bbox 274 3289 325 3349; x_wconf 87' lang='lat' dir='ltr'>per</span> <span class='ocrx_word' id='word_1_258' title='bbox 339 3273 511 3334; x_wconf 80' lang='lat' dir='ltr'>elementum</span> <span class='ocrx_word' id='word_1_259' title='bbox 525 3275 721 3351; x_wconf 83' lang='lat' dir='ltr'>ontoiogicum</span> <span class='ocrx_word' id='word_1_260' title='bbox 742 3273 913 3349; x_wconf 76' lang='lat' dir='ltr'>explicanda</span> <span class='ocrx_word' id='word_1_261' title='bbox 928 3277 965 3332; x_wconf 93' lang='lat' dir='ltr'>sit</span> <span class='ocrx_word' id='word_1_262' title='bbox 983 3273 1129 3333; x_wconf 87' lang='lat' dir='ltr'>evidentia</span> <span class='ocrx_word' id='word_1_263' title='bbox 1151 3273 1265 3349; x_wconf 76' lang='lat' dir='ltr'>(quippe</span> <span class='ocrx_word' id='word_1_264' title='bbox 1275 3281 1334 3327; x_wconf 93' lang='lat' dir='ltr'>cum</span> 
     </span>
     <span class='ocr_line' id='line_1_32' title="bbox 276 3369 1336 3448; baseline -0.005 -19"><span class='ocrx_word' id='word_1_265' title='bbox 276 3374 307 3428; x_wconf 93' lang='lat' dir='ltr'>in</span> <span class='ocrx_word' id='word_1_266' title='bbox 326 3388 361 3431; x_wconf 92' lang='lat' dir='ltr'>eo</span> <span class='ocrx_word' id='word_1_267' title='bbox 378 3375 493 3448; x_wconf 87' lang='lat' dir='ltr'>proprie</span> <span class='ocrx_word' id='word_1_268' title='bbox 513 3377 655 3434; x_wconf 88' lang='lat' dir='ltr'>motivum</span> <span class='ocrx_word' id='word_1_269' title='bbox 674 3372 849 3432; x_wconf 86' lang='lat' dir='ltr'>assentiendi</span> <span class='ocrx_word' id='word_1_270' title='bbox 869 3371 1073 3446; x_wconf 80' lang='lat' dir='ltr'>contineatur),</span> <span class='ocrx_word' id='word_1_271' title='bbox 1090 3379 1188 3430; x_wconf 90' lang='lat' dir='ltr'>tamen</span> <span class='ocrx_word' id='word_1_272' title='bbox 1207 3387 1242 3429; x_wconf 80' lang='lat' dir='ltr'>en</span> <span class='ocrx_word' id='word_1_273' title='bbox 1261 3369 1336 3442; x_wconf 73' lang='lat' dir='ltr'>perte</span> 
     </span>
     <span class='ocr_line' id='line_1_33' title="bbox 275 3464 1334 3548; baseline -0.008 -23"><span class='ocrx_word' id='word_1_274' title='bbox 275 3468 396 3527; x_wconf 88' lang='lat' dir='ltr'>subiecti</span> <span class='ocrx_word' id='word_1_275' title='bbox 425 3471 663 3548; x_wconf 83' lang='lat' dir='ltr'>psychologicum</span> <span class='ocrx_word' id='word_1_276' title='bbox 691 3473 777 3528; x_wconf 84' lang='lat' dir='ltr'>etiarn</span> <span class='ocrx_word' id='word_1_277' title='bbox 809 3470 982 3529; x_wconf 83' lang='lat' dir='ltr'>elementum</span> <span class='ocrx_word' id='word_1_278' title='bbox 1012 3469 1145 3528; x_wconf 90' lang='lat' dir='ltr'>includit.</span> <span class='ocrx_word' id='word_1_279' title='bbox 1176 3469 1239 3527; x_wconf 92' lang='lat' dir='ltr'>Nisi</span> <span class='ocrx_word' id='word_1_280' title='bbox 1266 3464 1334 3522; x_wconf 91' lang='lat' dir='ltr'>enim</span> 
     </span>
     <span class='ocr_line' id='line_1_34' title="bbox 279 3567 1335 3643; baseline -0.003 -20"><span class='ocrx_word' id='word_1_281' title='bbox 279 3582 361 3625; x_wconf 86' lang='lat' dir='ltr'>mens</span> <span class='ocrx_word' id='word_1_282' title='bbox 385 3569 511 3643; x_wconf 86' lang='lat' dir='ltr'>generati</span> <span class='ocrx_word' id='word_1_283' title='bbox 543 3569 779 3628; x_wconf 85' lang='lat' dir='ltr'>determinatione</span> <span class='ocrx_word' id='word_1_284' title='bbox 805 3569 842 3626; x_wconf 87' lang='lat' dir='ltr'>ad</span> <span class='ocrx_word' id='word_1_285' title='bbox 867 3585 967 3627; x_wconf 89' lang='lat' dir='ltr'>verum</span> <span class='ocrx_word' id='word_1_286' title='bbox 993 3567 1169 3643; x_wconf 86' lang='lat' dir='ltr'>afficeretur,</span> <span class='ocrx_word' id='word_1_287' title='bbox 1197 3573 1335 3639; x_wconf 83' lang='lat' dir='ltr'>nunquam</span> 
     </span>
     <span class='ocr_line' id='line_1_35' title="bbox 277 3662 1030 3742; baseline 0.001 -20"><span class='ocrx_word' id='word_1_288' title='bbox 277 3662 388 3723; x_wconf 86' lang='lat' dir='ltr'>obiecto</span> <span class='ocrx_word' id='word_1_289' title='bbox 407 3669 494 3726; x_wconf 87' lang='lat' dir='ltr'>etiam</span> <span class='ocrx_word' id='word_1_290' title='bbox 513 3667 641 3726; x_wconf 80' lang='lat' dir='ltr'>euidenti</span> <span class='ocrx_word' id='word_1_291' title='bbox 661 3673 820 3742; x_wconf 85' lang='lat' dir='ltr'>praestaret</span> <span class='ocrx_word' id='word_1_292' title='bbox 843 3683 992 3726; x_wconf 89' lang='lat' dir='ltr'>assensum</span> <span class='ocrx_word' id='word_1_293' title='bbox 1010 3670 1030 3723; x_wconf 89' lang='lat'>¹.</span> 
     </span>
    </p>
   </div>
   <div class='ocr_carea' id='block_1_6' title="bbox 279 3881 1335 4037">
    <p class='ocr_par' dir='ltr' id='par_1_8' title="bbox 279 3881 1335 4037">
     <span class='ocr_line' id='line_1_36' title="bbox 340 3881 1335 3959; baseline -0.011 -15"><span class='ocrx_word' id='word_1_294' title='bbox 340 3905 375 3944; x_wconf 71' lang='lat' dir='ltr'>to</span> <span class='ocrx_word' id='word_1_295' title='bbox 391 3898 437 3945; x_wconf 87' lang='lat' dir='ltr'>Per</span> <span class='ocrx_word' id='word_1_296' title='bbox 450 3897 527 3946; x_wconf 81' lang='lat' dir='ltr'>temno</span> <span class='ocrx_word' id='word_1_297' title='bbox 546 3911 572 3946; x_wconf 89' lang='lat' dir='ltr'>se</span> <span class='ocrx_word' id='word_1_298' title='bbox 590 3911 633 3959; x_wconf 88' lang='lat' dir='ltr'>per</span> <span class='ocrx_word' id='word_1_299' title='bbox 651 3897 769 3958; x_wconf 86' lang='lat' dir='ltr'>principio</span> <span class='ocrx_word' id='word_1_300' title='bbox 788 3898 852 3945; x_wconf 81' lang='lat' dir='ltr'>dolia</span> <span class='ocrx_word' id='word_1_301' title='bbox 868 3901 974 3946; x_wconf 76' lang='lat' dir='ltr'>certunm</span> <span class='ocrx_word' id='word_1_302' title='bbox 989 3897 1046 3945; x_wconf 82' lang='lat' dir='ltr'>vuoi</span> <span class='ocrx_word' id='word_1_303' title='bbox 1066 3892 1206 3957; x_wconf 80' lang='lat' dir='ltr'>signiticursi</span> <span class='ocrx_word' id='word_1_304' title='bbox 1226 3889 1263 3937; x_wconf 85' lang='lat' dir='ltr'>cio</span> <span class='ocrx_word' id='word_1_305' title='bbox 1277 3881 1335 3932; x_wconf 73' lang='lat' dir='ltr'>ondt&#39;</span> 
     </span>
     <span class='ocr_line' id='line_1_37' title="bbox 279 3959 1334 4037; baseline -0.006 -15"><span class='ocrx_word' id='word_1_306' title='bbox 279 3993 289 4012; x_wconf 87' lang='lat'><em>·</em></span> <span class='ocrx_word' id='word_1_307' title='bbox 304 3977 407 4035; x_wconf 83' lang='lat' dir='ltr'>procede</span> <span class='ocrx_word' id='word_1_308' title='bbox 421 3979 445 4027; x_wconf 82' lang='lat' dir='ltr'>in</span> <span class='ocrx_word' id='word_1_309' title='bbox 458 3978 498 4027; x_wconf 87' lang='lat' dir='ltr'>noi</span> <span class='ocrx_word' id='word_1_310' title='bbox 510 3977 624 4025; x_wconf 85' lang='lat' dir='ltr'>i’usscaso</span> <span class='ocrx_word' id='word_1_311' title='bbox 637 3983 712 4037; x_wconf 76' lang='lat' dir='ltr'>certo,</span> <span class='ocrx_word' id='word_1_312' title='bbox 726 3977 789 4025; x_wconf 73' lang='lat' dir='ltr'>rossia</span> <span class='ocrx_word' id='word_1_313' title='bbox 803 3993 829 4025; x_wconf 81' lang='lat' dir='ltr'>se</span> <span class='ocrx_word' id='word_1_314' title='bbox 842 3979 897 4025; x_wconf 75' lang='lat' dir='ltr'>aursi</span> <span class='ocrx_word' id='word_1_315' title='bbox 911 3977 1053 4037; x_wconf 66' lang='lat' dir='ltr'>signiticaret</span> <span class='ocrx_word' id='word_1_316' title='bbox 1065 3977 1121 4037; x_wconf 75' lang='lat' dir='ltr'>quiet</span> <span class='ocrx_word' id='word_1_317' title='bbox 1135 3973 1248 4025; x_wconf 81' lang='lat' dir='ltr'>ruotivue</span> <span class='ocrx_word' id='word_1_318' title='bbox 1262 3959 1334 4026; x_wconf 64' lang='lat' dir='ltr'>diutili</span> 
     </span>
    </p>
   </div>
   <div class='ocr_carea' id='block_1_7' title="bbox 0 0 1463 4425">
    <p class='ocr_par' dir='ltr' id='par_1_9' title="bbox 0 0 1463 4425">
     <span class='ocr_line' id='line_1_38' title="bbox 0 0 1463 4425; baseline 0 0"><span class='ocrx_word' id='word_1_319' title='bbox 0 0 1463 4425; x_wconf 95' lang='lat' dir='ltr'> </span> 
     </span>
    </p>
   </div>
  </div>
 </body>
</html>
