2892 4425
239 343 297 392 too
565 347 805 392 usrsrnrstcsx
826 347 986 392 assereus
1027 375 1031 383 .

236 457 330 518 Ilenm
347 455 454 533 infert,
469 463 500 516 et
512 455 838 534 plyrieotlteolopieum
858 460 1002 517 numium.
1025 457 1156 518 Tertium
1176 457 1258 536 qnod
1282 463 1327 521 ab

237 555 304 614 idea
323 556 430 614 summi
450 553 587 614 Numinis
608 556 738 614 eiusdem
758 557 943 615 existentiam
961 555 1098 631 deducit,
1119 563 1149 616 et
1168 557 1326 636 nautologi-
1430 593 1431 596 κ

237 663 305 712 eum
323 647 406 712 dlelt.
428 651 541 713 liuram
560 669 629 712 vero
642 653 756 712 nnllam
775 659 885 713 metam
900 655 1044 730 attingere
1062 656 1115 714 alt.
1138 655 1234 732 Ergo,
1248 672 1325 716 eon-

237 749 348 826 elndit,
368 753 444 810 ratio
463 751 622 810 theoretioa
645 753 793 810 inermum
815 750 919 827 pandit
937 751 1000 810 alas
1019 759 1054 811 nt
1074 752 1152 812 ultra
1170 753 1323 814 mnndnrn

235 848 404 928 sensibilem
422 848 588 908 transvolet
607 851 630 906 ¹.

297 947 336 1006 Et
349 963 421 1007 sane
438 947 476 1006 ad
496 953 701 1022 argumentum
715 947 914 1023 ontologleum
932 950 946 988 ²
965 947 1043 1024 quod
1064 951 1206 1024 pertinet,
1224 953 1322 1014 variis

238 1045 402 1106 retlonllins
425 1045 556 1104 ostendit
577 1061 637 1103 non
663 1059 747 1118 posse
772 1046 959 1104 existentiam
984 1061 1022 1104 ex
1047 1045 1240 1120 possibilitate
1266 1047 1322 1108 de·

237 1143 324 1220 daei,
345 1159 440 1221 neque
463 1143 555 1202 soline
579 1141 691 1201 ordinis
714 1142 818 1202 ideslls
840 1141 1019 1202 adminiculo
1043 1143 1175 1202 ordinem
1204 1145 1321 1205 realem

237 1242 351 1303 inferri.

296 1341 510 1418 Argumentum
530 1355 601 1399 vero
618 1339 847 1414 eosmologloum
867 1341 898 1397 in
917 1339 1115 1416 outologieum
1135 1340 1253 1400 relnndi
1272 1357 1321 1402 as-

236 1442 318 1499 serit.
338 1440 382 1498 Eo
400 1442 494 1513 enim,
515 1445 626 1498 statuta
645 1437 735 1496 semel
757 1439 912 1496 existentia
931 1440 1007 1496 entis
1027 1439 1200 1512 necessarii,
1220 1443 1319 1498 eonti-

236 1553 297 1597 nuo
324 1536 361 1594 ad
387 1539 450 1595 elus
475 1535 649 1595 intinitatem
676 1534 885 1594 ostendendam
913 1534 1103 1610 proceditur,
1131 1535 1320 1614 habeturque

230 1632 359 1708 'prolude
381 1633 453 1692 haee
477 1636 657 1709 propositio:
685 1650 736 1692 ens
759 1635 954 1694 necessarium
976 1637 1020 1692 est
1045 1633 1206 1709 infinitum.
1235 1634 1319 1695 Haeo

236 1746 308 1790 vero
327 1731 371 1788 sle
391 1733 521 1790 converti
543 1736 638 1806 potest
657 1734 741 1790 iuxta
759 1730 943 1791 dialecticos:
965 1731 1117 1806 infinitum
1136 1737 1179 1790 est
1197 1749 1249 1792 ears
1266 1750 1319 1792 aa·

236 1831 411 1902 emortum,
431 1844 483 1887 seu
504 1831 612 1887 existit
630 1832 803 1888 necessario.
826 1831 867 1888 Ar
886 1831 917 1888 in
937 1836 1085 1905 postrema
1103 1829 1159 1888 hae
1181 1835 1316 1906 proposi·

235 1929 316 1985 tione
340 1941 427 1986 nemo
451 1942 512 1985 non
537 1926 618 1984 ridet
642 1929 829 1986 existentiam
855 1944 890 1986 ex
916 1929 992 1986 entis
1015 1929 1170 1987 necessarii
1193 1931 1316 1990 notione

236 2023 352 2084 dednol.
375 2024 454 2102 Ergo
469 2031 675 2101 argumentum
688 2024 915 2100 eosmologioum
930 2027 960 2082 in
977 2026 1174 2102 ontologieum
1193 2026 1314 2086 tandem

220 2123 403 2196 ,resolvitur
428 2123 580 2184 Praeterea
601 2122 648 2182 les
669 2122 851 2182 ennsalitatis
868 2125 984 2182 nonnisi
1003 2125 1134 2200 regulam
1153 2124 1315 2200 qnamdam
1430 2099 1431 2156 ἶ

236 2222 402 2297 sappeditat
421 2222 709 2299 phaenomenornm,
731 2230 759 2281 et
780 2222 910 2281 ordinem
936 2216 1091 2282 dumtaxat
1114 2223 1311 2283 subiectivnm

236 2321 363 2393 respicit.
386 2317 460 2379 Cum
480 2322 570 2395 igitur
586 2320 625 2378 nd
639 2322 824 2379 existentiam
843 2320 1024 2379 inserendam
1041 2322 1215 2393 assumitur,
1229 2322 1312 2395 prln·

234 2418 342 2493 elplnm
360 2417 560 2495 reputationem
581 2422 612 2476 in
633 2421 858 2477 constitutivum
879 2426 1113 2494 transmutatur,
1135 2420 1190 2479 hoe
1210 2426 1312 2479 autem

234 2515 381 2591 subreptio
401 2516 544 2591 quaedam
567 2518 674 2575 mentis
699 2523 792 2575 estet
814 2516 939 2577 lallaeia.

292 2614 422 2675 Tandem
449 2621 656 2692 argumentum
680 2614 1000 2692 physlootheologienm
1028 2630 1086 2675 non
1107 2617 1174 2692 plns
1196 2615 1311 2676 roboris

235 2716 349 2772 retinet.
371 2713 446 2773 Nam
465 2716 495 2771 io
513 2716 616 2788 primis
632 2730 669 2772 ex
686 2730 786 2773 rernm
802 2714 903 2773 ordine
920 2715 1080 2793 finiumque
1095 2720 1233 2775 contextu
1251 2718 1311 2774 exl-

232 2813 340 2869 stentla
357 2827 465 2871 oausae
484 2812 606 2871 alieuius
625 2812 668 2871 illi
688 2812 926 2871 accommodatae
943 2812 1046 2873 inlerrl
1061 2819 1176 2873 tantnm
1195 2818 1310 2891 potest,

231 2923 291 2965 non
317 2922 387 2965 vero
412 2915 508 2965 certae
534 2908 687 2967 cuiusdam
717 2914 747 2967 et
774 2908 892 2984 quidem
923 2909 1055 2969 infinitae
1085 2909 1305 2986 intelligentiae.

291 3125 299 3167 ι
321 3118 422 3167 Gritlro
439 3119 557 3167 italiorrts
574 3121 672 3169 Parae.
689 3121 794 3172 Dialect.
811 3122 1002 3175 'transcendent
1021 3122 1037 3171 l.
1055 3130 1082 3185 2,
1100 3136 1123 3172 e.
1142 3128 1170 3184 ³,
1186 3136 1236 3173 see.
1255 3129 1280 3172 t.

289 3204 303 3247 u
321 3199 496 3259 Argumentum
512 3198 574 3260 hoo,
588 3199 657 3261 qnod
672 3203 744 3253 aDoi
761 3203 815 3253 idea
832 3204 870 3253 rel
888 3204 1063 3267 possibilitate,
1076 3202 1185 3255 eiusdem
1203 3203 1308 3253 existen·

230 3277 291 3326 tiam
308 3277 395 3339 infert,
408 3276 516 3351 primum
533 3281 683 3343 excogitavit
698 3284 723 3331 s.
737 3284 879 3345 anselmus,
890 3282 979 3335 deinde
992 3282 1116 3333 Cartesius
1132 3284 1156 3331 et
1170 3282 1309 3333 Leibnitlns

229 3356 405 3406 instaurarunt.
423 3358 548 3408 Cartesius
564 3361 630 3409 enim
651 3374 681 3409 ex
702 3360 758 3411 idea
774 3363 838 3412 entis
858 3376 954 3412 summe
975 3362 1075 3425 perlecti
1095 3362 1250 3412 existentiam
1272 3364 1307 3413 siu

229 3435 337 3485 derivat:
351 3436 501 3500 «Quidquid
518 3441 544 3488 in
565 3438 622 3490 idea
642 3441 710 3491 clara
731 3444 756 3491 et
778 3442 895 3493 distincta
915 3442 1005 3492 obiecti
1027 3442 1133 3493 alicuius
1151 3444 1306 3503 continetur,

235 3535 247 3556 κ
260 3515 432 3567 affirmandum
448 3517 480 3568 de
494 3519 548 3583 ipso
564 3523 609 3570 est.
627 3521 702 3585 Atqui
719 3522 744 3570 in
764 3522 820 3572 idea
842 3522 906 3573 entis
928 3535 1025 3573 summe
1047 3522 1146 3585 perlecti
1166 3523 1308 3573 continetur

229 3615 241 3637 a
258 3598 405 3659 existentia,
421 3611 493 3649 seeos
510 3613 560 3649 non
581 3604 646 3651 esset
660 3602 792 3652 eiusmodi.
812 3606 875 3665 Ergo
891 3604 941 3653 Ens
957 3616 1053 3653 summe
1070 3604 1205 3666 perlectum
1221 3614 1308 3653 revera

227 3699 238 3718 u
257 3676 348 3727 existit.
361 3697 373 3719 ι»
387 3679 496 3741 (Ptine.
510 3681 580 3743 pou.
598 3695 623 3745 p.
640 3690 701 3745 1,o.
719 3687 756 3733 tl.
767 3682 785 3747 ).
802 3683 940 3733 Leitnitius
956 3696 1015 3733 vero
1029 3673 1193 3747 possibilitate
1209 3684 1253 3733 Dei
1270 3684 1304 3733 in·

227 3760 301 3809 nixus
316 3758 530 3815 sioratlooiuatus
546 3765 595 3812 est:
611 3763 754 3813 «possibile
769 3766 807 3814 est
823 3767 902 3814 Deum
918 3765 1037 3826 existere;
1056 3765 1124 3814 nulla
1139 3760 1264 3827 siqnidem
1281 3764 1305 3814 in

217 3860 239 3885 s
256 3840 303 3889 troo
319 3840 455 3890 involvitur
472 3844 641 3905 repugnantia.
660 3843 746 3896 sedai
763 3847 829 3894 Deus
845 3846 970 3907 possibilis
989 3848 1041 3906 est,
1059 3844 1143 3895 existit
1149 3863 1157 3907 ;
1174 3844 1305 3895 existentia

228 3939 240 3960 «ι
256 3921 323 3969 enim
344 3922 369 3970 in
390 3922 443 3985 ipso
464 3936 521 3972 enm
541 3924 708 3986 possibilitate
728 3925 896 3975 contunditur.
914 3928 978 3987 Ergo
998 3927 1065 3975 Deus
1084 3937 1170 3989 reapse
1186 3925 1302 3975 existit.»

247 4000 283 4045 De
300 3998 328 4048 lo
342 4000 485 4052 demonstr.
506 4004 675 4053 tartaream
692 4003 726 4053 dr
744 4004 842 4055 l'ralsl.
860 4004 891 4054 de
911 4006 995 4067 litere)
1011 4008 1057 4068 op.
1074 4008 1094 4055 t.
1113 4013 1140 4067 t,
1158 4019 1181 4067 p.
1200 4012 1255 4057 til.
