2892 4425
257 365 315 416 26⁰
584 368 801 412 lautumias
822 369 994 412 anselinus

262 480 471 555 distinguitur,
483 477 610 536 deiram
627 492 713 536 nerim
732 491 790 536 uun
814 475 903 536 videt.
924 476 955 538 Si
975 479 1053 536 enlm
1073 480 1103 536 iu
1121 479 1334 540 mutationibus

258 579 414 654 nurpareta,
434 589 510 652 quae
531 575 645 636 aetium
657 574 734 634 liunt
752 573 939 636 allieieulium
960 582 1139 650 creaturum,
1154 575 1195 634 nil
1216 579 1334 651 uaplnm
1408 629 1414 636 .

260 681 291 736 iu
313 675 436 735 nibilum
455 674 547 751 redigi
565 679 661 751 potest
675 674 724 750 iad
738 673 794 734 bue
807 677 885 733 enim
900 677 993 734 virtus
1011 673 1125 734 inlinita
1148 677 1331 753 requiritur);

259 773 423 832 subiectum
445 772 550 832 barum
571 774 777 847 mutationum,
799 788 901 848 nempe
914 774 1051 848 materia,
1066 785 1215 848 uunquam
1233 774 1264 832 vl
1280 789 1333 834 aa·
1438 817 1442 822 -

235 875 323 930 fuum
342 873 436 948 perire
455 876 550 947 puteat
571 887 626 930 nee
645 870 744 946 eliqua
763 871 808 929 sui
828 877 910 945 parte
931 870 977 930 vel
997 872 1159 947 quantitate
1177 871 1310 932 desituri.

162 958 165 968 ’
318 969 395 1046 drssa
408 970 586 1028 Kmdauum
600 973 795 1026 aumrueutum
818 983 875 1026 nun
896 967 991 1028 sulum
1005 975 1125 1028 naturae
1143 972 1250 1052 mentis
1274 987 1331 1030 nn-

257 1075 335 1128 strae
350 1068 539 1142 mummium
559 1065 611 1126 sed
626 1067 715 1126 dnm
734 1068 814 1125 umul
831 1065 972 1141 probabili
992 1071 1044 1125 aut
1062 1064 1166 1126 saltem
1180 1069 1333 1142 apparenti

257 1167 368 1226 raduue
385 1164 562 1226 destituitur.
581 1163 690 1238 Quare,
707 1170 740 1223 ul
757 1163 832 1222 male
851 1165 1036 1224 materiatum
1055 1162 1230 1240 aedlllrlum,
1253 1165 1334 1224 mule

259 1267 321 1340 ipsa
338 1263 397 1322 rull
418 1277 481 1321 ena.

671 1461 853 1520 harenam
872 1460 909 1519 V.
949 1439 953 1448 ¹

265 1709 269 1714 .
306 1659 410 1720 annae
433 1658 471 1719 a
487 1659 648 1736 presepia
670 1658 952 1736 maanaim
972 1621 1105 1720 meran
1131 1657 1279 1720 ranan.

318 1858 368 1910 ⁸8.
391 1849 422 1910 Si
441 1850 522 1910 Kaul
543 1849 725 1926 exnedeudo,
747 1849 842 1910 liume
861 1850 1038 1910 detrahendo
1062 1849 1145 1910 nubis
1173 1859 1329 1927 repugnat.

256 1947 332 2008 Nam
352 1963 419 2008 aeer
439 1947 488 2006 bie
501 1949 686 2024 seeptieismi
705 1949 884 2009 instaurator
904 1948 1035 2008 mnnedit
1055 1965 1125 2008 sane
1145 1951 1329 2008 automatum

256 2046 542 2123 experimentalium,
556 2051 700 2123 quatenus
714 2046 876 2106 adsimiles
895 2047 1017 2107 elluatus
1035 2063 1073 2106 ex
1098 2048 1242 2108 similibus
1261 2063 1330 2108 ean·

255 2149 298 2206 ale
315 2145 510 2223 expectandus
522 2161 556 2204 se
567 2144 756 2222 protendunt,
770 2147 913 2204 internam
931 2148 962 2205 iu
983 2151 1079 2205 menta
1092 2147 1243 2206 bominum
1264 2163 1328 2223 per·

256 2247 441 2321 auasluuem3
462 2252 493 2305 at
512 2244 734 2305 fundamentum
753 2261 789 2303 ex
816 2245 928 2305 obieeta
948 2244 1154 2321 desumptum,
1176 2260 1227 2305 seu
1247 2244 1327 2305 oble·

255 2345 365 2402 udvam
389 2342 555 2403 eurumdem
580 2343 803 2418 mutitudinem,
825 2343 1008 2403 vehementer
1029 2350 1125 2421 negat.
1155 2342 1206 2404 lile
1224 2347 1326 2420 euim,

255 2440 544 2517 experientiamque
560 2440 630 2501 baec
643 2440 751 2501 iudicia
764 2444 908 2517 nituntur,
917 2458 1049 2519 quaeque
1064 2444 1243 2502 lunationem
1257 2442 1325 2502 snb

256 2542 362 2599 leuium
376 2542 452 2599 inter
471 2546 501 2599 et
518 2538 691 2599 attributam
704 2554 805 2599 eurum
819 2542 922 2615 aperit,
937 2541 996 2598 viru
1012 2539 1122 2599 unllam
1137 2539 1253 2615 habere,
1270 2542 1327 2599 uisi

256 2638 353 2714 quoad
372 2639 423 2697 iila
451 2636 603 2697 individua
630 2622 706 2714 quae
728 2639 786 2696 iarn
807 2637 958 2712 explorata
978 2644 1057 2697 sunt.
1082 2638 1128 2697 lu
1154 2638 1211 2697 alia
1236 2654 1324 2713 vero,

256 2750 332 2811 quae
352 2734 480 2795 nondum
499 2737 610 2810 experti
630 2751 747 2811 eumue,
764 2737 871 2795 veritas
885 2739 1136 2810 pronuntiatarum
1151 2738 1327 2811 experimen·

256 2833 359 2893 talium
373 2832 493 2907 produci
513 2848 572 2891 uon
593 2838 698 2909 puteat,
714 2835 772 2893 ulal
792 2836 880 2893 tacite
897 2832 1088 2896 subaudiatur
1108 2834 1324 2894 similitudinem

256 2938 366 2993 wilm
387 2946 422 2989 ae
442 2936 535 2991 rutam
556 2932 656 2991 baberi
676 2936 752 2991 iuter
772 2940 911 2996 eventura
932 2933 1131 3009 phaenomena
1150 2942 1232 2994 elea
1251 2950 1326 3010 quae

255 3034 315 3089 iam
336 3032 517 3105 praeteriere.
537 3030 633 3102 Quare
652 3030 769 3090 firmum
790 3037 859 3091 auia
878 3035 976 3093 auimo
1000 3036 1131 3109 captatur
1152 3038 1264 3109 oportet
1283 3033 1324 3092 el-

257 3128 350 3189 fatum
364 3128 434 3187 hoe:
461 3131 609 3187 iramuelo
621 3125 762 3203 jutarum
782 3134 841 3190 erit
859 3130 1019 3192 emerimile.
1047 3129 1134 3207 Atqui
1157 3131 1187 3191 id
1206 3131 1324 3191 firmum

258 3244 316 3287 nun
336 3242 399 3287 ease
418 3226 505 3301 dlelt3
526 3232 676 3301 propterea
694 3228 772 3304 qnod
794 3245 887 3306 nuque
905 3230 1073 3289 immediata
1092 3231 1230 3291 relatione
1249 3230 1325 3289 ideu-

255 3341 334 3401 rum,
356 3340 448 3400 neque
466 3326 645 3400 experientia
664 3325 812 3387 fulcietur.
841 3326 905 3386 Non
927 3328 1067 3387 relatione
1088 3327 1234 3403 idearum3
1256 3329 1325 3403 qula

255 3424 338 3483 uuila
357 3438 456 3499 pugna
475 3430 664 3499 uaneeptuum
685 3427 715 3483 lu
736 3441 771 3485 eo
790 3430 845 3501 est,
866 3426 945 3502 quod
970 3425 1100 3485 futurum
1122 3432 1268 3485 manmnto
1288 3428 1325 3484 sit

256 3521 400 3581 absimile.
416 3520 480 3581 Nou
497 3524 690 3599 experienita3
707 3526 778 3599 qula
790 3522 921 3583 futurum
936 3524 1064 3583 noudum
1078 3524 1194 3599 suuldlt,
1209 3540 1244 3583 ae
1259 3540 1323 3600 pru

254 3619 323 3681 inde
337 3618 466 3679 nondum
484 3622 679 3697 experientiae
699 3624 792 3697 potuit
811 3638 874 3681 esse
894 3621 1066 3682 subiectam.
1089 3622 1177 3694 Hine,
1199 3624 1325 3699 sueplina

255 3719 399 3780 sulutluue
414 3726 510 3796 utens,
524 3736 562 3781 ex
574 3736 655 3781 more
667 3724 698 3780 et
710 3719 916 3805 mansetudine
931 3726 1050 3781 muium
1067 3724 1169 3797 repetit
1181 3724 1322 3781 internam

254 3818 345 3877 aulml
363 3821 591 3895 persuasionem,
611 3834 670 3895 qua
689 3818 861 3879 veritatibus
873 3818 932 3879 illia
952 3818 1322 3879 ulimmerianum

315 4036 324 4080 i
343 4030 433 4081 imula
454 4029 602 4093 Pieiiaeupb.
624 4042 672 4081 aar
688 4028 1008 4083 i’enieademenibumuia
1029 4034 1048 4083 i.
1068 4039 1089 4091 1,
1111 4032 1178 4083 Esset
1190 4032 1222 4080 111
1237 4032 1262 4081 ei
1281 4032 1311 4079 v.
