2892 4425
564 362 642 409 PARS
663 362 767 409 Plldss
1109 385 1111 389 ’
1167 356 1204 411 61

25 524 29 537 ,
117 437 211 547 'Quod
224 488 282 567 qua
294 460 407 533 ratione
420 474 573 550 contingat
587 490 657 533 mox
669 472 819 551 dicemus,
837 471 888 533 scd
908 470 945 532 de
958 474 1137 550 simpliciore
1149 472 1207 555 bae

128 571 350 649 argumentandi
371 571 465 631 forma
483 570 570 647 paulo
591 570 686 630 insius
708 578 776 630 anie
796 570 951 630 dicendum
968 576 1023 630 est.

185 668 380 746 syllogismus
402 684 437 727 ca
453 668 560 733 dicitur
576 671 803 745 argumentatio,
822 684 882 744 qam
894 667 1009 728 duabus
1023 671 1127 744 positis
1140 686 1207 745 pro·
1279 688 1286 698 “
1306 686 1311 695 ·

128 766 339 842 positionibus,
361 768 477 825 tertiam
497 766 635 841 consequi
654 770 844 825 necesscaai.
864 764 941 824 ilinc
958 765 1106 843 perlucet,
1127 768 1208 843 quod

119 848 122 856 ¹
128 866 260 939 proxime
282 865 405 939 asserui,
427 864 523 939 ipsum
540 878 603 921 esse
616 862 789 938 completam
811 867 840 920 ei
857 861 1104 936 simplicissimam
1119 860 1207 923 ratio·

76 954 82 967 ’
128 962 197 1019 cinit
217 962 442 1035 expressionem.
464 960 657 1019 Ratiocinatio
678 961 763 1017 enim·
776 958 871 1019 tribus
886 958 1002 1017 iudiciis
1020 974 1123 1019 reuera
1138 948 1207 1019 cons

128 1062 206 1133 stat;
226 1073 293 1116 eum
313 1059 344 1115 in
363 1056 431 1131 hnc,
454 1061 518 1115 tota
537 1062 704 1132 quantaque
724 1061 780 1130 eat,
803 1060 947 1130 uertatur,
965 1062 1001 1115 ut
1020 1054 1094 1116 duas
1112 1056 1209 1136 ideas,

129 1169 254 1230 quarum
272 1154 505 1213 convenientiam
527 1151 573 1211 vel
587 1168 724 1229 pugnam
745 1167 826 1211 mens
846 1152 1015 1211 immediate
1037 1168 1097 1211 non
1115 1152 1207 1230 videt,

130 1252 233 1309 tertiae
250 1248 367 1308 cuidam
386 1248 467 1307 ideae
484 1255 661 1323 componat,
679 1254 713 1307 ut
735 1248 803 1307 inde
822 1250 1018 1323 cognitionem
1035 1249 1117 1307 illam
1139 1253 1209 1309 arri-

130 1348 202 1421 piet.
225 1346 273 1405 Sic
295 1348 326 1405 ln
343 1348 491 1421 superiore
512 1346 657 1422 exemplo.
671 1362 740 1405 oum
760 1362 843 1406 mens
862 1348 1011 1422 ignoraret
1031 1352 1130 1406 utrum
1149 1350 1211 1408 eni·

79 1436 82 1451 '
130 1457 197 1503 mus
213 1442 337 1518 simplex
356 1449 451 1519 esset,
468 1445 585 1502 tertiam
607 1444 767 1518 assumpsit
786 1443 902 1518 ideam,
920 1445 1110 1519 cogitationis
1126 1446 1211 1521 prisa-

130 1540 240 1615 sipisim
247 1582 257 1613 ‚
280 1556 406 1615 quacum
424 1539 571 1616 duplicem
591 1539 674 1599 illam
692 1539 864 1617 conferens,
885 1542 928 1599 ita
950 1542 1125 1601 ratiocinata
1144 1548 1207 1602 est:
1230 1606 1237 1613 ,

129 1635 282 1713 Cogitandi
296 1640 471 1714 principium
486 1644 532 1697 est
544 1639 685 1714 simplex;
703 1636 754 1697 sed
772 1639 888 1697 animus
907 1644 953 1697 est
967 1637 1117 1715 ¹cogitandi
1129 1639 1210 1714 prin·

130 1736 263 1811 cipium3
283 1750 352 1812 ergo
372 1736 488 1793 animus
504 1741 548 1795 est
567 1736 701 1810 simplex.

189 1832 235 1893 lix
254 1849 313 1911 qua
332 1831 563 1915 consideratione
581 1838 660 1908 patet
682 1831 771 1909 (quod
788 1832 845 1895 cist
866 1848 955 1908 saepe
970 1830 1082 1893 dictum
1100 1834 1151 1908 sii,
1165 1832 1210 1891 dl·

130 1931 254 2009 cendum
276 1937 374 1990 tamen
392 1916 586 2006 estlasspius)
608 1931 733 2005 ineptire
753 1932 873 1989 ommno
895 1944 962 2004 eos,
989 1930 1041 2005 qni
1061 1930 1210 1989 Buconum

131 2030 238 2089 imitati
255 2029 458 2185 yllogbmum
475 2028 655 2104 contemptui
673 2026 795 2103 babent,
812 2018 967 2102 ipsumque
982 2042 1019 2084 ne
1034 2025 1128 2084 bllnm
1145 2027 1210 2102 qul·

128 2125 194 2186 dem
209 2127 247 2186 ad

130 2239 212 2284 mero
234 2241 321 2284 nemo
342 2224 497 2284 mirabitur
516 2240 580 2284 esse
597 2223 715 2300 Locke,
736 2222 908 2298 Condillac,
934 2221 1052 2298 Tracy3
1073 2227 1105 2280 at
1123 2223 1211 2280 mira·

132 2323 212 2382 bitur
232 2337 302 2380 sane
322 2321 426 2382 borum
447 2322 557 2381 actricis
577 2335 614 2380 ex
632 2322 710 2396 turpi
730 2320 856 2396 Logieae
874 2320 1057 2395 ignoratione
1074 2317 1212 2394 proiectis

49 2489 57 2502 ι
132 2434 203 2478 snos
217 2420 305 2476 etiem
322 2419 490 2476 adiunxisse
503 2417 639 2476 stewart.
656 2415 745 2492 Sede
758 2413 931 2490 pbilosopbo
945 2415 1059 2488 penitus
1072 2413 1212 2487 empirice

132 2515 208 2576 nibil
228 2515 330 2574 melius
348 2517 512 2590 exspectari
532 2519 655 2588 poterat.
677 2511 810 2571 Ceterum
828 2514 880 2588 oui
898 2512 1023 2570 senioris
1043 2513 1113 2568 sunt
1130 2523 1212 2566 men·

131 2617 170 2674 tis
191 2610 457 2692 syllogismuman
479 2609 587 2687 iniquis
605 2609 758 2669 meatibus
777 2609 957 2668 vindicatum
984 2607 1121 2684 dignitati
1142 2621 1213 2666 sane

131 2711 322 2770 restituerunt
345 2709 368 2785 ¹,
392 2723 444 2768 nec
462 2709 618 2784 qnisquam
637 2708 667 2765 in
686 2709 831 2783 praesenti
848 2712 909 2783 est,
928 2706 1016 2766 mmo
1033 2704 1145 2781 aliquid
1163 2719 1212 2764 sa·

191 2875 280 2927 tilido
298 2875 362 2925 inter
379 2876 441 2925 alios
462 2877 499 2924 iis
514 2876 632 2925 Geaanno
651 2877 702 2924 Des
720 2876 807 2937 storace
822 2876 849 2924 et
865 2872 899 2924 de
919 2871 990 2922 i'crt
1009 2870 1042 2922 de
1057 2881 1173 2935 peaser,
1187 2871 1214 2922 et

22 2953 41 3028 Ι·
130 2959 254 3008 Gamurrr
270 2955 541 3019 mauracense.
554 2957 609 3005 Les.
623 2960 654 3006 iti
671 2969 685 3005 e
704 2969 770 3018 segg.

1015 2991 1036 3022 Ι

134 3068 143 3080 ·
188 3039 281 3088 conam
298 3037 323 3085 in
333 3036 431 3087 laudem
442 3036 578 3098 syllogismi
594 3036 654 3085 baec
668 3035 752 3086 babet.
764 3054 777 3079 ι
787 3033 950 3097 syllogismus
962 3032 1086 3095 legitimus
1095 3031 1213 3082 eximiam
1267 3089 1271 3094 ¹

130 3117 274 3174 «subaudit
288 3116 412 3174 culturam
427 3127 503 3178 quarn
514 3115 588 3164 simul
599 3116 704 3165 testatur
721 3116 747 3164 ct
761 3116 843 3177 auget.
862 3112 996 3164 Enimvero
1006 3110 1159 3174 impossibile
1174 3113 1213 3163 cst

130 3216 144 3242 e
155 3197 260 3248 tonnam
278 3195 435 3259 cogitationis
449 3196 484 3244 nil
503 3194 606 3244 intinere
623 3195 650 3244 in
666 3193 842 3256 cogitationem
853 3192 949 3255 ipsamp
967 3203 997 3241 ac
1012 3189 1164 3241 resolutione
1178 3203 1215 3244 ra·

131 3297 144 3322 ι
157 3277 253 3328 tiocirrii
271 3276 364 3330 mares
379 3276 498 3326 terminos
513 3273 673 3335 essentiales,
690 3273 734 3337 qui
749 3273 831 3336 ipsum
844 3272 1007 3333 constituunt,
1022 3283 1072 3320 non
1086 3270 1152 3320 edici
1164 3269 1214 3320 dis·

129 3377 143 3401 a
155 3357 295 3407 doctiorem
312 3368 342 3404 ac
358 3355 506 3406 securiorem
517 3354 698 3418 perceptionem
715 3353 863 3404 rdabonum
880 3351 1067 3402 convenentias
1083 3352 1109 3400 et
1125 3349 1214 3399 discas

130 3451 145 3480 a
159 3435 266 3498 pontiae,
281 3447 345 3496 quae
361 3435 417 3486 ilios
432 3436 523 3485 uniant
541 3439 584 3484 aut
600 3435 724 3497 separant.
740 3436 761 3483 li
780 3433 880 3496 regione
895 3432 990 3494 positae
1006 3433 1100 3490 motor,
1116 3432 1212 3489 miror,

131 3534 146 3560 e
159 3513 257 3573 iiiotto,
272 3525 330 3562 suos
345 3526 416 3563 reros
431 3516 557 3577 respectus
571 3515 638 3577 ipsae
653 3525 697 3575 per
712 3525 740 3564 se
755 3512 914 3576 patciaciunt,
930 3524 961 3561 ac
975 3510 1029 3561 sola
1043 3522 1130 3560 carum
1146 3511 1214 3559 certa

35 3593 41 3600 '
119 3613 144 3638 ·«
157 3567 350 3642 enumerationis
362 3591 401 3641 ris
414 3593 438 3642 et
455 3593 625 3656 dispositionis
641 3592 766 3655 legitimae
781 3591 852 3642 ranis
865 3592 939 3655 piane
953 3588 1114 3640 relationibus
1125 3588 1211 3639 obtrm

130 3693 144 3719 ιι
157 3671 246 3722 dandis
262 3671 395 3732 repugnat,
415 3671 546 3736 firmatque
564 3673 696 3736 ancipitem
716 3672 843 3733 mmmm,
860 3673 886 3722 et
903 3670 1010 3734 dissipat
1021 3669 1211 3732 phantasmata,

130 3772 144 3800 e
157 3750 250 3814 quibus
266 3749 409 3812 imaginatio
427 3752 556 3802 inmmalia
573 3753 769 3804 ratiocinationis
788 3737 969 3815 repict.'iiigor
987 3749 1082 3799 termae
1098 3760 1128 3798 ae
1145 3748 1214 3797 relle-

131 3853 145 3878 «ι
158 3831 205 3882 ctit
218 3843 295 3893 snpra
313 3830 391 3891 ipsam
408 3830 533 3892 cogitandi
550 3831 689 3892 actionem,
701 3845 778 3895 seque
796 3833 928 3894 cumipse
948 3828 1143 3880 ratiocinationis
1161 3841 1212 3878 ser·

131 3923 234 3970 arnone
248 3909 423 3972 communicat,
443 3914 519 3973 atque
537 3910 604 3962 illico
620 3925 678 3962 cum
694 3912 748 3976 ipsa
766 3912 875 3975 generali
888 3910 996 3974 boucla.
1015 3909 1080 3960 ilinc
1097 3906 1212 3970 petatem

131 4013 145 4038 ι
159 3991 205 4044 tim
225 3991 327 4055 quidam
347 3990 485 4044 severitatis
503 3993 528 4043 ei
546 3991 705 4056 praecisionis
724 3991 858 4057 gignuntur
876 3991 996 4053 babitus,
1017 3987 1102 4050 quiin
1126 3999 1212 4042 omuca

1009 4068 1023 4095 Ὦ

280 2128 396 2187 eritatcs
409 2126 585 2203 detegendas
609 2126 768 2184 valiturum
783 2126 951 2212 opinantur,
974 2123 999 2181 E
1016 2138 1142 2199 qnorum
1156 2138 1210 2183 na·
1311 2185 1313 2188 ,
