2892 4425
241 365 297 417 tae
708 369 841 413 noorcnn

174 541 179 552 ,
237 477 477 556 ipsomulvcrsall
497 478 666 539 tmtlmonie
683 475 877 552 dubitabitur,
893 481 979 553 atque
996 477 1061 537 ideo
1081 478 1111 535 tn
1131 475 1308 536 ineluctabili

237 575 449 653 mundum
465 577 523 634 erit
538 573 755 652 pyrrbonlsmo.

298 675 401 750 ltaque
420 673 514 733 lateor
532 672 666 748 eumdem
683 673 723 732 ab
740 670 912 732 indiuiduall
933 689 1021 734 sensu
1040 673 1231 748 maclam
1243 687 1308 730 esse

239 770 462 846 removendam,
486 770 518 828 in
536 786 596 846 quo
616 786 675 830 nou
693 785 797 847 porum
820 785 954 846 pacemne
978 769 1115 830 videntur
1134 768 1305 828 Cadmianl.

135 859 140 866 ’
241 869 346 930 Fateor
368 870 458 928 etiam
484 868 695 928 individualem
722 867 924 944 addendam,
950 871 976 928 ei
1003 867 1121 945 quando
1145 866 1309 926 evidentiae

238 966 396 1027 nmvarsali
413 972 565 1042 repugnet,
579 968 718 1026 mntluuo
738 973 771 1026 ut
792 965 983 1042 deceptricem
997 981 1062 1024 esse
1081 963 1267 1024 reiioiendam
1282 967 1306 1024 ¹.

237 1061 277 1125 At
296 1064 353 1124 boe
376 1080 435 1122 non
460 1063 581 1139 impedit
602 1065 760 1139 quominus
784 1065 870 1140 ipsu,
896 1080 964 1124 cam
989 1066 1043 1122 rite
1066 1061 1221 1122 adhibetur
1245 1068 1307 1122 sttr-

236 1161 341 1238 dioque
356 1163 484 1238 partium
506 1177 542 1220 ae
560 1161 746 1237 praeiudiciis
769 1167 877 1238 vacat,
903 1177 956 1222 eeu
980 1162 1234 1228 normavcritatiu
1256 1159 1308 1220 ba·

236 1259 331 1320 bendu
350 1262 400 1320 sit.
422 1261 516 1318 burno
532 1261 620 1317 etiam
638 1260 664 1317 si
683 1273 753 1317 vera
772 1256 903 1318 iudicare
920 1259 1073 1334 uolumus,
1099 1257 1172 1318 baec
1195 1273 1306 1334 pogna,

236 1372 303 1417 com
324 1363 459 1418 accurato
478 1361 509 1414 et
531 1358 645 1416 uinoero
661 1357 797 1414 examine
817 1357 948 1433 utimur,
969 1355 1114 1432 possibilis
1138 1356 1225 1432 plane
1246 1371 1307 1416 non

236 1453 387 1514 est-Nam
406 1455 507 1512 autin
523 1451 702 1511 immediatis
720 1451 841 1530 tingitur
861 1453 997 1528 indiciis,
1017 1461 1047 1514 et
1066 1453 1139 1513 baac
1160 1459 1308 1529 nequeunt

236 1566 374 1628 apparere
397 1550 482 1610 aliter
502 1565 590 1626 qnam
611 1555 703 1625 suot,
727 1556 779 1610 ant
803 1553 834 1609 in
858 1549 1058 1628 illationibus,
1083 1557 1113 1610 et
1138 1550 1193 1610 bae
1217 1551 1308 1610 edam

236 1654 334 1708 utrum
357 1654 452 1706 rectae
476 1649 538 1722 siut
560 1662 652 1706 necne
672 1647 808 1722 prudenti
829 1649 956 1724 cuipiam
974 1653 1005 1708 et
1027 1650 1159 1708 vertutis
1184 1650 1308 1707 amatori

235 1744 361 1805 dilucide
381 1747 555 1822 innotmoet,
573 1747 600 1803 sl
618 1745 656 1804 ad
674 1747 815 1806 mutinam
830 1747 1014 1807 ratiocinium
1026 1751 1142 1806 revocet
1152 1749 1308 1822 ipsumque

235 1845 267 1904 iu
288 1843 441 1919 principia,
463 1842 540 1901 unde
556 1843 753 1920 progreditur,
775 1843 912 1904 resolvat.

152 2002 158 2012 ,
280 1939 382 2000 ¹Nulla
398 1941 489 2015 igitur
508 1943 582 1999 ratio
601 1946 646 2002 est
667 1957 720 2000 cur
744 1929 820 2019 noa,
840 1940 1055 2000 contradicente
1074 1947 1105 2000 et
1127 1935 1307 2016 repugnante

235 2042 360 2114 namra,
379 2037 578 2097 Lamouniano
598 2039 751 2117 systemati
772 2039 987 2114 assentiamur,
1005 2037 1083 2114 quod
1102 2043 1202 2096 auctor
1220 2039 1305 2112 lpse,

235 2135 301 2210 plus
319 2151 407 2211 quam
428 2151 481 2212 par
499 2143 552 2196 aut
570 2137 727 2227 bouestpm
746 2142 822 2211 erat,
839 2136 972 2211 exemplo
991 2151 1045 2196 suo
1064 2133 1247 2210 confutarim
1265 2137 1305 2194 sl-

235 2234 352 2310 quldem
377 2251 484 2294 avere
507 2235 664 2295 universali
687 2236 859 2301 eocmrltate
880 2250 912 2293 se
933 2237 1110 2311 semegem,
1136 2250 1196 2293 non
1220 2233 1307 2293 modo

235 2332 374 2407 peculiari
391 2348 446 2392 suo
463 2332 585 2391 indulsit
600 2334 736 2410 ingenio,
754 2332 805 2391 sed
827 2334 914 2392 etiarn
934 2332 972 2391 de
990 2334 1083 2409 spatio
1103 2331 1308 2409 curriculoque

235 2429 389 2491 dedectens
405 2432 565 2509 sapientiae
580 2430 692 2490 nelmia
707 2445 793 2491 sensa
809 2436 838 2490 et
858 2429 1091 2506 pestilentiosum
1107 2427 1234 2488 abamda
1246 2434 1308 2489 tur·

235 2531 308 2604 plter
329 2530 480 2608 amplexus
498 2535 552 2590 est.

611 2722 849 2783 Auuroonua
873 2721 927 2781 111.

635 2919 681 2981 oe
712 2919 903 2998 capuam.
960 2968 964 2989 .

295 3118 344 3169 79.
366 3108 535 3169 Theodorus
554 3109 691 3191 louilroy
714 3111 860 3188 duplicem
885 3111 1041 3188 dsunguit
1063 3112 1304 3184 scepticismnm:

235 3205 356 3265 alterum
369 3203 463 3282 sacti,
483 3222 570 3282 qoem
587 3210 703 3285 reponit
721 3211 754 3268 in
767 3210 949 3287 ignoratione
969 3224 1068 3268 earum
1089 3210 1307 3286 quaestionum,

234 3319 310 3381 quae
323 3306 506 3380 potissimum
523 3304 714 3369 humanitatis
732 3310 892 3385 intersunt;
910 3307 1033 3368 alterum
1050 3302 1136 3381 iura,
1155 3322 1243 3383 quem
1256 3306 1307 3367 de-

244 3507 250 3524 '
293 3525 417 3588 tEgregle
429 3526 479 3577 buc
497 3528 591 3579 iaciunt
602 3529 733 3593 augustini
753 3530 827 3583 uerba
838 3530 875 3579 sio
884 3528 986 3579 aientis:
1001 3546 1014 3573 a
1025 3528 1121 3579 veritas
1136 3540 1181 3577 nec
1197 3540 1253 3578 meu
1268 3531 1308 3580 eet

234 3623 246 3643 a
258 3614 303 3653 nec
314 3604 382 3655 iilius
391 3610 436 3658 aut
447 3608 525 3673 illius,
536 3610 580 3661 sed
592 3611 703 3661 omnium
717 3612 844 3673 nostrum;
859 3608 927 3673 qood
944 3608 976 3659 ad
989 3610 1042 3660 eius
1051 3608 1250 3660 communionem
1260 3622 1307 3673 pu·

234 3702 246 3723 ι
258 3681 323 3733 blica
333 3698 417 3751 vocas,
430 3690 572 3741 terribiliter
583 3690 717 3741 admonens
728 3704 782 3753 nos,
794 3692 823 3740 ut
833 3689 941 3762 nolimus
952 3702 1006 3740 eam
1021 3690 1111 3741 babere
1122 3690 1258 3753 privatam,
1275 3703 1308 3741 ne

234 3780 247 3803 ι
258 3762 385 3825 privemur
395 3782 432 3819 ea.
453 3773 516 3821 llam
529 3770 696 3833 qnisquiuid,
713 3770 782 3833 quod
798 3773 835 3819 Tu
853 3770 967 3821 omnibus
985 3770 1160 3841 adfruendum
1178 3771 1307 3835 proponis,

235 3860 247 3884 ι
258 3843 305 3910 tibi
322 3850 447 3912 proprium
461 3851 588 3913 vindieat,
603 3852 629 3901 et
644 3864 717 3900 soum
729 3852 784 3901 vult
794 3862 862 3913 esse,
880 3851 947 3914 quod
966 3851 1077 3901 omnium
1089 3854 1138 3913 est;
1151 3862 1166 3899 a
1178 3852 1307 3900 communi

159 3990 163 4003 Ι
235 3942 247 3964 «
260 3928 405 3990 propellitur
413 3931 446 3982 ad
454 3944 509 3993 eoa,
520 3931 567 3980 boc
577 3933 640 3981 esta
649 3931 752 3983 veritate
763 3930 795 3981 ad
806 3930 975 3995 mendacium
986 3932 1030 3997 qul
1040 3932 1107 3985 euim
1120 3930 1231 3993 loquitur
1242 3944 1307 3981 men·

235 4022 245 4042 a
258 4002 366 4071 dacium,
377 4010 409 4061 de
419 4025 464 4061 suo
474 4009 595 4074 loquitur.
611 4030 622 4052 a
635 4008 752 4073 Cometa.
765 4011 809 4062 lib.
824 4018 860 4073 it,
876 4023 930 4074 cap.
943 4018 981 4061 25.
