2892 4425
314 393 392 437 wiltz
411 393 525 455 mm
546 409 557 422 ·
578 393 757 438 nummoli
781 391 959 438 natantis
1119 382 1175 435 333

6 523 11 564 r
99 506 215 581 apiciat.
235 502 296 562 iiec
312 504 370 562 nial
390 509 457 578 poat
475 503 672 580 cognitionem
692 503 861 578 eiusmodi,
881 501 920 561 ad
942 503 1053 560 emtam
1079 513 1177 558 rerum

100 604 231 662 ordinem
259 601 445 678 deligendam
472 601 595 660 accedit.
625 601 659 659 in
686 615 747 676 quo
767 598 910 676 quidquid
938 603 1018 657 certo
1031 611 1176 657 casurum

6 724 8 763 ε
99 707 157 778 eat,
175 700 242 760 ideo
256 701 367 776 privari
383 700 486 776 nequit
498 703 621 780 eventn3
634 701 703 774 quin
716 697 899 756 conditiones
912 695 980 755 iliae
993 697 1174 772 contingent,

6 823 10 861 r
99 798 205 879 qniiran
225 797 395 872 dandina,
414 795 505 857 libera
525 798 662 856 roiantae
682 798 727 854 nic
746 796 844 870 potina
864 808 952 870 quum
973 792 1059 852 aliter
1077 808 1177 868 opern-

6 924 8 960 r
101 901 168 956 tura
187 911 250 954 ease
262 897 397 970 praeviae
417 901 471 954 eet.
493 895 590 968 Quare
605 893 789 953 saeculoram
806 906 943 951 successu
961 892 1089 950 actiones
1109 888 1177 950 illae

100 995 236 1052 evenient
249 992 348 1066 procui
362 991 469 1067 dubio;
487 997 518 1050 at
533 1007 590 1050 non
604 1007 642 1050 ex
656 992 828 1049 necesitate
840 986 968 1065 quadam
982 1003 1001 1046 a
1016 985 1074 1046 Dei
1083 989 1176 1046 ocien-

6 1119 9 1158 ς
100 1093 144 1151 tia
156 1096 209 1150 aut
221 1090 336 1148 decreto
348 1090 442 1164 iliata,
454 1089 506 1148 aed
519 1105 557 1147 ex
570 1088 665 1147 libere
674 1087 913 1146 determinatione
926 1091 1074 1144 creaturae
1085 1101 1175 1161 quarn

6 1219 9 1258 ι
101 1187 181 1246 Deae
199 1186 237 1245 ab
252 1192 369 1246 aeterno
386 1187 555 1263 praescivit.
574 1185 671 1261 Atque
692 1184 729 1244 dc
748 1184 849 1244 divina
868 1185 1000 1260 scientia,
1024 1198 1076 1259 pro
1097 1199 1175 1244 com·

6 1319 8 1357 2
103 1283 213 1366 pendit,
233 1287 281 1344 cni
300 1284 462 1362 studemus,
481 1283 648 1344 conditione
668 1285 740 1342 satia
759 1283 877 1360 quidem
898 1283 1008 1344 dictum
1026 1289 1080 1342 cet.

505 1483 688 1540 laricanus
717 1479 771 1538 iil.
826 1441 829 1445 Δ

470 1682 515 1742 De
529 1677 633 1742 diuino
650 1646 813 1743 uoluntate.
899 1680 904 1686 '

167 1881 235 1935 iot.
256 1873 291 1933 in
316 1872 377 1933 lieo
407 1873 588 1934 volantatem
617 1876 711 1934 lneaae
737 1881 821 1934 extra
845 1887 960 1932 omnem
987 1872 1177 1934 dniiuuonn

104 1973 198 2033 aleam
218 1973 344 2048 poaltnm
364 1977 421 2031 eat.
442 1971 572 2030 sienim
598 1977 749 2030 creaturae
776 1955 932 2030 rationales
961 1968 1101 2029 facultate
1121 1968 1178 2030 hac

35 2127 41 2134 .
103 2046 309 2145 manduntur,
323 2083 416 2144 eaque
441 2068 646 2143 perfectionem
671 2066 813 2142 includit3
840 2082 858 2126 e
884 2081 1021 2141 supreme
1045 2066 1178 2126 omnium

103 2183 204 2245 anna,
224 2185 262 2227 ex
281 2183 341 2243 qua
360 2164 502 2242 quidquid
518 2164 587 2223 boni
607 2171 653 2224 eat
671 2164 702 2222 ln
722 2169 893 2223 reserentes
912 2159 1117 2238 proficiscitur,
1133 2177 1177 2221 re·

105 2268 215 2325 moveri
228 2279 287 2322 non
307 2268 413 2338 potest.
428 2261 582 2321 Praeterea
600 2264 626 2321 ai
646 2261 736 2336 Deua,
756 2266 791 2321 ut
810 2260 1001 2336 ostendimus,
1016 2258 1177 2336 intelligen-

93 2366 146 2423 tia
156 2362 286 2436 imitar,
306 2376 486 2436 consequens
500 2365 546 2419 eat
560 2366 595 2419 nt
609 2359 759 2419 voluntate
773 2360 861 2419 etiam
881 2358 1017 2435 gaudent.
1033 2358 1178 2419 Voluntas

104 2463 183 2520 enim
202 2459 425 2535 intelligentiam
447 2459 579 2534 seqnitur
596 2458 635 2516 air
647 2472 740 2536 enque
759 2457 897 2533 resultet3
918 2458 995 2517 elcut
1019 2472 1057 2515 cx
1078 2457 1180 2517 acnelli

103 2559 270 2636 cognitione
288 2557 404 2618 sensilia
427 2558 572 2633 appetitus
592 2558 727 2633 emergit.
747 2570 749 2572 ·
919 2569 920 2576 “

166 2656 206 2716 lit
223 2672 294 2715 vcro
313 2655 475 2715 notandam
488 2660 534 2713 ent
546 2654 699 2731 diiigenter
713 2653 791 2713 hanc
803 2655 986 2715 voluntatem
1000 2655 1029 2711 in
1044 2652 1105 2713 Deo
1118 2670 1178 2713 non

104 2770 167 2815 oeae
186 2739 425 2830 concipiendam,
446 2752 693 2829 quemadmodum
718 2753 750 2810 ln
767 2755 872 2811 creatis
893 2750 1112 2829 intelligentiis,
1137 2752 1180 2809 ln·

103 2856 168 2911 ater
187 2854 333 2927 potentiae
347 2866 423 2927 qnae
445 2866 484 2909 ex
502 2850 689 2925 superaddite
712 2851 827 2910 actione
847 2849 1025 2926 perficiatur.
1050 2848 1108 2908 Sed
1131 2864 1177 2909 co-

104 2948 224 3027 gitanda
244 2950 365 3009 omnino
386 2954 431 3009 eat
456 2955 606 3025 nmquam
630 2953 713 3008 actus
737 2948 982 3023 completissimas
1009 2952 1096 3023 atque
1115 2948 1180 3007 uni·

104 3062 177 3123 cna,
199 3064 259 3123 qao
280 3046 358 3108 Deus
383 3049 511 3124 aelpanm
538 3054 572 3107 nt
594 3046 742 3107 obiectam
769 3048 878 3105 amoris
906 3047 1102 3122 primarium,
1122 3046 1181 3105 aila

105 3159 207 3203 veroa
226 3160 258 3203 ae
276 3144 414 3205 dictincta
431 3153 465 3205 ut
481 3144 596 3205 oblecta
615 3145 789 3205 secundaria
811 3144 883 3204 velit
903 3150 991 3221 atque
1012 3150 1105 3204 ornet:
1125 3143 1182 3203 hoc

104 3247 203 3300 tamen
225 3240 403 3319 discrimine,
419 3243 499 3320 qnod
519 3245 646 3318 reipsam
670 3244 845 3319 necessario,
860 3247 956 3301 cetera
976 3248 1074 3301 antem
1093 3240 1182 3301 libere
1216 3270 1218 3275 ·
1297 3238 1299 3243 ’

104 3340 234 3412 appetat.
254 3335 343 3397 Culus
355 3337 539 3400 differentiae
557 3340 632 3399 ratio
651 3340 772 3399 evidena
786 3345 841 3398 eet.
858 3337 933 3397 Nam
954 3338 1055 3398 divina
1067 3338 1183 3399 bonitus
1290 3387 1294 3401 .

105 3439 206 3509 utpote
218 3448 294 3509 quae
306 3433 421 3494 inunita
434 3441 491 3512 eat,
509 3436 654 3497 obiectum
669 3437 865 3511 adaequatum
885 3434 1003 3495 divinae
1024 3436 1182 3498 voluntatis

104 3520 267 3607 constituit,
283 3534 402 3608 eiusque
415 3548 543 3592 amorem
563 3537 683 3593 omnino
696 3534 805 3608 explet3
820 3536 915 3594 omnis
937 3541 1035 3594 autem
1057 3536 1182 3596 incultae

106 3629 146 3687 ab
157 3628 282 3707 oblecto,
295 3646 314 3690 a
325 3646 386 3707 quo
400 3629 545 3705 expietur,
558 3634 678 3691 omnino
688 3632 897 3691 determinatur
912 3632 1084 3709 ac'rapltur.
1098 3635 1183 3694 item-

105 3741 164 3803 que
181 3726 284 3787 divina
300 3728 416 3787 bonine
440 3732 485 3787 eat
507 3726 652 3788 obiectum
679 3732 844 3788 necessario
864 3746 1028 3791 connexum
1047 3748 1115 3792 cum
1141 3730 1183 3789 di·

105 3826 178 3884 vina
196 3823 345 3900 felicitate,
364 3827 455 3885 immo
476 3842 548 3885 vero
572 3824 654 3885 illam
675 3826 831 3904 efformat3
852 3827 996 3889 obiectum
1018 3836 1116 3888 autem
1139 3827 1181 3885 ie·

106 3920 225 3983 licitatio
247 3922 432 3983 omnimodae
455 3939 475 3983 a
499 3930 693 4000 cognoscente
711 3927 814 4001 nequit
835 3942 894 3986 non
917 3904 1021 3987 armari.
1052 3924 1183 4000 Denique

5 3996 12 4023 ⁸
107 4018 145 4079 ad
163 4018 371 4095 perlectionem
384 4021 545 4085 voluntatis
566 4025 702 4100 pertinet,
718 4028 754 4085 ut
774 4026 804 4083 in
824 4024 970 4086 obiectum
989 4040 1042 4101 pro
1054 4022 1183 4085 eiusdem
