2892 4425
457 401 535 447 rias
555 401 660 446 rain
678 416 693 432 ·
714 402 916 448 ῦΟΒΙΟῑθθΙΔ
1085 433 1089 441 ·
1190 398 1226 449 67

147 521 210 574 tnm
230 512 397 586 incitasset,
417 509 522 570 saitem
540 512 663 582 incitare
680 514 832 587 potuisset.
847 510 936 571 Nuiia
953 519 1031 573 certe
1046 516 1076 571 in
1098 512 1153 575 iroc
1176 531 1228 590 ap·

147 617 230 689 paret
251 609 456 686 repugnantia.
478 607 634 669 Astrorum
657 610 747 686 igitur
767 624 918 669 sumamus
939 610 1075 687 aliquod,
1102 612 1229 689 exempti

147 710 241 786 gratia
262 707 375 784 sotem,
402 712 625 788 statnemnsqne
645 709 741 783 ipsnm
767 711 797 767 in
819 710 931 767 oriente
954 712 1082 784 primum
1103 711 1227 771 eoiioca·

147 815 228 881 tum,
250 804 578 878 extramoenianam
600 822 725 879 versus,
750 812 883 881 motum,
907 809 958 881 qui
977 806 1062 866 nobis
1082 818 1224 883 apparet,

146 904 315 979 arripuisse.
342 903 405 961 lam
431 905 621 979 quaerimus:
649 910 761 979 quanto
788 910 917 979 tempore
944 905 1128 965 intervalium
1153 907 1226 967 itind

145 1000 306 1060 coniecisse
324 1000 454 1059 dicitnr?
476 999 611 1060 Finitone
629 1015 668 1060 an
689 1000 831 1061 intinitot
852 1000 882 1061 Si
901 1000 957 1061 hoc
979 1005 1150 1079 reponitur,
1174 1004 1225 1065 ab·

144 1097 268 1157 sardum
285 1096 419 1174 tingitur,
441 1098 581 1157 nimirum
597 1096 713 1157 dnitum
734 1097 921 1157 intervalium
938 1097 1073 1175 (spatinm
1093 1101 1171 1158 enim
1191 1100 1224 1159 ii·

145 1194 197 1254 ind
213 1200 292 1253 certe
306 1192 423 1253 ilnttnm
436 1194 490 1271 est)
507 1196 638 1271 percurri
655 1200 786 1270 tempore
801 1193 926 1254 inilnitn.
942 1194 992 1255 Sin
1008 1202 1104 1255 antem
1119 1195 1226 1256 dicitnr

143 1294 294 1369 primam,
316 1294 479 1369 argumenti
505 1295 551 1351 vis
575 1292 657 1352 nnita
679 1292 791 1351 ratione
816 1290 990 1351 declinetur.
1018 1290 1095 1350 Nam
1120 1294 1237 1353 iterum¹

144 1389 328 1450 adversariae
355 1392 591 1467 interrogamus:
618 1404 691 1449 nnm
714 1390 858 1449 eiusmodi
883 1388 998 1465 expieta
1018 1388 1098 1448 orbis
1121 1390 1225 1449 medie·

95 1474 98 1477 ⁴
144 1492 226 1561 tate,
251 1494 365 1562 tempus
379 1473 463 1565 'qnod
488 1486 596 1547 exinde
617 1486 655 1545 ad
679 1502 735 1546 nos
753 1485 841 1548 fluxit
863 1489 902 1547 sit
926 1486 1042 1547 iinitum
1067 1502 1106 1547 an
1126 1486 1223 1547 iniint·

144 1590 220 1643 tum.
243 1584 275 1645 Si
296 1583 414 1645 dnttnm
437 1584 565 1661 dicitnr,
586 1591 702 1661 tempus
721 1590 818 1644 totum
842 1584 960 1645 tinitum
981 1587 1048 1646 erit.
1074 1584 1223 1661 siqnidem

143 1682 262 1743 tinitnm
280 1682 364 1743 iinito
382 1682 514 1744 additum
536 1685 653 1743 nonnisi
673 1683 790 1743 tinitum
813 1682 943 1744 exhibet.
968 1680 1019 1743 Sin
1039 1700 1110 1743 vero
1128 1684 1224 1745 intini-

143 1787 208 1840 tum
227 1783 380 1859 asseritur,
398 1787 469 1841 tunc
490 1780 638 1857 (qnoniam
657 1782 712 1857 ipsi
733 1782 904 1857 praeivisset
924 1788 1039 1857 tempus
1056 1782 1142 1860 titud,
1165 1799 1224 1860 quo

144 1878 227 1937 sidus
246 1880 342 1955 primo
359 1878 397 1938 eh
413 1879 525 1937 oriente
542 1880 574 1937 in
591 1877 772 1938 occidentem
793 1880 861 1939 cieri
884 1878 988 1955 coepit)
1009 1878 1124 1939 infinito
1143 1879 1225 1940 tieret

144 1973 256 2034 additio
270 1991 308 2035 er
327 1963 361 2035 ea
378 1982 460 2052 parte
477 1990 537 2051 qna
553 1975 701 2035 infinitum
719 1978 861 2053 ponitur,
884 1991 937 2036 sen
957 1992 1059 2036 versus
1081 1979 1223 2053 originem

143 2076 238 2147 ipsam
253 2078 283 2133 ct
302 2073 457 2133 exordium
477 2076 676 2133 conversionis
694 2074 785 2134 titius.
802 2073 865 2135 Hoc
878 2088 948 2133 vero
965 2073 1222 2134 contradictorium

144 2186 208 2232 esee
229 2172 286 2248 ipsi
305 2172 475 2233 adversarii
486 2171 663 2250 largientur.

202 2269 269 2330 iiia
290 2272 512 2348 argumentata
532 2277 670 2348 promptu
689 2277 804 2347 essent,
824 2271 963 2330 nimtrnm
984 2269 1064 2346 quod
1078 2285 1113 2329 ea
1131 2270 1223 2348 hypo

141 2369 219 2430 thesi
236 2369 347 2444 atiqnid
363 2371 548 2446 praeteriisse
564 2369 733 2448 tingendum
753 2375 841 2446 meet,
854 2367 933 2444 quod
950 2382 1101 2445 nunqnam
1120 2367 1223 2430 inisset

142 2480 290 2542 praesens.
303 2464 413 2526 Deinde
429 2467 509 2543 qnod
525 2470 670 2527 successio
688 2469 864 2544 cogitaretur
882 2472 912 2526 et
930 2467 1020 2526 serien
1043 2468 1105 2525 sine
1123 2468 1220 2545 initio,

140 2567 303 2640 posteriora
321 2563 430 2642 meque
450 2567 567 2642 primo,
589 2566 759 2626 inchoatum
780 2567 843 2624 sine
864 2566 1027 2641 principio,
1054 2569 1141 2641 atquc
1161 2564 1222 2626 aiio

142 2663 258 2738 generis
279 2661 432 2739 desdam,
456 2678 532 2739 quse
552 2679 655 2724 revera
676 2666 777 2724 animo
799 2665 912 2739 concipi
939 2667 1097 2740 nequeunt.
1125 2661 1165 2721 it
1185 2677 1221 2722 ne
1309 2689 1312 2698 ’

141 2761 230 2818 nimis
249 2759 435 2836 progrediar,
456 2760 495 2820 ab
516 2759 563 2820 hia
581 2761 719 2838 urgendis
742 2760 873 2821 abstineo
887 2763 909 2818 ¹.

200 2855 306 2915 Fateor
321 2843 456 2935 sonitem
473 2873 509 2918 ea
523 2866 697 2937 argumenta
714 2859 871 2919 nononiiaa
888 2859 1044 2918 instantias
1064 2857 1102 2919 eb
1121 2859 1221 2919 edver-

113 3017 116 3022 ,
141 2953 227 3012 sorite
247 2955 308 3029 pati
329 2970 434 3031 posse,
454 2957 561 3032 quibus
579 2964 613 3017 nt
631 2955 890 3033 responderemus,
916 2959 946 3015 in
968 2973 1090 3034 magnas
1109 2957 1221 3017 s'nbtiii·

139 3055 215 3107 tates
231 3041 359 3109 eundum
376 3058 463 3111 esset.
480 3052 689 3130 sedquoniam
706 3056 737 3113 in
757 3069 803 3113 res
822 3054 943 3116 subtiles
960 3062 990 3114 et
1007 3055 1146 3115 obscuras
1160 3072 1220 3116 aas·

140 3145 264 3223 demque
283 3163 343 3206 non
363 3151 540 3210 necessarias
558 3151 681 3210 mnitam
702 3167 821 3228 operam
847 3152 979 3212 conierre
1002 3153 1159 3230 noinmns,
1182 3153 1220 3213 ab

198 3323 275 3382 iQui
290 3325 364 3389 ptura
380 3326 462 3392 eupit,
481 3327 547 3390 tegat
567 3326 589 3378 is
606 3327 729 3392 egregiam
751 3329 856 3379 Gerdiiii
869 3329 901 3380 de
919 3329 965 3380 inc
981 3341 1008 3379 re
1023 3329 1220 3380 dissertationem

138 3403 258 3465 (menon.
269 3405 396 3456 morien
409 3409 501 3458 contre
513 3406 616 3460 t’etern.
634 3407 668 3459 de
683 3408 713 3459 te
729 3408 848 3459 mettere.
869 3411 940 3460 Tem.
954 3410 1048 3472 ion),
1062 3409 1105 3459 ubi
1127 3408 1160 3458 nd
1177 3409 1219 3460 im

139 3483 391 3547 poenitentemne
413 3500 464 3550 qus
478 3486 583 3550 eginum
604 3487 822 3542 demonstrandam
842 3489 925 3552 piures
946 3489 1052 3538 rationes
1069 3502 1098 3539 ax
1115 3488 1218 3540 Mattiaci

137 3559 268 3626 depromit,
284 3562 323 3614 Ad
337 3565 447 3617 rationes
466 3578 525 3616 vero
544 3565 746 3618 sdversariomm
763 3557 905 3631 r'cponimus
927 3568 1123 3632 repugnantiam,
1143 3581 1219 3632 quam

140 3643 375 3706 concrescere
395 3658 425 3695 er
443 3647 514 3709 parte
532 3646 665 3696 creationis
683 3647 802 3710 erigentis
821 3649 847 3698 in
866 3649 938 3710 ente,
958 3649 1151 3712 quodcreatur,
1173 3649 1218 3700 ini·

139 3723 202 3772 tiam
223 3723 362 3789 existendi3
382 3725 452 3790 qnod
467 3737 526 3777 cum
546 3727 692 3779 aeternitate
708 3727 836 3779 conciliari
855 3741 905 3779 non
925 3729 1013 3792 potest.
1032 3729 1108 3780 Adest
1120 3729 1220 3792 insuper

138 3801 260 3854 eiusmodi
277 3807 439 3869 repugnantia
454 3820 484 3857 ex
500 3807 570 3870 parte
584 3807 663 3872 ipsius
681 3808 778 3872 mnndi,
795 3810 917 3872 qrrntmus
929 3822 972 3873 per
989 3808 1176 3872 productionem
1187 3809 1221 3858 in·

139 3881 194 3932 duit
208 3885 375 3936 existentium.
393 3888 506 3951 Denique
521 3887 592 3939 adeat
607 3889 683 3938 eiiam
697 3891 731 3940 er'
745 3891 814 3952 parte
827 3903 912 3940 eorum
929 3903 992 3954 quae
1008 3890 1155 3938 creationem
1167 3888 1220 3937 eiua

139 3963 262 4089 {veternam
283 3969 500 4031 consequerentur,
523 3968 734 4032 quemadmodum
756 3970 905 4033 argumentis
926 3982 999 4032 supra
1017 3967 1098 4019 nitatis
1116 3967 1218 4030 crpiim·

150 4055 192 4092 um
211 4047 256 4096 est.
