2892 4425
216 341 254 390 88
685 347 817 392 tonici!

213 463 363 516 externam
383 455 568 530 dispescitur,
592 460 679 530 prout
700 457 919 516 renunciatione
939 457 1133 514 eunseieutiae
1152 463 1202 514 aut
1221 469 1287 514 seu·

214 570 301 612 suurn
322 541 447 612 muniat.

274 659 324 709 42.
346 650 381 710 ln
394 656 517 726 unoque
530 650 635 709 ordine
651 665 733 709 meus
755 649 865 709 ludlola
883 648 1015 725 eolllgit3
1037 649 1092 708 hoe
1104 657 1206 708 tamen
1227 649 1287 708 dis·

215 748 351 822 erimine,
378 746 456 822 qood
482 749 512 804 in
534 746 637 805 ordine
659 745 744 804 ideali
765 745 873 805 iudicia
896 746 1038 822 prodeant
1062 749 1235 806 necessitate
1260 754 1289 805 et

215 844 434 903 universalitate
459 851 583 919 ornata3
609 846 641 903 in
666 843 770 902 ordine
791 845 1010 919 experimentali
1037 846 1145 905 iudicia
1168 845 1290 904 exiliant
1327 897 1340 909 .

215 923 405 1018 particularia
417 948 533 1001 tautum
553 948 583 1000 et
603 943 814 1017 eontlugeutla.
832 941 917 1001 Ratio
940 942 1026 1002 huius
1040 942 1218 1003 diversitati·
1232 951 1288 1016 est,

216 1042 285 1115 quia
301 1040 399 1117 ideae,
420 1045 521 1115 utpote
538 1039 576 1098 alr
596 1020 752 1098 existentia
771 1045 801 1098 et
814 1039 989 1099 individuali
1009 1043 1192 1100 nonoretloue
1212 1055 1292 1116 prae·

217 1139 389 1215 scindentes,
414 1137 525 1215 aliquid
545 1138 689 1196 obieetire
708 1138 903 1196 necessarlum
921 1142 950 1196 et
970 1139 1135 1196 universale
1157 1137 1291 1214 suppedi-

217 1243 300 1312 tmt;
319 1243 421 1296 eontm
438 1253 512 1296 vero
526 1235 616 1311 iacta,
630 1235 826 1294 eonscientiae
844 1239 897 1294 aut
916 1249 1054 1294 mutuom
1071 1251 1126 1310 ope
1144 1243 1291 1312 pereepta,

217 1336 335 1393 nonnisi
353 1340 520 1392 concretam
539 1339 569 1392 et
582 1334 798 1407 eondugeutem
821 1333 973 1392 ueritatem
993 1331 1146 1392 obliniunt.
1165 1332 1213 1392 Sto
1227 1333 1293 1392 ldea

218 1431 408 1506 mbstantiae,
425 1430 491 1490 idea
509 1445 628 1505 causae,
648 1429 714 1488 idea
734 1429 842 1488 lofloiti
863 1428 937 1488 haee
958 1430 1066 1490 iudicia
1082 1437 1291 1507 progenerant:
1354 1423 1358 1430 ’

218 1526 386 1588 morientia
408 1544 467 1586 nan
486 1531 552 1603 raet
573 1526 703 1586 subiecto
721 1529 770 1586 eoi
789 1526 962 1600 inhaereat·
979 1543 1069 1586 roura
1083 1529 1167 1605 prior
1187 1531 1231 1586 eri
1250 1525 1293 1603 es·

213 1623 321 1701 seria,
339 1625 489 1701 irpinitnrn
507 1628 665 1686 mutationi
680 1642 740 1684 non
760 1624 903 1686 radiaret.
926 1625 1111 1702 Expertentia
1131 1629 1294 1690 antemiu-

219 1729 303 1782 tema
327 1728 358 1781 et
382 1729 503 1782 externa
526 1722 751 1782 tundamentum
774 1723 912 1798 praebent
938 1723 984 1782 hie
1008 1724 1141 1783 iudiciis:
1169 1739 1222 1800 epo
1248 1739 1294 1782 eo·

204 1823 302 1896 pito,
328 1821 444 1894 existo,
470 1819 684 1880 mutationibus
706 1817 846 1897 offitium
867 1839 989 1898 corporo
1011 1826 1099 1896 sont,
1122 1825 1292 1895 morientur,

156 1956 159 1964 .
220 1916 323 1976 ordine
346 1916 488 1993 pandent.
515 1917 615 1976 Prima
638 1918 789 1978 identitate
811 1921 944 1979 nituntur
966 1919 1113 1995 idearum,
1138 1922 1296 1996 posteriora

222 2021 320 2076 autem
340 2015 419 2076 laeto
446 2018 510 2090 ipso
534 2018 712 2091 opperienda
736 2023 895 2094 comperto.
921 2018 1102 2092 Quapropter
1127 2018 1176 2076 illa
1198 2017 1296 2093 appel·

222 2114 320 2174 lantor
338 2113 516 2189 rationalia,
538 2117 608 2191 quia
624 2132 702 2174 mere
720 2117 842 2176 rationis
863 2131 912 2174 seu
933 2117 1038 2174 menos
1062 2121 1131 2173 suot
1145 2131 1234 2190 opus,
1251 2115 1295 2172 vel

223 2217 310 2272 etiam
333 2216 515 2288 mesomio,
544 2216 614 2289 quia
639 2214 837 2289 praedicatum
862 2212 991 2273 subiecto
1006 2214 1186 2273 'nenessitate
1213 2218 1296 2273 attri-

222 2312 335 2386 buunt;
355 2313 509 2372 ueletiam
525 2328 623 2390 paro,
642 2316 712 2389 quia
733 2312 770 2372 ub
793 2315 990 2389 experimento
1011 2301 1130 2371 minime
1151 2310 1296 2387 pendeut3

223 2412 373 2470 ueletiam
389 2410 555 2489 analytica,
572 2414 641 2488 quia
657 2429 695 2472 ex
713 2413 890 2471 resolutione
910 2412 992 2471 ideae
1011 2412 1132 2471 subiecti
1152 2417 1206 2485 pot
1219 2424 1299 2485 prae

223 2508 311 2568 dicati
326 2516 516 2569 enascuntur.
533 2509 636 2570 Altera
655 2517 797 2569 uocantur
813 2512 954 2589 empirica
971 2517 1021 2569 aut
1039 2506 1297 2587 experimentutia,
1342 2504 1346 2507 ’

223 2609 293 2683 quia
315 2609 514 2682 experimento
537 2606 715 2683 laniantum
732 2608 778 2667 vel
801 2611 889 2667 etiam
909 2610 1122 2683 continuantia,
1143 2604 1300 2682 quia'sub·

224 2708 299 2763 ieeto
319 2704 518 2779 praedicatum
533 2707 740 2781 'eeudngenter
761 2705 916 2779 copulant,
940 2704 985 2763 vel
1007 2706 1094 2762 etiam
1115 2702 1298 2779 ayntlretiea,

225 2805 295 2879 quia
319 2802 491 2861 attributum
514 2808 598 2860 extra
621 2804 769 2861 notionem
797 2801 918 2859 subiecti
945 2802 1074 2876 positum
1103 2800 1171 2858 holo
1197 2800 1300 2859 adiun-

226 2906 309 2977 gunt.
331 2900 461 2958 Tertium
483 2914 576 2976 genus
594 2901 709 2957 invexit
731 2898 825 2971 Kant,
847 2896 955 2957 iudicia
973 2897 1113 2956 nimirum
1133 2894 1301 2972 ryntleatioo

226 3002 379 3077 aprion';
407 2998 459 3057 sed
481 3001 577 3073 ipsum
601 2999 631 3055 iu
654 3000 750 3072 primo
775 2994 946 3072 Outologlae
967 2998 1062 3071 eapite
1086 2992 1300 3070 refutabimus,

227 3102 256 3155 iu
277 3100 421 3173 praesenti
440 3111 515 3171 quae
534 3094 699 3155 dictasunt
720 3094 884 3171 sufficiant,
905 3112 942 3155 ue
964 3098 1095 3155 tironum
1113 3100 1215 3170 eaptus
1234 3093 1301 3168 plus

109 3226 111 3230 .
228 3211 321 3270 aequo
341 3199 490 3270 gravetur.

288 3300 337 3350 tit.
359 3290 400 3349 Ut
411 3295 503 3366 patet,
518 3291 675 3368 evidentia,
691 3308 749 3368 qua
770 3298 927 3369 utrumque
943 3292 999 3351 hoe
1018 3306 1110 3368 genus
1128 3290 1303 3350 iudiciorum

228 3390 345 3467 gaudet,
366 3389 535 3448 immediata
553 3396 607 3465 est,
622 3407 689 3449 eum
712 3406 770 3448 nou
793 3406 828 3449 ex
852 3392 918 3450 aliis
932 3390 1047 3449 iudiciis
1067 3390 1227 3464 derivetur,
1253 3388 1305 3447 sed

227 3488 323 3547 solum
337 3487 499 3563 simplicem
514 3488 773 3564 apprehensionem
788 3489 881 3565 ideae,
897 3495 948 3548 aut
959 3488 1030 3547 faeti
1044 3486 1196 3548 cuiusdam
1207 3504 1305 3569 perae·¹

228 3587 355 3661 ptionem
371 3588 520 3660 praeviam
539 3584 654 3644 habeat.
679 3584 728 3644 Sic
749 3592 782 3645 ot
806 3585 861 3645 hoe
881 3587 1021 3647 iudicium
1039 3587 1240 3664 analyticum:
1266 3588 1306 3643 to

230 3687 292 3744 turn
312 3686 408 3743 maior
428 3688 471 3743 est
484 3689 576 3761 parte
594 3684 744 3760 proferas,
763 3685 893 3760 proiecto
913 3702 973 3743 non
994 3686 1107 3762 indiges
1128 3686 1185 3743 nisi
1206 3696 1306 3755 appre-

229 3783 369 3843 hensione
387 3782 469 3850 ideae
490 3786 595 3856 totins,
621 3782 700 3859 quod
720 3782 801 3842 alind
819 3800 878 3841 nou
899 3790 943 3843 est
964 3786 1019 3843 uisi
1043 3782 1152 3860 aliquid
1173 3777 1305 3854 pluribus

229 3890 366 3942 constans
384 3882 525 3959 partibus.
544 3882 665 3942 Enetos
682 3882 802 3958 proinde
820 3884 975 3941 intuitione
988 3886 1018 3939 et
1031 3880 1147 3955 nnalysi
1165 3875 1307 3934 eliciendo

229 3982 325 4043 ideam
344 3985 443 4061 partis
465 3998 587 4057 eamque
609 3998 675 4041 eum
697 3980 879 4057 praecedeuti
902 3979 965 4039 idea
988 3982 1077 4039 iatius
1098 3973 1306 4050 comparando,
