2892 4425
571 363 627 406 stu
651 363 831 406 onnonontn
1184 355 1240 406 182

226 475 316 550 lieap.
346 472 425 532 Diti.
451 471 521 532 Ani.
537 472 706 534 Intellectus
719 471 839 530 divinus
863 471 1001 546 supponit
1022 470 1167 532 obiectum
1186 472 1243 549 pri·

163 575 312 647 marium,
330 570 410 646 qnod
422 572 462 629 sit
481 569 706 648 tundamentum
718 575 881 630 ceterarum
903 568 1054 645 idearum,
1077 587 1158 630 omae.
1172 589 1183 642 ,·
1198 587 1242 630 ao·

162 669 350 744 undenum,
371 666 497 728 modist.
518 670 658 744 supponit
679 666 860 742 virtualiter,
884 670 917 726 ui
938 669 1032 743 aiunt,
1047 673 1192 743 qnatenus
1211 669 1241 725 in

163 768 304 842 primario
330 766 429 842 aitqua
444 766 559 832 ratione
578 767 773 840 continentur,
786 781 883 838 eoae.‚·
898 764 1087 852 compluent
1103 767 1162 824 iam
1178 780 1243 840 per·

163 863 238 923 iacto
259 865 290 922 in
315 878 346 922 ae
367 864 581 937 constitutum,
608 878 693 938 nepo.

223 959 269 1019 Do
289 965 386 1018 mente
406 959 509 1020 divina
523 976 590 1021 cum
614 959 780 1036 loquimur,
799 958 908 1035 dupiex
928 959 1067 1036 distingui
1087 957 1174 1018 debet
1193 959 1243 1020 ob-

164 1059 292 1118 iectum:
313 1059 505 1132 primarium,
526 1056 607 1133 qnod
632 1056 712 1116 uiiud
732 1073 792 1114 nnn
819 1061 880 1131 est,
902 1057 958 1114 nini
981 1057 1105 1131 ipsamet
1122 1055 1175 1114 Dei
1202 1073 1245 1116 ea·

164 1156 278 1230 aentin3
298 1161 328 1213 et
341 1154 564 1230 secundarium,
579 1155 657 1230 qnod
671 1156 702 1212 in
717 1152 804 1212 rubus
815 1155 917 1212 ceteris
931 1169 950 1211 a
963 1153 1023 1212 Deo
1038 1152 1184 1212 distinetia
1197 1170 1245 1229 po·

164 1255 253 1312 situm
267 1259 322 1311 est.
336 1251 576 1326 Pomptinum,
594 1267 662 1309 eum
686 1251 726 1308 ait
747 1249 826 1309 veiut
847 1251 1021 1325 principium
1040 1256 1069 1307 et
1091 1248 1244 1308 exordium

163 1349 340 1423 cognitionis
359 1351 467 1422 omnia,
487 1350 683 1424 cognitionem
704 1346 835 1407 divinam
856 1347 958 1406 ordine
981 1347 1126 1422 praecedit
1150 1349 1244 1407 omui·

166 1459 223 1518 no,
249 1459 304 1501 nee
330 1443 390 1502 uiio
415 1450 541 1519 pacton
569 1445 620 1504 Dei
642 1450 739 1512 manto
762 1444 886 1520 pendere
907 1445 964 1503 dici
989 1449 1095 1520 potent.
1120 1443 1159 1504 dt
1177 1444 1245 1504 nite
1297 1461 1301 1468 ·

167 1557 254 1616 rum,
282 1546 381 1615 utpote
407 1538 486 1616 pund
515 1542 546 1600 vi
572 1543 704 1616 primarii
735 1533 929 1617 percipiatur,¹
952 1556 1026 1617 opus
1047 1557 1105 1600 non
1137 1547 1181 1600 eat
1212 1545 1245 1600 ut

166 1644 235 1696 ante
256 1637 394 1695 divinum
409 1639 588 1698 inteiiectum
613 1638 726 1714 expiate
745 1645 775 1698 et
798 1641 882 1715 piene
900 1639 1069 1715 praecedat,
1094 1639 1145 1698 aed
1162 1637 1244 1698 suin·

165 1739 208 1794 eit
226 1741 262 1795 ut
282 1735 434 1810 praecedat
455 1736 606 1812 implicite,
627 1743 715 1814 prout
730 1737 829 1813 atiquo
850 1738 937 1796 modu
959 1739 988 1796 iu
1012 1739 1151 1813 primario
1175 1753 1245 1797 oon·

165 1834 289 1907 tinetm,
311 1849 347 1892 ea
365 1835 449 1892 cuius
468 1833 712 1909 contempiatione
732 1849 814 1894 mens
835 1833 936 1893 divina
957 1833 1180 1895 tundamentum
1199 1851 1246 1894 ao-

166 1929 268 2004 cipint.
293 1929 375 2001 Quod
399 1945 458 2006 qua
482 1933 593 1992 ratione
617 1931 823 2007 explicandum
844 1935 900 2008 ait,
924 1935 1056 2008 superius
1080 1923 1245 1998 cruciatui·

168 2041 245 2084 mus.
261 2024 351 2084 Cuius
371 2029 412 2084 rei
430 2029 596 2102 exeanpium
611 2030 699 2088 mam
714 2030 746 2087 in
767 2035 864 2109 creato
885 2029 1001 2088 urdine
1023 2028 1176 2104 videntum
1196 2032 1246 2106 qui

167 2139 235 2183 oum
256 2122 353 2184 ideam
372 2122 478 2197 opiticii
503 2123 627 2185 alicuius
648 2125 808 2201 oiiormat,
830 2143 889 2184 nun
916 2133 980 2203 eget
1005 2132 1037 2185 ut
1058 2125 1129 2183 iiiud
1151 2128 1247 2201 ipsum

166 2236 242 2296 opus
259 2228 485 2300 praesupponpt,
503 2240 587 2283 secus
602 2238 663 2285 unu
683 2232 759 2285 nasei
773 2228 907 2284 inventor
921 2224 970 2284 ned
988 2240 1086 2283 merua
1101 2225 1246 2299 imitator;
1326 2228 1336 2245 ⁴

110 2304 115 2310 ⁵
168 2318 221 2379 aed
244 2321 271 2377 ei
294 2318 406 2379 sufficit
427 2326 461 2379 ut
482 2321 540 2381 aiia
565 2322 664 2383 adsint
687 2323 820 2398 obiecta,
845 2339 861 2382 e
885 2320 993 2398 quibua
1018 2318 1249 2396 contemplandis
1300 2394 1306 2403 x

168 2416 208 2475 ud
221 2433 328 2475 novam
342 2416 437 2477 ideam
450 2420 672 2495 excogitandum
692 2420 839 2479 deveniat.
863 2418 955 2478 Porro
969 2424 1099 2492 respectu
1119 2420 1248 2493 supremi

169 2513 302 2588 artificia,
316 2531 421 2590 nempe
442 2515 510 2590 liei,
530 2515 753 2577 fundamentum
773 2518 903 2575 omnium
925 2514 1056 2573 idearum
1080 2512 1182 2572 divina
1204 2529 1248 2573 aa·

168 2613 265 2669 nentia
292 2617 355 2687 eat,
376 2628 452 2689 quae
476 2614 661 2688 praecellenti
681 2614 809 2690 quadam
830 2615 943 2673 ratione
965 2614 1065 2670 omnia
1083 2611 1249 2687 complecti·

170 2715 240 2785 tur,-
256 2715 357 2785 eatque
380 2717 554 2789 prototypon
575 2711 654 2788 quod
675 2718 788 2786 cetera,
816 2718 958 2789 quotquot
982 2715 1081 2769 creata
1106 2716 1175 2769 aunt
1198 2716 1251 2769 aut

161 2810 262 2869 ‚creari
284 2816 421 2884 ponam,
445 2826 500 2885 pro
519 2826 575 2870 auo
594 2810 713 2870 moduio
736 2812 898 2871 imitantur.
924 2810 1066 2882 Quocirca
1092 2824 1149 2866 non
1173 2807 1249 2865 diri·

169 2920 237 2965 mua
256 2922 353 2965 rerum
370 2906 592 2982 poasihiiitatem
613 2908 651 2966 ab
668 2907 814 2967 inteiiectu
832 2907 933 2966 divino
950 2908 1033 2965 unioa
1047 2904 1182 2981 pendere,
1198 2903 1249 2964 ted

170 3001 210 3060 ab
233 3003 379 3063 inteiiectu
400 3004 488 3064 aimui
508 3010 538 3063 et
557 3007 693 3064 essentia.
973 3008 975 3013 '

230 3097 327 3160 Obiio.
354 3100 407 3161 lv.
429 3101 542 3161 Futrrra
556 3104 756 3178 contingentia
777 3102 976 3162 conditionata
996 3103 1079 3160 iuxta
1104 3100 1249 3159 meliorem

169 3196 374 3275 theologorum
391 3202 565 3262 sententiam
579 3216 630 3276 per
645 3200 763 3261 modum
784 3203 900 3260 termini
921 3202 951 3259 in
976 3216 1007 3259 ae
1033 3200 1153 3258 omnino
1166 3211 1249 3273 pree·

169 3301 386 3371 supponuntur,
405 3298 476 3371 quin
493 3297 626 3357 adirino
637 3296 788 3357 intaiieotu
803 3304 854 3357 aut
869 3301 995 3357 essentia
1015 3294 1138 3372 pendere
1149 3293 1249 3353 dican·

170 3397 231 3452 tur.
257 3392 335 3469 Ergo
353 3393 430 3453 idom
450 3393 613 3471 putandum
634 3397 690 3455 crit
708 3395 746 3455 da
768 3396 980 3471 pmsibiiibuac
1044 3412 1047 3419 ’

229 3488 323 3565 linap.
340 3491 495 3565 Transeat,
513 3492 585 3553 Ant.
601 3493 685 3569 Nepa
706 3493 794 3553 Gonu.
813 3500 842 3553 at
852 3496 1029 3571 portiniana.
1044 3490 1151 3566 Dinpar
1167 3488 1252 3549 uuida
1319 3494 1324 3503 '

170 3589 308 3646 natrano
327 3604 397 3647 curn
411 3588 448 3649 da
466 3589 574 3650 iuturin
595 3590 736 3649 eiusmodi
760 3607 796 3649 ue
813 3590 850 3651 de
868 3590 1054 3667 possibilibus
1074 3589 1251 3649 sermocina-
1290 3612 1295 3625 ¹

170 3699 249 3743 mur.
269 3684 325 3745 liin
342 3689 433 3762 enim,
454 3694 556 3763 utpote
578 3690 805 3764 quae-proxime
828 3688 998 3749 relationem
1016 3686 1145 3747 habeant
1164 3682 1202 3743 nd
1219 3682 1252 3742 ii·

169 3780 270 3841 beram
292 3783 563 3845 determinationem
584 3786 883 3861 voluntatieorum,
898 3802 935 3845 ex
957 3800 1016 3862 qua
1040 3782 1185 3859 pendent3
1204 3795 1252 3841 oo-
1288 3772 1312 3817 .·

171 3882 274 3955 gnocni
292 3882 377 3942 aiiter
400 3892 564 3960 noqueunt,
582 3886 694 3942 nisam
722 3884 830 3945 actunii
851 3883 981 3945 eiusdem
1000 3880 1251 3951 determinatione,

174 3992 227 4037 nen
247 3980 279 4037 in
299 3994 331 4038 ae
349 3981 422 4055 ipais
441 3980 498 4041 ani>
518 3982 682 4041 conditione
706 3980 831 4057 tuturis,
855 3988 888 4041 ut
903 3997 957 4041 ano
984 3980 1048 4039 iuno
1071 3978 1193 4039 demur.
1215 3980 1253 4035 nt
