2892 4425
350 371 428 434 eoas
447 372 561 416 unsri
582 387 594 400 -
615 371 799 416 runosuorn
819 371 998 417 narunsnrs
1156 366 1213 418 299

140 509 152 534 ι
176 483 228 544 sed
249 485 327 559 iguis
348 484 440 542 cineri
463 484 653 560 suppositus,
674 483 759 542 cuim
783 483 844 542 vim
868 484 994 542 sennem
1013 497 1081 542 curu
1105 485 1215 559 seipsi

141 608 153 632 ι
175 581 331 642 consulent
347 587 378 640 et
393 583 578 656 potissimum
592 596 662 640 cum
678 579 799 656 aliquod
817 580 973 640 discrimen
987 583 1116 658 ingruet.
1138 581 1214 642 Tum

141 703 154 730 ι
177 678 349 754 trepidiorcs
369 677 566 755 uidahonmr,
587 693 677 754 quam
698 677 1012 738 oeterihomincs1.·»

197 776 329 836 Tandem
348 776 498 836 concludit
517 775 549 836 id
569 778 634 837 iure
654 778 768 852 optimo
789 774 826 834 ad
851 774 1027 836 credendum
1051 774 1212 854 adducere,

138 875 289 936 lihertluos
309 867 353 934 de'
366 876 423 950 its,
443 889 520 950 quae
539 874 661 949 dicum,
681 875 803 933 minime
825 889 979 949 persuasos
998 889 1072 934 esse.

197 973 331 1033 warum
353 970 496 1048 quidquid
517 971 556 1032 dc
578 971 626 1033 hls
647 970 848 1032 hlateronihus
873 973 935 1048 sit,
955 974 1161 1049 certepauci,
1182 971 1213 1032 in

138 1068 245 1147 qulhrm
265 1074 373 1129 natura
392 1069 549 1145 depravari
569 1076 684 1146 potest,
705 1071 795 1130 totius
816 1071 930 1145 generis
950 1069 1073 1130 humani
1094 1085 1217 1130 consau-

139 1181 205 1227 sum
225 1183 287 1226 nou
303 1164 589 1241 debilitant.'Quara
609 1168 688 1228 huuc
711 1173 808 1227 ratum
824 1167 972 1242 ‚hahentes
992 1170 1035 1228 sic
1058 1169 1213 1228 ratiocina-

103 1307 109 1318 .
138 1267 246 1324 tionem
264 1265 450 1326 conficimus:
472 1265 603 1327 Effectus
622 1267 804 1343 communis,
826 1271 979 1342 conamus,
1001 1264 1211 1341 ineluctabilis,

138 1377 257 1422 causam
275 1361 406 1438 profecto
423 1366 554 1438 exposcit
572 1379 775 1438 communem,
790 1368 989 1436 constantem,
1005 1363 1210 1422 necessarium.
1246 1419 1250 1426 .

138 1459 229 1536 Atqui
251 1475 341 1520 causa
359 1460 504 1520 eiusmodi
527 1461 586 1520 olio
610 1477 674 1520 esse
695 1475 756 1520 non
779 1465 894 1535 potast,
916 1460 973 1518 nisi
996 1465 1112 1520 natura.
1136 1459 1216 1536 Ergo

139 1565 297 1635 perpetuus
317 1565 348 1648 et
371 1560 520 1618 unanimis
542 1561 674 1636 gentium
697 1561 728 1618 ln
751 1557 912 1618 Divinitate
934 1557 1119 1634 agnoscenda
1144 1573 1213 1618 con·

138 1673 243 1718 seusus
266 1673 302 1718 ex
329 1663 435 1718 natura
459 1657 665 1734 proficiscitur.
687 1657 729 1718 ut
753 1673 823 1716 vero
848 1663 971 1717 naturae
994 1658 1212 1734 testimonium,

138 1756 195 1814 uisi
215 1757 367 1816 scientium
386 1747 505 1815 omnem
528 1755 663 1816 funditus
687 1761 820 1816 avertere
841 1759 907 1830 quis
928 1753 1061 1830 mavult,
1082 1755 1213 1814 firmissi-

139 1852 220 1914 mu'm
240 1863 272 1916 et
289 1855 329 1915 ah
347 1871 446 1915 errore
466 1872 591 1916 uacuum
613 1857 734 1916 omuino
753 1861 808 1914 cst.
831 1854 909 1930 Ergo
928 1855 1057 1931 supremi
1076 1855 1214 1914 Numinis

138 1955 296 2014 exlstcnu'a
315 1958 347 2012 iu
369 1957 599 2014 certissimorum
622 1970 746 2013 numero
768 1951 868 2012 haberi
890 1953 985 2012 dehet.
1008 1954 1043 2012 ln
1065 1969 1096 2012 re
1115 1955 1214 2030 ltaque

138 2057 200 2110 tam
222 2050 426 2112 manifestaret
445 2049 582 2110 confessa
603 2049 682 2126 apud
702 2065 805 2109 omnes
826 2051 903 2109 ultra
923 2053 1093 2127 neutiquam
1112 2053 1215 2110 lmrno-

139 2147 289 2226 rahimur,
310 2147 362 2207 sed
381 2150 482 2207 omnia
503 2148 634 2206 velutin
657 2163 803 2206 summam
826 2145 1008 2206 conferentes
1028 2163 1094 2206 cum
1115 2147 1213 2208 Tullio

139 2248 359 2308 concludimus:
380 2272 393 2298 ι
410 2248 441 2307 Si
463 2249 541 2306 ratlo
561 2264 676 2307 mccum
697 2246 788 2323 facit,
811 2250 836 2306 si
856 2254 984 2329 eventa,
1004 2250 1029 2305 si
1050 2248 1167 2323 populi,
1188 2250 1214 2308 si

142 2370 155 2395 a
179 2348 331 2420 nationes,
352 2346 378 2403 si
401 2347 517 2421 graeci,
538 2346 564 2405 si
588 2344 724 2420 harhuri,
747 2347 773 2403 ei
797 2347 922 2405 maiores
944 2348 1032 2405 adam
1056 2346 1168 2421 nostri,
1187 2348 1214 2405 si

142 2466 156 2492 ι
179 2441 305 2518 danique
323 2441 379 2500 hoc
398 2456 512 2517 semper
528 2443 572 2500 ita
590 2447 726 2517 putatum
746 2448 808 2519 cst,
821 2444 847 2501 sl
864 2444 971 2501 summi
992 2440 1173 2517 philosophi,
1188 2444 1214 2501 si

143 2562 155 2587 α
180 2541 300 2613 podtae,
320 2540 347 2597 sl
370 2540 579 2614 sapientissimi
603 2540 677 2614 riri,
697 2540 751 2615 qui
778 2538 957 2614 respublicas
981 2539 1213 2615 constituerunt,
1333 2580 1340 2591 .

143 2660 156 2685 a
180 2638 232 2711 qul
244 2634 331 2695 urhes
346 2636 555 2697 coodidcmnt:
572 2652 611 2695 au
624 2636 696 2695 dum
714 2635 824 2697 hestiae
838 2637 995 2713 loquantur
1009 2640 1214 2712 expectamus,

143 2760 155 2781 ·
180 2732 332 2793 hominnm
353 2737 554 2797 consentiente
570 2736 744 2795 auctoritate
762 2738 890 2795 cantanti
912 2750 970 2793 uon
990 2750 1091 2795 sumus
1110 2734 1175 2792 ii»

485 2936 644 2995 Solvuntur
665 2935 867 3009 difficultates.

202 3136 269 3188 iss.
291 3128 441 3207 Adversus
458 3130 687 3191 demonstratam
704 3132 859 3189 veritatem
879 3144 936 3189 uon
955 3133 1041 3205 pauci
1059 3128 1216 3207 insurgunt
1322 3110 1330 3119 ¹

40 3252 45 3259 ,
139 3224 311 3286 adversarii.
330 3226 478 3304 Principio
492 3228 572 3287 Kaot
584 3226 639 3287 Del
655 3229 843 3287 existentiam
861 3230 915 3287 etsi
931 3228 1109 3303 postulatum
1127 3225 1217 3303 quod·

139 3322 208 3381 dum
231 3326 355 3385 rationis
380 3328 546 3402 practicae,
568 3325 673 3385 morali
695 3323 754 3383 dds
777 3324 954 3385 credendum
978 3338 1040 3384 esso
1059 3326 1217 3401 nonerunt,

137 3424 237 3479 tamen
250 3420 289 3481 ud
304 3420 495 3483 theoreticam
513 3426 655 3484 rationum
672 3422 752 3499 quod
769 3424 890 3497 attinet,
905 3422 1105 3483 ratiocinando
1121 3424 1220 3483 evinci

138 3534 199 3577 non
209 3535 299 3595 ,posse
313 3520 472 3579 contendit.
495 3520 547 3581 nrt
562 3524 641 3579 culm
658 3523 718 3581 tria
736 3535 799 3581 csse
816 3534 900 3595 posse
915 3527 1153 3596 argumentorum
1171 3537 1219 3599 gc·

139 3632 228 3693 ocra,
241 3633 318 3694 quae
333 3633 386 3693 pro
402 3617 455 3677 Dei
473 3620 630 3679 enatantis
645 3636 683 3677 ex
701 3620 815 3677 ratione
835 3616 1014 3692 speculativa
1033 3625 1215 3698 promantur.
1278 3685 1288 3704 ,

138 3712 256 3791 Unum,
270 3714 350 3791 quod
368 3730 407 3775 ex
426 3718 625 3793 contingentia
646 3715 750 3776 mundi
769 3722 797 3774 et
818 3716 880 3791 lege
898 3715 1079 3777 causalitatls
1099 3715 1217 3775 deduci·

138 3817 205 3887 tur,
226 3818 256 3871 et
272 3810 498 3890 cormoloqlcum
520 3820 617 3873 vocat.
638 3812 791 3890 murum,
812 3812 891 3890 quod
910 3828 946 3873 cx
967 3814 1068 3873 ordine
1089 3813 1217 3873 universi

195 3951 210 3999 ,t
231 3944 557 3995 coruscaturum.
575 3950 618 4024 Ar.
636 3940 819 3995 liesllarre'aus
838 3944 921 3995 littera
937 3946 962 3993 F.

197 4030 211 4072 2
230 4024 266 4072 lle
283 4024 425 4073 metellus.
442 4024 459 4072 1.
481 4032 507 4087 r,
525 4038 547 4074 c.
565 4032 605 4075 se.
