2892 4425
218 368 259 420 ⁴0
547 362 787 407 ΙΙΙΔΡΙῺῙΙΣΔΙ
807 364 968 408 mcum

220 481 302 542 iiiam
320 475 509 540 commodem
524 490 657 552 cauum,
671 490 750 551 quac
768 476 864 551 prima
882 475 913 533 tn
928 471 1083 533 efficiendo
1100 474 1198 535 inerit.
1222 476 1304 539 iiaec

219 580 299 639 enim
318 580 383 635 iura
398 576 518 652 proprio
536 589 643 633 nomen
663 572 737 631 iiiud
756 571 813 630 sibi
828 571 1104 650 vindicatumque
1126 579 1241 635 tuntum
1257 578 1304 635 iu.

220 675 376 752 vestigatio
389 672 428 733 ud
444 671 651 748 piriiosophum
665 673 801 747 pertinet.
827 668 933 729 Utrum
948 686 1019 730 vero
1042 672 1186 733 eiusmodi
1208 676 1305 749 prima
1406 728 1412 735 .

219 788 309 833 causa
337 770 564 847 adspectnbtiem
592 769 734 829 mundum
753 768 924 829 immediate
943 768 1126 845 condiderit,
1150 785 1189 830 an
1218 772 1305 831 citeri

219 885 327 931 musac
344 886 363 929 a
380 886 412 929 se
431 869 589 944 productae
608 867 812 927 exornandum
833 868 935 927 saitem
957 875 986 927 et
1013 867 1226 944 disponendum
1252 870 1305 931 de·

218 969 316 1045 derit3
343 984 401 1027 noo
423 970 551 1043 partium
581 965 785 1041 Philosophiae
807 966 860 1025 sed
881 965 1059 1043 'theologiae
1085 970 1218 1042 quaestio
1244 976 1301 1029 eet.

217 1064 288 1125 Diri
295 1064 403 1125 acuent
415 1062 621 1125 coenandum
634 1061 902 1141 etdispnnendum,
915 1067 986 1139 quia
999 1080 1066 1123 cum
1079 1068 1141 1125 eius
1152 1068 1305 1141 primitiva

219 1166 343 1223 macria
357 1162 478 1223 enihiio
494 1160 578 1220 educi
592 1160 738 1237 debuerit,
753 1160 956 1221 immediatum
973 1162 1085 1237 primae
1098 1178 1205 1223 catuna
1217 1162 1305 1224 iniiu·

218 1278 290 1321 xum
304 1261 474 1337 postuiavit.
488 1261 543 1319 ilis
561 1262 733 1336 praetactis,
754 1258 791 1319 ud
811 1262 991 1336 pmpositum
1019 1264 1182 1320 veniarum.

278 1359 314 1417 ln
332 1360 435 1434 primis
453 1356 526 1417 iiiud
545 1358 658 1434 ciucct,
686 1374 745 1417 non
773 1360 903 1433 potuisse
929 1358 1071 1418 muudum
1104 1362 1231 1435 seipsum
1258 1360 1305 1435 gi·

218 1472 319 1533 gnere.
345 1454 435 1529 ¹Secna
462 1456 542 1513 euim
564 1457 712 1515 extitisset
732 1463 892 1532 antequam
907 1463 1002 1533 esset,
1017 1458 1096 1533 quod
1116 1456 1304 1517 manifestam

219 1554 345 1613 invoivit
366 1554 602 1629 repugnantiam.
615 1552 713 1612 Causa
735 1555 825 1630 igitur
843 1556 978 1631 ratioque
993 1555 1134 1615 mundum
1156 1552 1301 1633 efficiens,

218 1649 330 1727 aiiquid
350 1649 389 1709 ab
408 1666 444 1708 co
467 1650 637 1709 distinctum
659 1650 867 1727 &uersumque
893 1668 957 1711 esse
978 1656 1116 1728 oportuit.
1146 1652 1248 1728 itaque
1266 1652 1307 1712 de

106 1812 109 1820 ,
217 1764 254 1808 ea
271 1750 460 1825 quaerimus,
482 1748 609 1824 tueritne
628 1764 680 1807 ons
700 1748 821 1825 aiiquod
840 1754 1035 1811 neceesarium
1050 1767 1089 1809 an
1108 1750 1306 1827 contingens?

202 1846 250 1935 'si
269 1846 342 1906 iiiud
361 1846 786 1923 conceditur31amirabemus
805 1848 885 1924 quod
903 1864 1144 1926 propugnamus,
1168 1849 1306 1909 videlicet

217 1948 343 2024 primam
367 1945 469 2004 mundi
491 1961 611 2005 causam
626 1946 714 2005 aiiarn
732 1962 791 2005 nou
813 1962 877 2006 esse
902 1950 958 2007 uisi
980 1964 1032 2007 eus
1056 1946 1202 2025 quoddam
1227 1946 1304 2007 inie-

217 2050 317 2121 ctum,
338 2050 460 2103 exstans
481 2059 534 2120 per
551 2060 593 2120 ce,
619 2043 699 2120 quod
720 2044 812 2104 Deum
837 2048 1037 2122 nominamus,
1059 2053 1088 2105 et
1107 2047 1190 2106 cuius
1211 2047 1305 2105 omni·

171 2138 180 2150 '
218 2142 322 2203 modas
341 2141 532 2220 perfectiones
554 2156 609 2201 suo
627 2143 691 2202 ioco
713 2158 816 2203 sumus
833 2146 1005 2220 exposituri.
1029 2143 1080 2203 Sin
1107 2144 1231 2205 aiterum
1256 2142 1303 2202 di·

203 2245 307 2318 citur,
328 2257 379 2301 seu
397 2243 423 2302 ei
442 2240 603 2301 coiiocatur
624 2239 726 2301 mundi
744 2257 832 2301 causa
851 2243 882 2300 in
900 2249 966 2301 ente
984 2241 1083 2318 aiiquo
1100 2243 1301 2318 contingente,

218 2342 570 2416 responsumquoeetioui
587 2338 724 2398 idoneum
744 2355 848 2399 revera
868 2357 926 2399 non
947 2327 1045 2399 datur.
1065 2339 1141 2399 Nam
1162 2345 1196 2400 ut
1218 2341 1305 2398 omit

217 2445 280 2501 tam
299 2439 379 2516 quod
395 2454 448 2498 ens
464 2438 657 2514 huiusmodi,
675 2443 779 2514 utpote
797 2438 882 2498 finita
899 2445 1014 2498 tautum
1036 2440 1210 2497 instructum
1229 2439 1302 2496 acii·

219 2539 326 2613 vitate,
352 2537 391 2598 ad
413 2537 557 2596 mundum
582 2535 767 2596 educendum
791 2553 806 2594 e
826 2535 918 2595 nihiin
945 2538 1118 2612 neutiquam
1140 2535 1299 2612 vaiuisset3

217 2637 403 2712 perspicuum
424 2649 496 2693 sane
518 2634 660 2710 estquod
682 2635 778 2710 prima
798 2631 900 2692 muudi
921 2648 1012 2694 causa
1030 2639 1172 2692 essenon
1195 2633 1301 2708 poium.

217 2733 279 2792 Eua
295 2735 373 2792 enim
392 2747 479 2790 omne
498 2734 685 2808 contingens,
703 2739 737 2791 ut
754 2734 850 2807 ipsum
872 2747 976 2797 nomen
997 2731 1119 2806 iudicat,
1131 2729 1304 2790 indiiiercus

217 2837 325 2891 natura
341 2846 395 2890 aua
412 2835 457 2888 esi
478 2830 517 2889 ad
535 2831 720 2890 existendum
744 2830 788 2888 vei
811 2845 917 2903 secus,
943 2845 977 2888 uc
1002 2832 1028 2888 si
1048 2835 1167 2901 exstat,
1187 2831 1229 2888 itu
1251 2845 1304 2888 en·

217 2933 288 3003 stet,
307 2935 341 2986 ut
362 2927 434 2987 alias
454 2943 516 2986 non
535 2934 652 2988 occure
672 2930 808 3003 potuerit.
829 2930 926 3000 Quare
945 2930 1089 2987 rationem
1109 2917 1304 2987 sufficientem

217 3041 271 3084 cur
294 3027 333 3084 sit
356 3025 439 3083 nuiio
466 3024 554 3083 modo
575 3026 606 3083 in
631 3041 663 3084 sc
685 3025 791 3101 habet,
816 3032 994 3100 externoque
1017 3031 1081 3100 eget
1100 3025 1264 3099 principio,
1285 3039 1305 3082 a

217 3138 276 3199 quo
294 3121 331 3180 ad
346 3122 531 3181 existendum
552 3122 773 3181 determinetur.
797 3121 828 3182 Si
849 3125 940 3198 igitur
961 3138 1012 3180 ens
1036 3121 1180 3181 eiusmodi
1201 3120 1303 3179 muudi

216 3236 334 3279 musam
359 3237 422 3279 csse
442 3220 642 3297 contenditur,
667 3220 704 3278 de
724 3235 760 3279 eo
786 3222 894 3279 iterum
919 3219 1026 3278 redibit
1049 3221 1201 3300 quaestio:
1225 3217 1305 3278 unde

217 3319 279 3377 siti
297 3317 395 3395 Atque
412 3320 438 3377 si
456 3326 520 3378 tutu
538 3321 626 3378 etiam
646 3325 805 3395 reponatur
823 3321 963 3378 rationem
983 3321 1046 3377 eius
1062 3317 1254 3377 sufficientem
1271 3319 1303 3376 in

217 3422 283 3475 ente
302 3417 361 3475 aiio
383 3418 491 3492 puriter
510 3419 697 3492 contingente
719 3418 847 3493 morari,
872 3416 968 3476 denuo
998 3416 1086 3474 huius
1106 3417 1186 3475 tertii
1214 3427 1305 3475 causa

218 3513 432 3590 postulabitur;
451 3529 486 3572 ac
510 3513 623 3573 tamdiu
644 3513 750 3573 redibit
772 3515 982 3590 interrogatio,
1004 3513 1096 3574 donec
1119 3511 1157 3586 ad
1176 3529 1228 3572 ens
1256 3527 1305 3571 nc·

217 3614 375 3671 cessarium
396 3619 517 3672 ventum
542 3612 641 3688 inerit,
661 3611 826 3688 quodcum
845 3613 875 3670 iu
896 3628 929 3670 sc
949 3614 1091 3672 rationem
1108 3610 1302 3671 sufficientem

216 3708 351 3768 exstuodi
371 3709 489 3786 habeat,
508 3713 548 3769 sit
568 3712 662 3786 primu
682 3725 773 3770 causo
792 3725 889 3768 rerum
909 3712 1040 3769 omnium
1057 3709 1300 3786 contingentium.

279 3806 340 3866 Nec
363 3808 504 3868 atheistac
526 3807 612 3868 nobis
635 3813 793 3868 occurrant
819 3811 930 3868 utentes
953 3807 1094 3867 deciinnri
1118 3807 1174 3864 hoc
1197 3801 1303 3882 posse,

217 3908 243 3964 si
263 3905 376 3966 infinita
394 3909 483 3967 series
503 3907 666 3967 adstruitur
681 3909 792 3966 entium
812 3909 1056 3983 contingentium,
1077 3921 1201 3982 quorum
1222 3903 1304 3963 aiiud

217 4021 253 4062 ex
273 4005 333 4064 aiio
349 4012 505 4082 nectatur,
529 4007 601 4082 quin
620 4020 752 4081 umqum
773 4004 810 4063 ad
831 4021 883 4064 ens
902 4004 1020 4081 aliquod
1044 4021 1101 4064 nou
1125 4003 1302 4078 productum
