2892 4425
422 393 500 438 PARS
521 391 638 436 ianas
659 405 671 420 ·
693 392 909 436 alencionis
1144 387 1197 440 241

126 512 248 584 umas,
272 505 493 568 subsistentium
515 508 659 566 nominat.
680 507 757 567 'l'om
782 523 835 568 ens
857 523 891 568 ea
914 509 1200 582 ratione-aeceptom

127 620 196 665 cum
214 611 283 664 ente
294 603 427 680 possibili
445 603 616 679 confundit,
631 611 661 664 et
675 604 867 664 nihilominus
881 591 917 664 cx
931 608 994 665 elus
1008 605 1203 681 applicatione

126 703 164 764 ad
180 704 341 778 elementa,
354 718 431 777 qnae
443 704 476 762 in
489 705 655 762 sensatione
667 705 731 760 slve
744 704 861 762 interna
874 705 937 762 sive
949 709 1070 762 externa
1085 705 1201 776 ineunt,

126 799 267 860 indleinm
292 815 352 858 non
376 799 414 858 de
439 798 631 874 possibilitate
654 799 706 858 sed
727 799 775 862 de,
788 799 897 859 actuali
921 801 1079 860 existentia
1104 815 1201 860 rerum

126 897 342 958 mundanorum
361 897 543 957 sidonem
561 899 674 957 statuit.
697 897 769 957 Elns
792 898 881 972 igitur
908 899 1052 956 sententia
1074 913 1110 956 ex
1138 913 1203 972 pos-

14 1048 17 1052 .
127 994 204 1056 sibili
225 996 358 1071 gignitur
376 1009 429 1054 ens
447 997 595 1068 enatent,
616 995 721 1054 saltem
741 996 774 1054 ln
794 994 897 1052 ordine
918 995 1112 1070 cognitionls3
1134 1010 1201 1054 cnm

41 1169 45 1176 Ι
128 1095 159 1154 ln
172 1109 207 1152 eo
220 1093 350 1167 praecise
361 1091 464 1151 ordine
477 1107 580 1152 sensns
593 1094 760 1151 communis
778 1094 959 1151 eontrarium
974 1093 1120 1167 sanxerit,
1135 1097 1205 1151 noto

128 1189 181 1248 illo
197 1187 305 1248 efraim
325 1205 346 1248 o
362 1187 509 1265 possead
528 1204 589 1247 esse
607 1204 667 1248 noa
686 1187 778 1250 datar
798 1187 908 1248 illatio.
931 1187 1084 1248 Praeterea
1103 1188 1204 1248 eedem

129 1286 197 1348 idea
209 1289 286 1346 entis
301 1286 390 1346 modo
402 1286 511 1346 dicitnr
522 1301 587 1346 esse
601 1287 698 1362 ipsum
712 1287 835 1346 rationis
852 1286 969 1359 lumen,
983 1285 1061 1361 qnod
1075 1286 1105 1344 in
1120 1283 1205 1344 noble

128 1391 190 1460 αῖς
213 1383 300 1444 modo
318 1399 384 1444 esse
403 1382 548 1443 obieemm
569 1399 588 1443 a
606 1389 800 1459 cognoscente
819 1381 1005 1458 distinctum,
1024 1382 1103 1458 qnod
1124 1397 1206 1442 mens

128 1483 354 1558 eonnnpletor3
374 1481 462 1542 modo
481 1496 545 1541 esse
565 1483 664 1556 ipsum
682 1481 794 1557 muns,
809 1480 896 1541 modo
916 1481 1025 1556 aliquid
1046 1496 1064 1539 a
1082 1479 1145 1540 lieo
1163 1482 1205 1540 sie

128 1577 296 1654 diversum,
307 1578 555 1656 qmmadnnodam
573 1594 656 1638 mens
676 1578 805 1638 bominis
823 1577 940 1638 diversa
959 1583 1003 1638 est
1016 1593 1035 1636 a
1048 1583 1144 1636 menta
1162 1577 1206 1636 di·

129 1676 211 1735 vino.
234 1675 318 1736 Unde
337 1678 369 1734 ln
390 1676 525 1736 llosmlnl
545 1681 706 1752 systemate
725 1674 932 1736 dllllollllmom
952 1681 1013 1750 est,
1033 1681 1064 1734 et
1082 1674 1217 1734 fortusse

129 1773 327 1850 impossibiie,
345 1773 509 1850 intelligere
527 1773 599 1850 qnid
620 1774 734 1848 proprie
755 1772 954 1850 usurpandum
976 1773 1015 1832 sit
1033 1773 1151 1833 nomine
1170 1773 1206 1831 il·

128 1869 188 1931 llns
208 1871 292 1932 ideae
308 1873 397 1932 entis.
643 1872 647 1879 '

189 1968 248 2028 Sed
266 1967 414 2046 lingarum
433 1969 512 2031 lianc
530 1974 608 2032 entis
633 1970 730 2032 ideam
749 1973 779 2031 in
800 1970 952 2047 doctrina,
973 1971 1011 2030 ds
1030 1987 1090 2048 qna
1111 1970 1205 2047 loqui·

129 2081 220 2142 mur,
245 2069 318 2126 satis
343 2067 508 2145 declarari,
532 2076 679 2145 qnatenus
703 2069 824 2129 undem
853 2068 1011 2145 aliqnando
1036 2084 1098 2128 non
1126 2067 1207 2127 allud
1247 2113 1258 2122 .

128 2163 274 2242 signifieat
293 2166 350 2226 nisi
370 2167 513 2227 rationem
534 2171 611 2228 entis
635 2173 724 2244 prout
747 2166 924 2243 praescindit
942 2164 980 2224 ab
1000 2166 1156 2225 existentia
1176 2171 1206 2224 et

129 2262 339 2339 possibilitate,
353 2271 384 2324 et
402 2264 497 2325 solnm
518 2265 629 2341 aliquid
644 2281 724 2325 nsere
736 2261 918 2339 intelligibile
935 2261 1081 2322 abstracte
1101 2261 1208 2321 reierat

128 2357 150 2434 (
158 2356 256 2419 Pente
275 2359 659 2439 idacio-indeterminato)‚·
679 2360 870 2420 nibilominus
896 2359 1006 2435 aliquid
1033 2361 1089 2419 erit
1116 2362 1207 2436 gratis
1265 2414 1275 2433 ,

129 2456 325 2517 adsunctnm.
347 2458 422 2517 Nam
447 2457 585 2519 nocens
608 2460 791 2519 ratiocinatio
816 2457 875 2516 hnc
897 2454 1015 2515 demum
1040 2456 1206 2516 reducitur:

129 2553 167 2612 ln
185 2557 266 2615 omni
286 2554 397 2615 indicio
416 2556 482 2616 idea
503 2556 602 2633 allona
621 2556 764 2633 generalis
787 2556 972 2629 connnetnr3
996 2553 1139 2630 siquidem
1163 2560 1208 2613 nt·

131 2649 274 2711 tribuum
292 2668 344 2727 per
363 2668 395 2711 se
414 2656 577 2728 inspectum
595 2656 714 2713 notione
735 2650 862 2728 generali
880 2657 1005 2711 constat.
1028 2650 1148 2727 Contra,
1170 2651 1208 2709 ad

130 2745 345 2809 efiomendanr
368 2749 462 2809 ideam
486 2751 649 2827 generalem
670 2750 813 2809 indiciam
833 2748 948 2824 semper
969 2748 1089 2824 allqnod
1112 2750 1207 2824 requi·

130 2845 225 2919 uitur,
243 2861 302 2906 non
325 2850 404 2905 enim
427 2846 537 2923 subicit
559 2849 623 2907 sola
641 2847 820 2923 abstractio,
844 2862 909 2923 qua
927 2845 1072 2905 obiectum
1092 2862 1110 2905 n
1130 2848 1208 2905 notis

130 2938 362 3004 individualibus
385 2951 557 3020 separetur.v
575 2945 620 3005 Ne
643 2947 733 3021 igitur
755 2948 787 3003 in
812 2944 955 3005 circulum
978 2945 1115 3003 vitiosum
1136 2942 1208 3002 dlla·

130 3036 258 3116 bonnm,
275 3040 464 3102 statuendum
481 3045 537 3102 erit
554 3043 686 3117 aliquam
704 3045 832 3101 maxime
847 3041 1011 3119 generalem
1032 3040 1127 3101 ideam
1146 3056 1210 3101 esse

131 3137 218 3197 nobis
244 3140 400 3216 innatam,
421 3157 458 3200 ex
486 3156 546 3217 qua
569 3142 643 3200 allae
666 3157 767 3200 omnes
792 3140 1024 3217 proficiscantur.
1052 3140 1133 3199 llaec
1155 3142 1210 3199 erit
1324 3176 1329 3183 -

130 3234 197 3295 idea
219 3238 314 3312 entb,
334 3254 410 3314 qnae
432 3255 470 3298 ex
492 3253 553 3298 nna
574 3246 656 3313 parte
677 3245 787 3297 ceteras
810 3237 891 3297 ideas
913 3236 1072 3311 inlormat,
1093 3253 1130 3296 ex
1152 3236 1210 3296 alla

130 3347 262 3409 nequeo
284 3334 498 3395 smmnmmos
515 3343 578 3394 tum
596 3337 732 3409 internis,
752 3342 815 3394 tum
837 3337 965 3393 externis
985 3334 1101 3411 deduci,
1116 3350 1210 3410 neque

131 3432 284 3489 ambone
305 3433 370 3506 ipsa
388 3448 508 3491 menam
527 3438 635 3507 potest,
652 3448 747 3507 neque
769 3448 787 3490 a
810 3432 870 3491 lieo
889 3426 1023 3491 conditur
1040 3434 1069 3489 ln
1089 3434 1210 3490 instanti

131 3540 191 3602 quo
210 3526 411 3604 intelligimus.
434 3528 511 3586 Hinc
530 3528 617 3587 facile
637 3526 790 3587 resolvitur
812 3528 905 3587 nodus
927 3531 1010 3589 initio
1031 3531 1208 3604 propositos.

130 3621 207 3681 Nam
224 3624 369 3699 generalis
386 3627 485 3700 notio,
510 3627 648 3701 sineque
665 3624 806 3684 iodicium
823 3626 935 3685 nullom
955 3626 1078 3701 proferri
1095 3628 1209 3701 potest,

130 3718 252 3779 tandem
273 3721 499 3797 aliqnando-est
519 3723 585 3783 idea
607 3724 699 3797 entis,
726 3738 801 3799 qnae
826 3737 893 3781 cnm
920 3724 959 3781 sit
985 3722 1068 3781 nobis
1088 3725 1210 3795 innata,

130 3819 284 3891 maevium
304 3818 443 3879 lodlclnm
465 3822 684 3896 nonrsqnirit3
707 3836 742 3879 ea
767 3836 805 3883 ex
828 3826 924 3879 nutem
943 3826 1056 3880 ceterae
1077 3821 1141 3877 slve
1163 3832 1210 3893 ge·

131 3912 246 3975 maie
263 3916 328 3975 slve
346 3916 506 3991 peculiares
530 3920 663 3977 notiones
683 3915 877 3993 derisantnr,
896 3923 1041 3993 maianus
1061 3927 1131 3973 cnm
1152 3912 1209 3971 ele·

131 4013 237 4073 ment'n
255 4015 442 4091 coniungitur
462 4028 537 4091 qnae
557 4030 575 4075 a
592 4013 726 4075 sensibus
744 4014 978 4091 suppeditantur.

277 4108 402 4172 Votll.
1034 4118 1072 4171 so
