2892 4425
223 355 279 406 140
689 361 824 406 mim

224 471 813 550 «mmmwrammiataiiigit,
833 468 1295 550 adamamqoaminteiiigit
1348 527 1352 538 ,

223 595 236 620 ι
259 577 433 647 ausast,
450 570 572 629 darem
587 572 677 649 igitur
695 575 860 631 mmuaest.
883 569 1100 647 Omnisigitur,
1120 572 1172 646 qui
1193 577 1293 630 nuum

223 692 237 720 a
258 670 428 728 nitraritas
450 667 586 744 inunt,
609 671 778 745 insaipao
803 668 1036 743 mserum,
1060 667 1294 730 uudanuudu·

222 791 236 818 ι
259 766 352 843 bitet3
371 783 427 826 neo
446 767 539 826 uitam
561 782 664 826 rerum
684 769 742 826 nisi
761 769 884 826 reritrte
903 765 1008 826 reruni
1025 772 1080 826 oet.
1107 767 1173 826 Nun
1194 769 1294 844 itaque

222 888 236 916 ι
258 871 373 940 oportet
390 880 459 925 aum
477 865 516 924 de
528 867 652 945 verituto
669 865 817 940 dubium,
838 867 889 941 qui
908 867 1004 941 putuit
1023 864 1226 942 undecumque
1241 865 1294 924 du·

222 986 235 1013 a
258 961 352 1022 ditare
369 966 392 1023 ¹.
411 987 425 1012 ·
446 962 587 1024 Similiter
601 980 639 1024 ax
659 963 840 1023 dubitatione
860 965 941 1039 ipsa,
962 979 1050 1040 quam
1071 965 1190 1040 suepiiei
1210 971 1294 1023 tuen·

218 1067 287 1136 tur,
308 1067 425 1138 sumpto
444 1064 609 1139 principio,
633 1063 791 1119 monstrari
810 1067 907 1136 potest
927 1077 976 1120 aua
996 1046 1190 1120 aonseieutiae
1208 1063 1291 1126 tietb

219 1162 350 1218 monium
363 1162 569 1220 iueoouassum
584 1158 704 1236 habers,
719 1166 808 1235 stupae
822 1160 888 1218 ideo
900 1160 989 1219 aiioui
1003 1161 1119 1218 veritati
1133 1159 1290 1218 ouuddere.

217 1257 253 1316 ld
273 1273 342 1318 vero
360 1261 575 1334 seopticismam
594 1261 710 1316 euertit.
736 1257 820 1330 Quod
840 1259 865 1316 si
886 1260 1081 1318 oonsuientiae
1100 1260 1188 1318 etiam
1209 1260 1292 1316 tosti·

217 1358 351 1416 moniam
363 1355 580 1432 ieooenbont,
592 1363 664 1415 tuoe
676 1372 714 1415 ex
730 1357 790 1416 aiis
800 1362 883 1433 parte
895 1372 980 1416 suum
992 1363 1120 1435 systema
1130 1356 1293 1432 destruent,

217 1460 378 1530 quatems,
399 1453 575 1514 iehaiaatato
593 1456 787 1530 conscientia,
813 1456 877 1530 ipsa
897 1456 985 1514 etiam
1005 1456 1116 1514 eomuit
1134 1452 1291 1512 dubitatio.

218 1551 296 1628 argo
313 1568 374 1628 quo
392 1568 425 1612 se
443 1567 570 1628 rumque
589 1559 713 1628 vertent,
735 1555 884 1629 proprium
897 1560 1026 1630 systema
1045 1551 1174 1612 diruant.
1196 1551 1293 1627 Appu-

217 1651 273 1708 site
292 1650 394 1710 Victor
413 1649 545 1709 Gousin:
570 1674 584 1702 ι
606 1651 663 1724 Qui
683 1653 795 1727 reiicit,
817 1655 928 1730 inquit,
951 1654 1144 1712 eonscientiae
1159 1653 1290 1710 testimo-

220 1769 232 1794 o
255 1748 352 1822 nium,
372 1749 399 1806 is
418 1747 574 1808 labefacta
586 1749 705 1824 quidem
722 1751 892 1809 nniversam
909 1729 1137 1826 phiiosdphiam,
1158 1746 1209 1806 sed
1229 1763 1292 1807 una

220 1869 234 1895 ·
257 1846 460 1922 simui'ipsum
473 1848 688 1922 sumddsmum
703 1851 818 1908 erardi.
834 1848 917 1908 Tune
937 1851 1015 1908 enim
1036 1849 1087 1908 ubi
1101 1854 1146 1907 est
1164 1847 1291 1924 amplius

220 1968 233 1993 ι
256 1945 303 2004 ius
321 1943 497 2018 dubitandi?
524 1945 673 2005 Dubitatio
697 1947 801 2006 saitem
827 1945 979 2006 dubitandi
1007 1954 1105 2006 actum
1131 1944 1289 2020 subaudit,

220 2067 233 2094 ι
256 2041 313 2102 too
332 2045 421 2102 uniuu
439 2045 551 2103 motivo
570 2045 719 2122 innixum,
733 2044 812 2121 quod
833 2045 963 2104 eiusdem
984 2045 1161 2104 eonscientia
1182 2042 1291 2102 habea-

220 2164 233 2191 ·
255 2145 316 2200 tur.
332 2140 373 2200 At
391 2140 465 2200 haee
484 2143 548 2218 ipsa
567 2145 758 2220 wascieatia,
779 2159 867 2220 quam
889 2145 1090 2220 seaptiuismus
1109 2142 1211 2219 nequit
1229 2155 1291 2199 non

220 2264 234 2290 ·
256 2256 413 2317 agnosoere
437 2248 471 2301 ut
495 2257 527 2301 se
552 2241 712 2321 adstruat,
739 2244 861 2320 ipsam,
889 2242 959 2302 dum
984 2244 1174 2321 agnoscitur,
1202 2239 1292 2317 piane

220 2362 233 2391 ⁸
255 2338 379 2399 (lssil'iiit
390 2342 416 2398 ².
433 2364 447 2391 a
831 2357 838 2371 ·

273 2436 339 2511 Quo
358 2444 457 2499 autam
476 2444 582 2516 paeto,
609 2438 768 2500 subaudita
787 2440 966 2500 eonscientia
990 2454 1065 2515 quae
1084 2434 1205 2497 dubium
1230 2434 1290 2495 sai·

214 2540 275 2593 tem
294 2536 420 2613 raierat,
441 2541 644 2613 sueptiuismus
663 2538 787 2599 refutari
807 2541 915 2615 possit,
937 2544 1025 2613 atqua
1044 2536 1082 2596 ud
1102 2534 1314 2594 existentiam·
1405 2540 1411 2551 '

215 2632 342 2710 adquam
356 2636 566 2695 admittendam
583 2637 676 2714 adigi,
687 2636 879 2696 subtilissime
895 2634 1023 2693 ostendit
1043 2632 1074 2693 S.
1090 2632 1288 2707 Augustinus3
1416 2661 1420 2667 -

214 2733 299 2791 cuius
323 2732 419 2793 iorum
441 2734 518 2791 maie
543 2736 675 2793 imitatus
695 2742 740 2793 ast
765 2734 912 2793 Commius
939 2749 991 2792 usu
1014 2747 1073 2791 non
1093 2730 1216 2789 relativo
1236 2726 1290 2787 sed

214 2827 368 2905 absoluto3
388 2829 534 2906 siquidem
559 2830 597 2889 ad
618 2830 822 2891 mutitudinem
850 2847 903 2917 ppo
925 2828 1107 2909 philosophis
1127 2827 1289 2904 generatim

215 2927 353 2986 tuendam
372 2927 523 2987 transtulit
539 2928 729 3006 methodum,
750 2944 839 3005 quam
857 2928 906 2987 iiie
926 2944 979 3003 pro
996 2928 1067 2987 sniis
1085 2926 1219 3001 saeptiois
1243 2938 1289 2981 re·

213 3022 344 3110 tutandis
362 3025 472 3086 doouit.
499 3024 545 3086 En
565 3025 665 3085 Sancti
687 3027 821 3086 Doctum
842 3025 950 3086 verba:
977 3024 1092 3083 vitam
1113 3030 1144 3083 et
1163 3037 1287 3095 sumus,

217 3148 230 3173 ι
253 3126 367 3200 inquit,
389 3131 420 3184 et
439 3138 493 3183 nos
512 3140 576 3183 esse
595 3127 751 3201 nouimus,
771 3131 800 3185 et
820 3124 850 3183 id
871 3141 945 3201 esse,
966 3139 1000 3185 ae
1021 3138 1107 3182 nosse
1125 3122 1288 3198 diligimus.

93 3302 97 3310 1
217 3247 230 3272 ι
252 3221 288 3281 Ιιι
308 3222 355 3283 his
375 3229 474 3283 autem
493 3222 600 3300 tribus,
620 3240 696 3300 quae
713 3224 790 3302 dixi,
811 3224 892 3285 nuiia
912 3238 965 3283 nos
985 3222 1101 3281 iaisitas
1120 3217 1289 3279 verisnaiiis

273 3474 283 3514 ι
297 3462 353 3514 ut.
369 3464 402 3526 dr
414 3476 479 3515 uero
490 3464 617 3529 reiipione
629 3480 652 3518 c.
665 3470 705 3530 37,
717 3482 742 3517 n.
755 3470 795 3518 τι.

270 3552 310 3593 ²«
325 3544 374 3601 Qui
389 3545 474 3608 reiette
487 3546 512 3596 ia
524 3547 678 3613 tdmoignage
693 3548 725 3599 de
740 3549 765 3599 ia
780 3548 924 3598 conscience
940 3546 1130 3608 ebroniensi
1145 3544 1209 3606 irai,
1218 3544 1289 3593 toute

214 3644 227 3666 α
244 3624 415 3689 piiiosopnie,
435 3628 498 3677 nris
512 3640 544 3678 ao
565 3630 645 3679 meme
665 3630 746 3693 tempo
765 3629 788 3679 ie
804 3626 958 3692 saeptioiame
976 3626 1110 3676 iuimame.
1128 3627 1177 3675 car
1196 3624 1230 3673 oi
1250 3626 1289 3673 est

214 3724 226 3747 s«
244 3704 311 3755 alors
331 3706 355 3757 ie
370 3706 437 3757 droit
453 3708 485 3759 de
503 3708 606 3759 douieri
621 3712 716 3761 Doutm
734 3710 794 3761 o’est
807 3720 926 3772 supposui
939 3721 971 3758 uu
987 3708 1068 3758 moins
1084 3720 1135 3770 qne
1152 3718 1185 3755 on
1201 3703 1288 3765 doute,

213 3804 225 3828 ι
243 3798 289 3849 per
303 3789 344 3837 cet
364 3789 458 3853 unique
476 3789 561 3853 ruotii,
579 3791 654 3853 qu'on
673 3802 705 3840 en
723 3803 740 3840 a
759 3788 915 3851 marrianam
932 3791 958 3839 et
977 3790 1042 3839 nette
1061 3788 1219 3847 euusoieuee,
1239 3798 1288 3847 que

215 3885 227 3909 κ
244 3866 269 3917 le
288 3870 442 3933 soepiioisme
457 3884 488 3921 ne
502 3872 562 3934 peut
580 3883 625 3934 pas
642 3884 673 3921 ue
690 3883 735 3934 pas
753 3872 906 3921 reconnaitre
920 3883 982 3933 pour
995 3870 1136 3921 s'autoriser
1149 3868 1185 3917 lui
1196 3870 1286 3927 nieme,

216 3960 277 4021 alen
293 3948 457 4014 i'autoaisaut,
472 3951 496 4001 ie
509 3963 630 4003 reuvema
646 3971 658 3994 ι
674 3954 769 4015 mons
784 3964 833 4003 sur
846 3951 874 4002 lo
888 3950 1054 4015 pittosoptie
1068 3950 1101 4002 de
1113 3950 1194 3999 liant.
1208 3950 1290 3998 avaut

212 4040 310 4091 propos,
402 4061 405 4065 Δ
697 4045 703 4073 ι
