2892 4425
538 382 593 425 ssu
615 382 792 426 nenorosus
1147 373 1203 426 tii

132 491 271 551 eesaado.
292 491 472 566 Quspmpter
490 490 627 550 identitas
646 492 851 562 terminorum,
875 495 962 566 atque
980 490 1084 550 horum
1105 505 1201 550 neees-

5 600 6 605 ’
130 592 228 649 sarius
254 603 347 648 nexus
370 593 416 648 est
437 588 565 648 conditio
591 589 707 647 iudiciis
734 590 1020 665 insipitudinem,
1047 605 1105 648 non
1134 605 1202 648 uero

129 689 283 747 eonstitult
303 685 439 762 silatum,
454 704 491 745 ex
515 703 574 762 quo
594 686 710 745 illorum
732 689 839 748 veritas
858 686 1008 748 inieratur.
1030 688 1126 764 Atque
1147 688 1203 747 hoe

130 786 198 844 inde
216 788 310 859 magis
328 793 458 860 apparet,
475 785 555 861 quod
570 785 731 844 istiusmodi
747 785 905 846 identitatis
925 785 1047 846 silatum
1069 787 1099 845 in
1121 790 1199 862 prin·

129 886 274 958 eipiorum
292 898 413 942 numero
429 883 530 942 haberi
550 890 683 959 nequeat.
709 884 820 942 lleuers
839 884 915 942 enim
937 885 1121 959 nugatorium
1142 891 1198 959 est,

129 995 184 1040 nee
203 979 265 1039 ulia
283 981 394 1039 ratione
419 979 457 1040 ad
474 979 656 1040 inierenduro
680 980 768 1040 ualet.
788 979 895 1055 Nequit
919 981 996 1040 enlm
1016 980 1120 1040 exinde
1138 980 1198 1058 syl·

128 1079 271 1155 Ιοςίεωυε
297 1078 438 1153 oonflari,
464 1082 536 1155 quio
561 1081 655 1138 minor
680 1079 837 1154 propositio
863 1093 981 1152 prorsum
1004 1077 1080 1136 idem
1105 1079 1200 1153 expri-

128 1182 193 1234 mat
210 1175 289 1251 qnod
313 1177 424 1251 illailo;
449 1184 482 1236 ut
503 1193 550 1235 ex.
575 1193 620 1254 gr.
640 1177 666 1234 si
688 1176 818 1236 dloeres:
846 1174 925 1253 quod
949 1181 1011 1249 esi,
1036 1179 1096 1250 εει,-
1116 1178 1202 1252 atqui

128 1278 162 1332 in
184 1291 237 1348 σῃ·
260 1291 330 1351 erpo
352 1279 385 1334 tu
402 1291 442 1334 er.
470 1277 536 1349 Qua
560 1277 779 1334 ratiocinatione
800 1275 897 1332 neseio
919 1289 957 1332 an
982 1275 1072 1348 possit
1090 1272 1200 1350 ailquid

127 1375 256 1449 emptius
268 1360 448 1450 ‘aegrum
550 1399 556 1408 ·

189 1478 239 1528 15.
260 1469 408 1530 Adversus
433 1484 487 1546 ea,
508 1487 584 1547 quae
603 1471 732 1530 diximus
761 1471 797 1530 de
824 1471 998 1531 resolutione
1021 1473 1200 1530 ariomatnm

126 1569 359 1645 synthetieornm
386 1586 437 1630 seo
463 1569 732 1644 experimentallum
761 1573 790 1628 in
817 1571 989 1646 principium
1018 1570 1196 1630 moralitatis

127 1667 176 1724 vel
194 1669 315 1726 redonis
334 1666 519 1743 sufficientis,
539 1670 582 1726 sie
601 1661 724 1728 sortasse
741 1670 808 1743 quis
825 1667 960 1728 obiiolet:
977 1668 1010 1728 Si
1029 1683 1063 1727 ea
1085 1668 1198 1728 thmria

127 1775 197 1824 vera
216 1773 309 1839 asset,
334 1769 482 1825 axiomata
500 1766 737 1841 experimentaiia
758 1766 897 1828 habereut
916 1767 1118 1828 certitudinem
1139 1783 1197 1826 me·

126 1863 330 1940 taplrysioam‚
352 1863 454 1923 saitem
477 1864 573 1940 quoad
599 1863 845 1924 universalitatem
868 1879 970 1940 aaam3
998 1881 1065 1924 nam
1088 1867 1194 1940 prinei·

124 1963 208 2037 pium
226 1961 459 2035 ouusulitatis‚a
480 1977 538 2037 quo
556 1977 620 2022 eam
639 1961 822 2036 derivarent,
844 1963 1024 2024 uertitudiois
1043 1969 1087 2022 est
1108 1967 1196 2022 meia-

126 2059 277 2136 physicae.

185 2155 357 2232 liespoudeo
374 2157 507 2235 negando
523 2156 694 2218 illationem.
708 2157 782 2219 Nem
796 2161 943 2218 axiomata
958 2157 1195 2234 experimeniaiiu

122 2256 290 2315 formantur
315 2256 433 2332 quidem
458 2256 635 2317 adminiculo
664 2258 799 2333 principii
827 2256 1004 2315 oausadtatis
1035 2254 1079 2314 vel
1109 2258 1195 2313 ratla-

123 2356 173 2413 nls
190 2352 372 2428 sufficientis,
393 2360 425 2415 at
443 2353 622 2415 subsudunt
640 2355 844 2429 experientiam
868 2353 936 2413 laeti
957 2358 986 2411 et
1005 2354 1194 2411 enumeratio-
1319 2354 1323 2365 '

122 2467 192 2509 nem
216 2466 335 2512 euenum
356 2454 561 2527 peculiarium,
581 2458 730 2529 tamquam
753 2450 971 2511 tundamentum
996 2466 1054 2525 quo
1073 2450 1196 2510 inuitan-

122 2556 191 2624 tnr;
212 2550 292 2626 qnod
318 2549 445 2625 proieeto
469 2566 529 2610 uon
552 2548 716 2625 suppeditat
735 2550 792 2607 nisi
812 2547 1011 2607 certitudinem
1031 2546 1192 2623 physicum.

125 2646 220 2723 liade,
241 2651 356 2708 mamad
382 2647 483 2708 haberi
507 2648 615 2711 uellem
641 2654 675 2708 ut
700 2647 898 2707 eonelusiones
916 2646 1039 2705 duumm
1058 2646 1196 2719 praemo-

123 2762 239 2821 sarnm,
264 2762 387 2822 quarum
409 2763 470 2807 unu
495 2750 534 2806 sit
556 2748 730 2823 principium
756 2748 877 2805 rationis
900 2742 1080 2818 sufficientis,
1105 2744 1197 2801 sltem

124 2844 234 2905 iactum
262 2846 440 2921 expetentia
467 2852 669 2921 oompertum3
695 2847 798 2903 iamen'
816 2842 1016 2903 eertitudlnem
1046 2840 1195 2916 physieam

122 2958 180 3001 non
200 2942 391 3003 exoederent:
413 2942 559 3004 emmimio
577 2946 656 3003 enim
680 2944 812 3019 sequitur
831 2940 1002 3003 debiliorem
1017 2942 1192 3017 praemissu-

122 3056 188 3101 rum
207 3044 337 3118 porterus.

529 3236 711 3295 Anniculus
737 3222 790 3293 iil.
862 3312 864 3319 ‚

445 3434 490 3494 De
508 3437 657 3513 principio
679 3434 873 3495 mmolitutia.

181 3636 230 3685 ut.
254 3626 441 3687 ihusaiiistis
461 3625 584 3686 eiiatnm
606 3628 649 3685 sie
667 3626 812 3685 enuntiari
836 3630 948 3699 poisat:
974 3620 1119 3701 quidquid
1131 3623 1192 3694 jii,

119 3728 166 3785 rui
180 3742 301 3785 eostam
317 3724 417 3800 labet,
433 3725 480 3785 uel
493 3726 588 3783 omnis
605 3727 724 3783 eoeotau
742 3722 1028 3795 sodomitanorum
1043 3722 1089 3781 vel
1107 3724 1195 3779 eu'am

118 3842 178 3883 ooo
200 3823 294 3883 datur
309 3820 434 3899 esseoiasr
452 3826 518 3883 siue
536 3823 723 3895 corseone
739 3822 856 3897 quidem
873 3824 904 3881 iu
920 3834 952 3881 re
971 3818 1071 3879 sedulo
1093 3824 1194 3877 notan·

119 3924 191 3982 dum
210 3929 277 3998 est,
298 3922 378 4000 qnod
402 3920 649 3998 etsi'plerumque
670 3924 817 3981 oommnni
843 3936 898 3981 usu
921 3920 1094 3996 principium
1117 3918 1194 3975 elus-

4 4057 5 4108 l
120 4023 200 4081 modi
222 4040 289 4081 eum
309 4024 451 4099 principio
473 4023 593 4081 radonis
614 4021 784 4081 sufficientis
806 4018 944 4080 oouiundl
963 4018 1072 4090 soleat;
1095 4022 1192 4075 tamen
