2892 4425
546 314 783 361 maurusiorum
1182 299 1201 361 a

36 414 43 423 ’
122 427 264 488 habentur
276 433 305 487 et
317 426 514 505 Pythagoras,
528 430 641 503 primus
654 445 671 486 e
684 428 798 503 Mileto,
816 424 891 486 alter
903 442 920 485 e
932 423 1032 487 Sumo.
1051 426 1104 487 lile
1121 428 1201 487 enlm

122 533 275 602 postquam
295 526 498 587 celeberrimas
516 525 595 585 orbis
613 515 719 601 plagas
736 532 936 602 peragrasset,
955 528 986 583 in
1002 526 1085 584 lenia
1097 526 1202 585 docere

122 624 238 699 publice
256 626 367 700 eoepit3
389 624 455 701 hic,
476 630 542 699 pest
562 623 733 683 diuturnam
754 626 1033 700 peregrinationem,
1052 626 1202 699 ingentem

123 720 272 781 doctrinae
291 723 351 779 vim
367 722 488 797 adeptus
506 721 621 779 ltaliam
640 721 765 796 appulit,
780 737 816 779 uc
831 722 984 797 Crotonae,
999 724 1031 779 ln
1046 723 1128 780 sinus
1147 718 1203 779 Ta·

124 821 230 877 reatini
249 818 321 877 urhe
341 819 459 893 celebri,
481 820 667 895 gymnasium
687 819 813 892 aperuit.
834 818 879 876 En
902 818 1115 877 famosissimae
1135 818 1203 875 illae

123 916 199 989 dunc
220 923 248 975 et
265 918 376 992 primae
394 915 633 991 philosophorum
654 914 804 990 haereses,
824 916 925 974 Ionica
940 930 1015 991 una,
1034 916 1127 974 ultera
1146 915 1204 973 lta-
1282 962 1290 975 .

124 1012 197 1089 lieu,
223 1013 330 1088 quibus
354 1012 478 1072 subinde
499 1014 586 1071 tertia
605 1014 747 1088 accessit,
771 1013 910 1071 nimirum
931 1013 1080 1088 Eleatica,
1103 1012 1203 1070 Xeno-

124 1108 221 1183 phane
239 1114 371 1185 aucture,
394 1124 469 1184 qnae
484 1126 520 1167 ex
540 1109 644 1168 italica
657 1111 788 1168 omnium
810 1112 980 1168 maturrime
1001 1109 1132 1186 proiecta
1144 1116 1201 1169 est.

124 1203 170 1263 Ex
184 1204 240 1263 hac
254 1220 340 1281 porra
351 1208 483 1267 manauit
496 1206 679 1284 htemlstica,
690 1206 764 1265 duce
776 1205 923 1282 Leucippo
935 1208 1055 1281 eiusque
1071 1206 1203 1265 auditore

126 1299 304 1361 Democrito.

185 1397 226 1459 Ut
244 1400 347 1461 harum
366 1406 514 1461 sectarum
530 1403 645 1461 variam
660 1403 819 1461 innuamus
834 1399 974 1474 indolem,
999 1399 1111 1475 ionica,
1128 1415 1204 1475 quae

127 1496 162 1555 ad
190 1504 324 1557 naturam
350 1499 535 1575 spectabile·
556 1498 809 1574 contemplandam
833 1499 962 1557 maxime
981 1496 1105 1556 eontulit
1135 1513 1204 1572 ope·

125 1608 202 1670 ram,
225 1596 392 1670 empirlsmo
408 1596 465 1657 fult
484 1599 675 1671 pmpeusior3
697 1602 801 1654 eontra
820 1594 1026 1672 Pythagoras,
1045 1593 1205 1652 excelsiore

127 1692 225 1750 auimo
246 1690 345 1769 utens,
366 1694 565 1753 rationalismo
590 1699 678 1769 atque
699 1692 850 1751 ideallsmo
869 1692 992 1767 studuit,
1008 1697 1073 1749 tum
1091 1690 1205 1750 Mathe·

126 1790 182 1845 sim
201 1776 309 1867 magno
323 1806 410 1865 opere
423 1790 560 1849 excoluit.
582 1790 712 1849 Eleatica
726 1789 863 1848 Italicum
876 1788 1060 1847 ideallsmnm
1079 1794 1206 1862 praeter·

129 1893 212 1947 vecta
230 1894 260 1947 et
277 1890 314 1948 ad
328 1904 425 1949 rerum
439 1886 641 1963 vestigandam
655 1890 800 1964 originem
821 1888 1005 1963 potissimum
1019 1884 1203 1961 incumbens,

127 1990 158 2049 iu
171 1990 294 2048 idealem
307 1985 462 2063 quendam
476 1984 704 2061 pantheismum,
727 1986 838 2043 recenti
850 1984 1066 2043 Germanorum
1086 1985 1136 2040 uix
1153 1982 1204 2041 ah

128 2086 276 2162 similem,
301 2085 420 2161 delapsa
440 2091 505 2160 esi3
535 2084 583 2143 cui
600 2084 774 2143 Atumistica
795 2080 960 2140 eliraeuum
978 2082 1154 2141 sensismum
1176 2085 1207 2138 et

127 2185 325 2260 empirismnm
347 2185 494 2259 opposuit.

187 2281 227 2339 At
244 2297 381 2356 processu
394 2283 555 2357 temporis,
574 2282 727 2340 occasione
739 2280 911 2354 praesertim
925 2277 1129 2338 dissidentium
1143 2279 1205 2352 opl-

53 2443 56 2446 ,
125 2379 261 2452 niouum,
283 2377 464 2451 philosophia
483 2380 514 2434 in
529 2377 718 2452 sophisticam
739 2375 938 2450 degeneravit,
962 2383 1148 2450 apparentem
1163 2377 1207 2432 ni·

127 2477 236 2533 mirum
250 2475 422 2548 sapientiam
437 2472 643 2547 quorumdam,
655 2474 706 2546 qni
719 2475 774 2529 etsi
789 2487 847 2530 uon
860 2478 922 2530 tam
936 2487 969 2528 re
986 2487 1074 2545 quum
1089 2472 1207 2528 nonnae

128 2577 225 2631 essent
238 2569 415 2646 philosophi,
436 2570 535 2628 omnis
549 2575 647 2627 mmeu
665 2584 698 2626 se
716 2567 1018 2642 selreprulitereutur.
1040 2567 1084 2626 Ex
1099 2567 1206 2626 hurum

127 2671 252 2728 numero
270 2665 475 2726 celeberrimus
493 2665 551 2726 luit
568 2665 755 2742 Protagoras,
773 2667 825 2740 qni
841 2664 966 2724 docebat
985 2665 1136 2724 scientiam
1156 2665 1207 2724 ho

128 2766 218 2824 mlnis
237 2779 403 2823 mensuram
417 2779 479 2824 esse
497 2779 611 2838 rerum;
633 2763 713 2839 quud
726 2761 949 2822 deliramentum
968 2765 1083 2840 egregie
1096 2765 1208 2822 Aristo
1281 2806 1286 2815 ,

128 2862 199 2922 telas
220 2865 250 2920 lu
269 2877 324 2922 sua
342 2860 546 2939 metaphysica
563 2859 740 2921 confutarit.

189 2969 219 3018 a.
241 2959 336 3036 Atque
355 2962 385 3019 ln
413 2967 497 3020 tauto
515 2959 682 3020 discrimine
705 2958 909 3035 philosophiae
933 2957 1067 3020 Socrates
1084 2958 1207 3019 Athenis

18 3033 21 3042 ¹
127 3057 248 3133 illuxit,
273 3073 359 3132 quem
378 3056 494 3118 Tullius
517 3055 722 3133 philosophiae
744 3060 901 3133 parentem
921 3058 1089 3132 appellat1.
1114 3058 1144 3116 ls
1165 3059 1208 3115 iu·
1334 3068 1337 3072 ·

128 3153 265 3214 credibili
281 3156 393 3232 ingenii
409 3155 610 3230 magnitudine
628 3153 778 3230 praeditus
796 3153 994 3229 sophistarum
1006 3160 1130 3214 conatus
1144 3169 1208 3229 per·

127 3249 205 3309 ditos
227 3251 411 3327 vindicavit,
439 3256 470 3310 et
499 3253 610 3312 meliori
630 3253 778 3328 pmposita
797 3251 1029 3327 philosophandi·
1044 3251 1206 3329 methodo,

128 3348 246 3422 ingenia
270 3349 419 3422 praeclara
440 3349 590 3410 educanda
611 3352 759 3426 suscepit,
780 3349 887 3424 quibus
913 3355 985 3408 tunc
1001 3348 1126 3408 Graecia
1144 3355 1209 3408 erat

21 3527 24 3533 Ι
129 3442 329 3504 miertisslma.
349 3447 393 3504 Ea
412 3449 486 3506 tanti
504 3450 561 3506 viri
583 3447 736 3523 disciplina
750 3446 938 3523 quamplures
955 3449 1050 3506 exorti
1072 3453 1142 3506 sunt
1162 3463 1209 3506 sa·

128 3541 264 3615 pientes,
283 3555 406 3614 quomm
426 3543 475 3602 aiil
498 3546 528 3603 ln
550 3544 677 3620 gerenda
697 3543 869 3620 republica,
890 3545 941 3604 alii
960 3547 991 3603 in
1010 3544 1209 3620 promovenda
1222 3577 1235 3586 -

129 3635 313 3713 philosophia
337 3653 455 3711 operam
477 3643 667 3703 culoearunt.
700 3643 855 3718 liquibus
879 3642 1045 3719 Aristippus
1069 3644 1208 3719 Cyrenai-

129 3751 181 3794 cae
206 3731 323 3794 scholae
342 3742 455 3811 auctor,
473 3738 607 3800 Euclides
626 3741 823 3818 hleg'arensls,
845 3738 964 3802 Phaedo
980 3741 1124 3817 hiiensis,
1147 3739 1206 3798 hn-

188 3954 199 3998 l
213 3948 250 3996 De
261 3945 375 3996 Finibus
387 3944 431 3996 lib.
446 3952 469 3995 2.
