2892 4425
179 421 188 439 ,
229 378 335 469 2²·-
296 407 304 423 .
326 402 364 453 ·:
610 370 908 434 Juanuorronss

231 435 426 569 {bipedia
412 484 508 549 ned
490 474 620 567 unqr'ram
556 412 770 551 matiana
783 508 820 551 ex
833 494 913 551 omni
925 496 1008 567 parte
1021 492 1144 552 scientia
1157 494 1245 569 potiri
1261 510 1324 569 pos

248 605 367 666 sumus,
387 606 483 647 rerum
506 590 730 665 contemplatio,
749 592 798 649 cui
817 590 906 648 borno
927 596 1034 665 vacat,
1050 607 1111 649 non
1128 596 1190 649 mm
1210 592 1323 665 sapien·

248 690 303 763 tia,
320 703 410 764 quam
429 690 526 763 potins
544 690 701 763 sapientiae
721 703 816 763 amor,
836 703 872 747 ac
892 690 975 747 nisus
993 674 1084 748 animi
1106 688 1145 747 ad
1166 705 1231 748 eam
1247 704 1325 747 com·

247 785 412 862 parandam
432 786 531 844 vocari
552 784 647 844 debet.

304 883 349 943 At
365 884 500 958 quamvis
511 885 586 940 inter
602 898 703 940 omnes
720 882 757 940 de
774 884 894 942 nomine
911 885 1077 959 conveniat3
1096 889 1194 942 umen
1210 881 1324 940 dedell-

249 982 374 1054 nitlone,
392 995 468 1055 qnae
487 996 548 1038 rem
566 982 679 1037 nomini
697 979 858 1039 subiectam
874 981 1011 1057 explicet,
1025 980 1170 1040 dissidens
1182 981 1325 1038 sementia

248 1083 304 1136 est.
328 1076 447 1135 Veteres
467 1080 625 1153 generatim
648 1077 863 1151 philosophiam
882 1077 1086 1153 concipiebant
1109 1084 1259 1151 tamquam
1278 1091 1324 1150 ge

248 1173 376 1232 noralem
393 1176 544 1233 scientiam
560 1175 782 1251 principiorum,
798 1174 906 1249 qulbus
924 1190 970 1233 res
986 1191 1089 1233 omncs
1106 1176 1325 1233 constituantur

248 1276 277 1329 et
293 1272 404 1346 vigent.
424 1270 539 1329 Tullius
552 1287 616 1328 eam
634 1269 783 1328 delinivit:
806 1286 904 1329 rerum
922 1268 1092 1328 citrinorum
1111 1275 1200 1344 atquc
1218 1268 1323 1327 buma-

248 1382 366 1440 norum,
389 1382 612 1442 causarumque,
636 1365 743 1442 quibus
766 1365 823 1424 bac
846 1384 893 1424 rea
916 1368 1112 1437 contincatur,
1132 1366 1286 1423 scientiam
1301 1368 1324 1437 ¹3

248 1462 395 1536 Woliius,
418 1464 583 1537 cognitione
606 1461 737 1520 bumana
758 1464 789 1519 in
812 1461 999 1535 historicam,
1020 1460 1275 1535 mathematicam,
1295 1467 1325 1519 et

247 1557 481 1635 philosophicam
500 1557 666 1634 distributa,
684 1558 899 1633 philosophiam
918 1558 1070 1617 describit:
1088 1560 1242 1615 scantiam
1254 1574 1324 1635 por·

248 1655 383 1717 uallium
404 1658 548 1732 quolenus
568 1673 628 1715 cssc
645 1661 774 1733 possunt
787 1660 812 1732 ²3
835 1656 999 1715 (leonensis
1018 1672 1083 1715 earn
1103 1672 1167 1715 esse
1189 1656 1262 1715 diclt
1282 1673 1325 1714 rc·

247 1771 315 1815 rum
334 1758 531 1827 micanum,
548 1750 704 1829 sociarum
724 1758 754 1813 ei
769 1752 967 1830 pmsibiliam,
982 1770 1140 1830 corumque
1155 1770 1322 1827 cuasarum,

239 1853 369 1929 finium,
390 1850 583 1925 relationum,
612 1868 717 1911 usuum
738 1854 891 1911 seleutiam
911 1854 937 1927 ³3
962 1851 1151 1927 Gaiiuppins:
1172 1853 1324 1910 selemiam

247 1950 438 2025 capitationis
454 1946 603 2008 humanae
621 1952 647 2025 ⁴3
667 1950 864 2025 Romagnosi:
886 1951 1039 2008 muntium
1060 1949 1210 2008 reoiiicia's
1232 1950 1325 2007 actio·

247 2062 375 2123 uumquc
397 2062 495 2105 rerum
514 2044 648 2105 habitam
666 2062 721 2123 pcr
740 2062 858 2121 causas,
878 2064 954 2123 qraac
971 2048 1121 2122 casanata·
1137 2051 1261 2123 possmu
1278 2048 1302 2103 ⁵.

309 2153 338 2204 2.
361 2144 425 2203 Hoc
445 2146 539 2220 magis
561 2160 724 2220 apparens,
745 2161 833 2222 qnam
856 2146 933 2203 reale
953 2144 1105 2202 dissidium
1128 2144 1260 2203 nonnulli
1281 2146 1326 2201 sic

247 2248 447 2318 exaggerant,
466 2249 499 2301 ut
522 2242 739 2319 Larnmlguiere
761 2260 889 2302 asserere
911 2260 970 2301 non
989 2243 1189 2317 dubitaverit,
1213 2248 1325 2300 certam

247 2340 448 2417 philosophiae
469 2339 667 2400 delinitionem
691 2342 858 2416 possibilem
882 2357 984 2400 revera
1005 2357 1064 2399 noo
1086 2357 1148 2399 esse
1165 2343 1189 2398 ⁶.
1216 2340 1325 2398 Veram

247 2455 306 2498 noa
322 2441 364 2496 sic
378 2439 527 2515 negotiosa
544 2455 591 2498 res
607 2445 662 2514 ast,
676 2446 709 2498 ut
726 2440 832 2498 resolvi
848 2447 991 2516 nequeat,
1005 2439 1093 2514 idque
1109 2439 1161 2496 iiet
1176 2436 1325 2511 perfacile,

248 2537 274 2594 sl
296 2535 491 2611 cogitabimus
511 2535 582 2610 qaid
604 2539 797 2596 communiter
819 2553 854 2595 eo
876 2539 995 2594 nomine
1012 2536 1202 2608 intelligatur.
1227 2531 1325 2607 Atque

247 2634 280 2692 ia
298 2635 401 2708 primis
419 2632 493 2691 illud
509 2637 644 2705 coastat,
665 2631 865 2706 philosophiae
882 2647 989 2688 nomen
1008 2629 1179 2705 generaliori
1198 2629 1325 2704 quadarn
1378 2627 1382 2632 “

248 2731 415 2804 acceptione
428 2729 636 2786 communicari
657 2727 774 2784 solitum
794 2743 858 2784 esso
876 2727 971 2784 cuivis
991 2727 1142 2784 notionum
1159 2727 1324 2801 systemati,

247 2825 328 2900 quod
349 2823 495 2882 obiectum
515 2821 640 2896 explicet
666 2838 716 2895 per
740 2838 809 2879 suas
830 2836 946 2879 causas.
970 2820 1044 2879 Nam
1070 2837 1137 2878 cum
1162 2839 1207 2880 res
1227 2824 1325 2879 omnis

246 2925 391 2982 rationem
412 2921 541 2995 aliquam
561 2934 674 2994 semper
694 2918 801 2978 habeat
826 2934 880 2977 cur
899 2920 995 2993 potios
1018 2921 1058 2977 sit
1077 2935 1165 2994 qnam
1184 2936 1242 2977 non
1264 2922 1324 2994 sit,

246 3023 290 3079 sic
311 3021 410 3094 potius
432 3033 520 3092 quam
543 3017 627 3074 aliter
647 3018 703 3091 sit;
726 3016 856 3093 humana
878 2999 1005 3092 cognitio
1028 3017 1069 3074 ita
1089 3019 1120 3074 in
1148 3017 1234 3075 rebus
1259 3017 1324 3090 qni-

247 3103 544 3192 busquc'scrutandis
565 3116 675 3174 versari
700 3120 817 3189 potest,
838 3121 872 3173 ut
894 3129 999 3172 causas
1023 3114 1163 3172 eiusmodi
1186 3121 1216 3185 et
1236 3114 1325 3170 ratio·

173 3282 177 3290 ¹
247 3231 299 3274 nes
323 3217 471 3289 anquirat.
495 3212 579 3272 Tunc
605 3214 810 3288 vestigationes
835 3212 903 3270 illae
926 3212 1125 3287 philosophiae
1151 3211 1269 3268 nomine
1293 3211 1325 3266 in

247 3311 439 3371 determinato
460 3309 558 3386 aliquo
581 3325 685 3386 genero
707 3310 952 3368 condecorantur.
984 3309 1032 3368 Sic
1051 3308 1175 3368 dicimus
1198 3306 1325 3382 philoso-

306 3453 369 3502 illc
382 3447 483 3512 officiis
495 3447 539 3498 lib.
551 3455 575 3499 t.

228 3571 230 3574 .
305 3532 473 3582 nDhcuraut
482 3529 568 3594 prael.
584 3528 616 3580 dc
628 3529 696 3594 phil.
708 3532 737 3580 ta
749 3541 843 3594 acuere
858 3542 881 3580 c.
896 3536 918 3580 a.

306 3617 321 3660 3
332 3612 405 3660 Artis
417 3609 469 3672 loa.
480 3613 541 3660 crit.
554 3610 693 3672 Prolegom.

305 3691 321 3738 4
336 3691 391 3738 lez.
405 3688 509 3754 diffloa.
520 3703 534 3739 c
546 3691 609 3740 uec.
622 3691 682 3739 laur.
700 3697 721 3752 i,
737 3691 781 3740 lez.
794 3698 818 3741 t.

200 3807 204 3816 .
306 3774 346 3818 ιι
359 3770 395 3818 La
406 3767 730 3820 scieozadeil’essereedei
741 3771 792 3820 iare
802 3769 868 3820 delle
880 3783 938 3820 cose
954 3782 998 3832 per
1010 3769 1052 3819 ria
1063 3768 1128 3818 delle
1139 3769 1193 3818 loro
1204 3779 1278 3816 causo
1289 3779 1326 3816 as·

249 3865 263 3888 a
276 3846 403 3908 aequabili.
417 3865 429 3890 »ι
447 3845 902 3912 Veduicsoadom.su1l'ar·teloo.i.
920 3857 941 3910 t,
952 3865 975 3900 c.
991 3858 1012 3911 t,
1022 3863 1070 3900 sea.
1088 3857 1109 3900 t.

306 3929 389 3976 arie
404 3940 435 3977 ne
447 3928 503 3990 pais
516 3927 581 3977 donc
597 3941 642 3992 pus
656 3943 718 3980 rous
730 3930 785 3981 dire
799 3944 828 3981 cc
842 3943 892 3993 qne
906 3931 967 3980 c'esi
979 3943 1030 3994 qne
1046 3929 1071 3978 la
1083 3927 1245 3992 philosophie.
1260 3931 1299 3978 0n
1311 3943 1328 3977 a

251 4023 263 4048 ι
279 4005 357 4056 reuda
369 4009 432 4058 oeiie
445 4008 571 4060 dciiniilon
584 4009 733 4074 impossible.
749 4032 761 4055 a
778 4015 872 4074 lacem
883 4011 916 4061 dc
924 4011 1021 4073 pierias.
1036 4023 1088 4072 par.
1102 4016 1126 4070 t,
1139 4008 1185 4069 irs·
1202 4015 1221 4058 ¹·
