<?xml version="1.0" encoding="UTF-8"?>
<!DOCTYPE html PUBLIC "-//W3C//DTD XHTML 1.0 Transitional//EN"
    "http://www.w3.org/TR/xhtml1/DTD/xhtml1-transitional.dtd">
<html xmlns="http://www.w3.org/1999/xhtml" xml:lang="en" lang="en">
 <head>
  <title>
</title>
<meta http-equiv="Content-Type" content="text/html;charset=utf-8" />
  <meta name='ocr-system' content='tesseract 3.04.00' />
  <meta name='ocr-capabilities' content='ocr_page ocr_carea ocr_par ocr_line ocrx_word'/>
</head>
<body>
  <div class='ocr_page' id='page_1' title='image "./institutionesph01libegoog_0079.png"; bbox 0 0 2892 4425; ppageno 0'>
   <div class='ocr_carea' id='block_1_1' title="bbox 562 318 1311 401">
    <p class='ocr_par' dir='ltr' id='par_1_1' title="bbox 562 318 1311 401">
     <span class='ocr_line' id='line_1_1' title="bbox 562 318 1311 401; baseline -0.001 -4"><span class='ocrx_word' id='word_1_1' title='bbox 562 356 777 401; x_wconf 68' lang='lat' dir='ltr'>pissimum</span> <span class='ocrx_word' id='word_1_2' title='bbox 1169 346 1202 396; x_wconf 81' lang='lat' dir='ltr'>rs</span> <span class='ocrx_word' id='word_1_3' title='bbox 1304 318 1311 329; x_wconf 19' lang='grc' dir='ltr'><em>κ</em></span> 
     </span>
    </p>
   </div>
   <div class='ocr_carea' id='block_1_2' title="bbox 24 438 1254 2400">
    <p class='ocr_par' dir='ltr' id='par_1_2' title="bbox 24 438 1254 1603">
     <span class='ocr_line' id='line_1_2' title="bbox 139 438 1208 543; baseline -0.002 -18"><span class='ocrx_word' id='word_1_4' title='bbox 139 473 202 541; x_wconf 74' lang='lat' dir='ltr'>tur,</span> <span class='ocrx_word' id='word_1_5' title='bbox 219 466 324 525; x_wconf 70' lang='lat' dir='ltr'>vertes</span> <span class='ocrx_word' id='word_1_6' title='bbox 338 438 536 543; x_wconf 65' lang='lat' dir='ltr'>menpnysiod</span> <span class='ocrx_word' id='word_1_7' title='bbox 550 463 664 524; x_wconf 87' lang='lat' dir='ltr'>dedniri</span> <span class='ocrx_word' id='word_1_8' title='bbox 678 466 784 539; x_wconf 86' lang='lat' dir='ltr'>poterit</span> <span class='ocrx_word' id='word_1_9' title='bbox 795 468 986 541; x_wconf 77' lang='lat' dir='ltr'>oougruentiu</span> <span class='ocrx_word' id='word_1_10' title='bbox 998 467 1040 525; x_wconf 78' lang='lat' dir='ltr'>rei</span> <span class='ocrx_word' id='word_1_11' title='bbox 1052 480 1120 523; x_wconf 87' lang='lat' dir='ltr'>oum</span> <span class='ocrx_word' id='word_1_12' title='bbox 1131 465 1208 523; x_wconf 88' lang='lat' dir='ltr'>notis</span> 
     </span>
     <span class='ocr_line' id='line_1_3' title="bbox 138 559 1209 639; baseline 0 -18"><span class='ocrx_word' id='word_1_13' title='bbox 138 566 229 639; x_wconf 82' lang='lat' dir='ltr'>ipsum</span> <span class='ocrx_word' id='word_1_14' title='bbox 241 562 494 637; x_wconf 87' lang='lat' dir='ltr'>eonstitueutibus,</span> <span class='ocrx_word' id='word_1_15' title='bbox 509 569 652 638; x_wconf 80' lang='lat' dir='ltr'>quotenus</span> <span class='ocrx_word' id='word_1_16' title='bbox 670 562 721 621; x_wconf 84' lang='lat' dir='ltr'>iiis</span> <span class='ocrx_word' id='word_1_17' title='bbox 737 559 783 621; x_wconf 86' lang='lat' dir='ltr'>vei</span> <span class='ocrx_word' id='word_1_18' title='bbox 802 568 870 622; x_wconf 76' lang='lat' dir='ltr'>netu</span> <span class='ocrx_word' id='word_1_19' title='bbox 887 565 1075 639; x_wconf 70' lang='lat' dir='ltr'><strong>cognoscitur</strong></span> <span class='ocrx_word' id='word_1_20' title='bbox 1086 562 1133 621; x_wconf 79' lang='lat' dir='ltr'>rei</span> <span class='ocrx_word' id='word_1_21' title='bbox 1152 562 1209 621; x_wconf 82' lang='lat' dir='ltr'>sui·</span> 
     </span>
     <span class='ocr_line' id='line_1_4' title="bbox 138 659 1210 738; baseline -0.001 -17"><span class='ocrx_word' id='word_1_22' title='bbox 138 669 194 721; x_wconf 84' lang='lat' dir='ltr'>tem</span> <span class='ocrx_word' id='word_1_23' title='bbox 209 664 345 738; x_wconf 80' lang='lat' dir='ltr'>eognosui</span> <span class='ocrx_word' id='word_1_24' title='bbox 363 667 467 737; x_wconf 87' lang='lat' dir='ltr'>potest.</span> <span class='ocrx_word' id='word_1_25' title='bbox 489 660 548 721; x_wconf 82' lang='lat' dir='ltr'>Bes</span> <span class='ocrx_word' id='word_1_26' title='bbox 560 663 638 719; x_wconf 89' lang='lat' dir='ltr'>enim</span> <span class='ocrx_word' id='word_1_27' title='bbox 652 662 774 735; x_wconf 74' lang='lat' dir='ltr'>quoeris</span> <span class='ocrx_word' id='word_1_28' title='bbox 793 659 903 720; x_wconf 86' lang='lat' dir='ltr'>ideireo</span> <span class='ocrx_word' id='word_1_29' title='bbox 920 676 956 719; x_wconf 85' lang='lat' dir='ltr'>eo</span> <span class='ocrx_word' id='word_1_30' title='bbox 976 659 1116 735; x_wconf 83' lang='lat' dir='ltr'>possidet,</span> <span class='ocrx_word' id='word_1_31' title='bbox 1134 675 1210 735; x_wconf 84' lang='lat' dir='ltr'>quoe</span> 
     </span>
     <span class='ocr_line' id='line_1_5' title="bbox 136 757 1206 835; baseline -0.004 -18"><span class='ocrx_word' id='word_1_32' title='bbox 136 759 262 819; x_wconf 87' lang='lat' dir='ltr'>eiusdem</span> <span class='ocrx_word' id='word_1_33' title='bbox 285 760 403 835; x_wconf 81' lang='lat' dir='ltr'>propris</span> <span class='ocrx_word' id='word_1_34' title='bbox 425 764 509 833; x_wconf 70' lang='lat' dir='ltr'>sunt,</span> <span class='ocrx_word' id='word_1_35' title='bbox 536 759 605 833; x_wconf 85' lang='lat' dir='ltr'>quin</span> <span class='ocrx_word' id='word_1_36' title='bbox 629 757 700 817; x_wconf 89' lang='lat' dir='ltr'>ideis</span> <span class='ocrx_word' id='word_1_37' title='bbox 723 757 776 817; x_wconf 75' lang='lat' dir='ltr'>liei</span> <span class='ocrx_word' id='word_1_38' title='bbox 805 757 974 835; x_wconf 73' lang='lat' dir='ltr'><strong>archetypis</strong></span> <span class='ocrx_word' id='word_1_39' title='bbox 997 758 1206 817; x_wconf 82' lang='lat' dir='ltr'>ooniormutnr.</span> 
     </span>
     <span class='ocr_line' id='line_1_6' title="bbox 137 852 1209 932; baseline -0.004 -15"><span class='ocrx_word' id='word_1_40' title='bbox 137 856 200 917; x_wconf 81' lang='lat' dir='ltr'>flou</span> <span class='ocrx_word' id='word_1_41' title='bbox 218 859 282 932; x_wconf 89' lang='lat' dir='ltr'>ipso</span> <span class='ocrx_word' id='word_1_42' title='bbox 299 862 399 917; x_wconf 87' lang='lat' dir='ltr'>nutem</span> <span class='ocrx_word' id='word_1_43' title='bbox 414 855 493 931; x_wconf 89' lang='lat' dir='ltr'>qnod</span> <span class='ocrx_word' id='word_1_44' title='bbox 510 871 545 917; x_wconf 83' lang='lat' dir='ltr'>en</span> <span class='ocrx_word' id='word_1_45' title='bbox 562 854 718 930; x_wconf 74' lang='lat' dir='ltr'>possiden,</span> <span class='ocrx_word' id='word_1_46' title='bbox 735 853 773 914; x_wconf 85' lang='lat' dir='ltr'>nd</span> <span class='ocrx_word' id='word_1_47' title='bbox 792 852 927 915; x_wconf 78' lang='lat' dir='ltr'>idoneum</span> <span class='ocrx_word' id='word_1_48' title='bbox 943 858 990 917; x_wconf 85' lang='lat' dir='ltr'>sni</span> <span class='ocrx_word' id='word_1_49' title='bbox 1010 857 1209 930; x_wconf 76' lang='lat' dir='ltr'>noguiiiom</span> 
     </span>
     <span class='ocr_line' id='line_1_7' title="bbox 137 951 1159 1030; baseline -0.002 -16"><span class='ocrx_word' id='word_1_50' title='bbox 137 956 169 1015; x_wconf 92' lang='lat' dir='ltr'>in</span> <span class='ocrx_word' id='word_1_51' title='bbox 181 954 267 1013; x_wconf 88' lang='lat' dir='ltr'>nobis</span> <span class='ocrx_word' id='word_1_52' title='bbox 281 953 457 1030; x_wconf 79' lang='lat' dir='ltr'>gignendum</span> <span class='ocrx_word' id='word_1_53' title='bbox 471 952 688 1013; x_wconf 83' lang='lat' dir='ltr'>eooommodsto</span> <span class='ocrx_word' id='word_1_54' title='bbox 701 958 762 1011; x_wconf 80' lang='lat' dir='ltr'>est.</span> <span class='ocrx_word' id='word_1_55' title='bbox 772 951 813 1011; x_wconf 73' lang='lat' dir='ltr'>tr</span> <span class='ocrx_word' id='word_1_56' title='bbox 824 952 862 1011; x_wconf 88' lang='lat' dir='ltr'>de</span> <span class='ocrx_word' id='word_1_57' title='bbox 874 951 932 1011; x_wconf 83' lang='lat' dir='ltr'>hoe</span> <span class='ocrx_word' id='word_1_58' title='bbox 944 952 1014 1013; x_wconf 82' lang='lat' dir='ltr'>eiiiti</span> <span class='ocrx_word' id='word_1_59' title='bbox 1028 953 1159 1013; x_wconf 70' lang='lat' dir='ltr'>nmmos.</span> 
     </span>
     <span class='ocr_line' id='line_1_8' title="bbox 47 1048 1212 1125; baseline 0.002 -18"><span class='ocrx_word' id='word_1_60' title='bbox 47 1087 56 1107; x_wconf 91' lang='lat'><strong>.</strong></span> <span class='ocrx_word' id='word_1_61' title='bbox 196 1052 322 1113; x_wconf 83' lang='lat' dir='ltr'>Domum</span> <span class='ocrx_word' id='word_1_62' title='bbox 339 1051 457 1111; x_wconf 80' lang='lat' dir='ltr'>morulis</span> <span class='ocrx_word' id='word_1_63' title='bbox 472 1054 579 1111; x_wconf 82' lang='lat' dir='ltr'>veritus</span> <span class='ocrx_word' id='word_1_64' title='bbox 601 1052 630 1109; x_wconf 94' lang='lat' dir='ltr'>in</span> <span class='ocrx_word' id='word_1_65' title='bbox 651 1048 806 1111; x_wconf 84' lang='lat' dir='ltr'>oonoordin</span> <span class='ocrx_word' id='word_1_66' title='bbox 823 1052 970 1111; x_wconf 88' lang='lat' dir='ltr'>sermonis</span> <span class='ocrx_word' id='word_1_67' title='bbox 990 1050 1037 1109; x_wconf 84' lang='lat' dir='ltr'>uei</span> <span class='ocrx_word' id='word_1_68' title='bbox 1061 1051 1212 1125; x_wconf 72' lang='lat' dir='ltr'>siquomm</span> 
     </span>
     <span class='ocr_line' id='line_1_9' title="bbox 24 1130 1209 1222; baseline -0.006 -10"><span class='ocrx_word' id='word_1_69' title='bbox 24 1130 35 1147; x_wconf 76' lang='grc'><em>’</em></span> <span class='ocrx_word' id='word_1_70' title='bbox 138 1167 207 1212; x_wconf 87' lang='lat' dir='ltr'>enm</span> <span class='ocrx_word' id='word_1_71' title='bbox 224 1152 376 1211; x_wconf 73' lang='lat' dir='ltr'>sententiis</span> <span class='ocrx_word' id='word_1_72' title='bbox 397 1150 486 1207; x_wconf 86' lang='lat' dir='ltr'>nnimi</span> <span class='ocrx_word' id='word_1_73' title='bbox 507 1147 674 1209; x_wconf 84' lang='lat' dir='ltr'>ooiiuoutur.</span> <span class='ocrx_word' id='word_1_74' title='bbox 698 1146 787 1207; x_wconf 92' lang='lat' dir='ltr'>iiium</span> <span class='ocrx_word' id='word_1_75' title='bbox 803 1150 881 1206; x_wconf 89' lang='lat' dir='ltr'>enim</span> <span class='ocrx_word' id='word_1_76' title='bbox 902 1146 1061 1207; x_wconf 76' lang='lat' dir='ltr'>veridicum</span> <span class='ocrx_word' id='word_1_77' title='bbox 1075 1146 1209 1222; x_wconf 61' lang='lat' dir='ltr'>&#39;nppeiio</span> 
     </span>
     <span class='ocr_line' id='line_1_10' title="bbox 140 1244 1212 1325; baseline -0.007 -16"><span class='ocrx_word' id='word_1_78' title='bbox 140 1266 224 1325; x_wconf 88' lang='lat' dir='ltr'>mus,</span> <span class='ocrx_word' id='word_1_79' title='bbox 240 1251 292 1325; x_wconf 89' lang='lat' dir='ltr'>qui</span> <span class='ocrx_word' id='word_1_80' title='bbox 314 1248 344 1307; x_wconf 91' lang='lat' dir='ltr'>id</span> <span class='ocrx_word' id='word_1_81' title='bbox 359 1253 474 1309; x_wconf 89' lang='lat' dir='ltr'>tuntum</span> <span class='ocrx_word' id='word_1_82' title='bbox 495 1246 591 1307; x_wconf 84' lang='lat' dir='ltr'>verbis</span> <span class='ocrx_word' id='word_1_83' title='bbox 608 1248 760 1321; x_wconf 72' lang='lat' dir='ltr'>exprimit,</span> <span class='ocrx_word' id='word_1_84' title='bbox 781 1246 860 1321; x_wconf 93' lang='lat' dir='ltr'>quod</span> <span class='ocrx_word' id='word_1_85' title='bbox 878 1253 973 1305; x_wconf 88' lang='lat' dir='ltr'>mente</span> <span class='ocrx_word' id='word_1_86' title='bbox 991 1248 1129 1320; x_wconf 88' lang='lat' dir='ltr'>oonoipit.</span> <span class='ocrx_word' id='word_1_87' title='bbox 1155 1244 1212 1315; x_wconf 78' lang='lat' dir='ltr'>Qui</span> 
     </span>
     <span class='ocr_line' id='line_1_11' title="bbox 140 1342 1214 1421; baseline -0.006 -14"><span class='ocrx_word' id='word_1_88' title='bbox 140 1354 242 1407; x_wconf 82' lang='lat' dir='ltr'>ooutrn</span> <span class='ocrx_word' id='word_1_89' title='bbox 261 1346 340 1409; x_wconf 82' lang='lat' dir='ltr'>niiud</span> <span class='ocrx_word' id='word_1_90' title='bbox 360 1352 455 1405; x_wconf 84' lang='lat' dir='ltr'>mente</span> <span class='ocrx_word' id='word_1_91' title='bbox 470 1346 572 1421; x_wconf 74' lang='lat' dir='ltr'>agitet,</span> <span class='ocrx_word' id='word_1_92' title='bbox 591 1342 670 1403; x_wconf 88' lang='lat' dir='ltr'>oiind</span> <span class='ocrx_word' id='word_1_93' title='bbox 688 1343 783 1403; x_wconf 79' lang='lat' dir='ltr'>vertis</span> <span class='ocrx_word' id='word_1_94' title='bbox 800 1346 949 1419; x_wconf 78' lang='lat' dir='ltr'>exprimit,</span> <span class='ocrx_word' id='word_1_95' title='bbox 969 1346 994 1403; x_wconf 82' lang='lat' dir='ltr'>is</span> <span class='ocrx_word' id='word_1_96' title='bbox 1022 1342 1145 1403; x_wconf 74' lang='lat' dir='ltr'>mendox</span> <span class='ocrx_word' id='word_1_97' title='bbox 1165 1356 1214 1402; x_wconf 75' lang='lat' dir='ltr'>uo</span> 
     </span>
     <span class='ocr_line' id='line_1_12' title="bbox 141 1440 1213 1519; baseline -0.006 -14"><span class='ocrx_word' id='word_1_98' title='bbox 141 1447 279 1505; x_wconf 82' lang='lat' dir='ltr'>minetur.</span> <span class='ocrx_word' id='word_1_99' title='bbox 298 1444 349 1503; x_wconf 82' lang='lat' dir='ltr'>iist</span> <span class='ocrx_word' id='word_1_100' title='bbox 365 1458 435 1519; x_wconf 83' lang='lat' dir='ltr'>ergo</span> <span class='ocrx_word' id='word_1_101' title='bbox 449 1440 634 1503; x_wconf 64' lang='lat' dir='ltr'>memmium</span> <span class='ocrx_word' id='word_1_102' title='bbox 652 1440 771 1501; x_wconf 86' lang='lat' dir='ltr'>verbnm</span> <span class='ocrx_word' id='word_1_103' title='bbox 790 1441 835 1500; x_wconf 82' lang='lat' dir='ltr'>sei</span> <span class='ocrx_word' id='word_1_104' title='bbox 851 1443 969 1517; x_wconf 82' lang='lat' dir='ltr'>signum</span> <span class='ocrx_word' id='word_1_105' title='bbox 993 1440 1081 1503; x_wconf 85' lang='lat' dir='ltr'>ideee</span> <span class='ocrx_word' id='word_1_106' title='bbox 1097 1441 1213 1515; x_wconf 89' lang='lat' dir='ltr'>ioquen·</span> 
     </span>
     <span class='ocr_line' id='line_1_13' title="bbox 142 1541 1254 1603; baseline -0.009 0"><span class='ocrx_word' id='word_1_107' title='bbox 142 1545 178 1603; x_wconf 87' lang='lat' dir='ltr'>tis</span> <span class='ocrx_word' id='word_1_108' title='bbox 197 1541 340 1603; x_wconf 71' lang='lat' dir='ltr'>sisimile.</span> <span class='ocrx_word' id='word_1_109' title='bbox 384 1577 387 1585; x_wconf 89' lang='lat'>·</span> <span class='ocrx_word' id='word_1_110' title='bbox 1249 1582 1254 1593; x_wconf 84' lang='lat'><em>.</em></span> 
     </span>
    </p>

    <p class='ocr_par' dir='ltr' id='par_1_3' title="bbox 142 1636 1215 2106">
     <span class='ocr_line' id='line_1_14' title="bbox 199 1636 1215 1716; baseline -0.007 -15"><span class='ocrx_word' id='word_1_111' title='bbox 199 1640 244 1701; x_wconf 79' lang='lat' dir='ltr'>Ex</span> <span class='ocrx_word' id='word_1_112' title='bbox 259 1640 366 1716; x_wconf 88' lang='lat' dir='ltr'>quibus</span> <span class='ocrx_word' id='word_1_113' title='bbox 383 1640 477 1699; x_wconf 87' lang='lat' dir='ltr'>eiueet</span> <span class='ocrx_word' id='word_1_114' title='bbox 493 1640 644 1699; x_wconf 69' lang='lat' dir='ltr'>verinum</span> <span class='ocrx_word' id='word_1_115' title='bbox 659 1653 773 1713; x_wconf 85' lang='lat' dir='ltr'>semper</span> <span class='ocrx_word' id='word_1_116' title='bbox 787 1639 818 1695; x_wconf 90' lang='lat' dir='ltr'>in</span> <span class='ocrx_word' id='word_1_117' title='bbox 840 1637 941 1712; x_wconf 85' lang='lat' dir='ltr'>niiqun</span> <span class='ocrx_word' id='word_1_118' title='bbox 955 1636 1156 1696; x_wconf 74' lang='lat' dir='ltr'>mnumientiu</span> <span class='ocrx_word' id='word_1_119' title='bbox 1174 1652 1215 1695; x_wconf 83' lang='lat' dir='ltr'>re·</span> 
     </span>
     <span class='ocr_line' id='line_1_15' title="bbox 142 1735 1214 1815; baseline -0.006 -16"><span class='ocrx_word' id='word_1_120' title='bbox 142 1741 221 1815; x_wconf 91' lang='lat' dir='ltr'>poni,</span> <span class='ocrx_word' id='word_1_121' title='bbox 236 1754 405 1815; x_wconf 78' lang='lat' dir='ltr'>semperque</span> <span class='ocrx_word' id='word_1_122' title='bbox 424 1737 557 1797; x_wconf 78' lang='lat' dir='ltr'>ordinem</span> <span class='ocrx_word' id='word_1_123' title='bbox 576 1735 732 1812; x_wconf 83' lang='lat' dir='ltr'>quemdem</span> <span class='ocrx_word' id='word_1_124' title='bbox 748 1735 785 1795; x_wconf 87' lang='lat' dir='ltr'>nd</span> <span class='ocrx_word' id='word_1_125' title='bbox 800 1743 928 1794; x_wconf 85' lang='lat' dir='ltr'>mentem</span> <span class='ocrx_word' id='word_1_126' title='bbox 943 1735 1109 1810; x_wconf 73' lang='lat' dir='ltr'>involvere,</span> <span class='ocrx_word' id='word_1_127' title='bbox 1124 1742 1214 1811; x_wconf 81' lang='lat' dir='ltr'>stqm</span> 
     </span>
     <span class='ocr_line' id='line_1_16' title="bbox 143 1832 1214 1911; baseline -0.001 -18"><span class='ocrx_word' id='word_1_128' title='bbox 143 1836 205 1897; x_wconf 91' lang='lat' dir='ltr'>ideo</span> <span class='ocrx_word' id='word_1_129' title='bbox 221 1836 365 1911; x_wconf 80' lang='lat' dir='ltr'>supiemer</span> <span class='ocrx_word' id='word_1_130' title='bbox 384 1852 402 1894; x_wconf 82' lang='lat' dir='ltr'>a</span> <span class='ocrx_word' id='word_1_131' title='bbox 421 1834 451 1895; x_wconf 90' lang='lat' dir='ltr'>S.</span> <span class='ocrx_word' id='word_1_132' title='bbox 467 1834 581 1895; x_wconf 85' lang='lat' dir='ltr'>Thomu</span> <span class='ocrx_word' id='word_1_133' title='bbox 598 1837 757 1911; x_wconf 80' lang='lat' dir='ltr'>generatim</span> <span class='ocrx_word' id='word_1_134' title='bbox 775 1832 949 1909; x_wconf 77' lang='lat' dir='ltr'>descriptum</span> <span class='ocrx_word' id='word_1_135' title='bbox 967 1848 1045 1893; x_wconf 88' lang='lat' dir='ltr'>esse:</span> <span class='ocrx_word' id='word_1_136' title='bbox 1064 1832 1214 1909; x_wconf 69' lang='lat' dir='ltr'>namquo·</span> 
     </span>
     <span class='ocr_line' id='line_1_17' title="bbox 143 1928 1215 2008; baseline -0.006 -13"><span class='ocrx_word' id='word_1_137' title='bbox 143 1936 249 1995; x_wconf 61' lang='lat' dir='ltr'>men</span> <span class='ocrx_word' id='word_1_138' title='bbox 263 1935 307 1993; x_wconf 81' lang='lat' dir='ltr'>rei</span> <span class='ocrx_word' id='word_1_139' title='bbox 324 1937 355 1993; x_wconf 87' lang='lat' dir='ltr'>ei</span> <span class='ocrx_word' id='word_1_140' title='bbox 370 1931 548 2005; x_wconf 73' lang='lat' dir='ltr'>inieiieeips.</span> <span class='ocrx_word' id='word_1_141' title='bbox 575 1957 587 1981; x_wconf 83' lang='lat'><strong>·</strong></span> <span class='ocrx_word' id='word_1_142' title='bbox 606 1932 665 1993; x_wconf 86' lang='lat' dir='ltr'>Por</span> <span class='ocrx_word' id='word_1_143' title='bbox 684 1928 919 2008; x_wconf 73' lang='lat' dir='ltr'>onosmniiotem</span> <span class='ocrx_word' id='word_1_144' title='bbox 936 1930 1102 1992; x_wconf 69' lang='lat' dir='ltr'>inuitemus</span> <span class='ocrx_word' id='word_1_145' title='bbox 1124 1934 1215 1990; x_wconf 78' lang='lat' dir='ltr'>eires·</span> 
     </span>
     <span class='ocr_line' id='line_1_18' title="bbox 142 2030 476 2106; baseline -0.006 -15"><span class='ocrx_word' id='word_1_146' title='bbox 142 2035 251 2091; x_wconf 72' lang='lat' dir='ltr'>nessus</span> <span class='ocrx_word' id='word_1_147' title='bbox 266 2030 407 2106; x_wconf 77' lang='lat' dir='ltr'>desinitur</span> <span class='ocrx_word' id='word_1_148' title='bbox 421 2034 444 2089; x_wconf 90' lang='lat'>¹.</span> <span class='ocrx_word' id='word_1_149' title='bbox 463 2056 476 2081; x_wconf 69' lang='lat' dir='ltr'>s</span> 
     </span>
    </p>

    <p class='ocr_par' dir='ltr' id='par_1_4' title="bbox 138 2127 1217 2400">
     <span class='ocr_line' id='line_1_19' title="bbox 201 2127 1217 2205; baseline -0.007 -14"><span class='ocrx_word' id='word_1_150' title='bbox 201 2128 308 2191; x_wconf 77' lang='lat' dir='ltr'>Eodem</span> <span class='ocrx_word' id='word_1_151' title='bbox 333 2128 438 2189; x_wconf 79' lang='lat' dir='ltr'>recidit</span> <span class='ocrx_word' id='word_1_152' title='bbox 457 2128 600 2205; x_wconf 75' lang='lat' dir='ltr'>genersds</span> <span class='ocrx_word' id='word_1_153' title='bbox 619 2128 671 2187; x_wconf 83' lang='lat' dir='ltr'>iiio</span> <span class='ocrx_word' id='word_1_154' title='bbox 688 2128 818 2187; x_wconf 88' lang='lat' dir='ltr'>deiinitio</span> <span class='ocrx_word' id='word_1_155' title='bbox 842 2129 1022 2204; x_wconf 77' lang='lat' dir='ltr'>Augustini,</span> <span class='ocrx_word' id='word_1_156' title='bbox 1045 2143 1120 2203; x_wconf 88' lang='lat' dir='ltr'>qune</span> <span class='ocrx_word' id='word_1_157' title='bbox 1145 2127 1217 2185; x_wconf 84' lang='lat' dir='ltr'>dicit</span> 
     </span>
     <span class='ocr_line' id='line_1_20' title="bbox 138 2225 1214 2304; baseline -0.002 -18"><span class='ocrx_word' id='word_1_158' title='bbox 138 2243 239 2287; x_wconf 76' lang='lat' dir='ltr'>ouum</span> <span class='ocrx_word' id='word_1_159' title='bbox 263 2243 323 2288; x_wconf 77' lang='lat' dir='ltr'>este</span> <span class='ocrx_word' id='word_1_160' title='bbox 344 2226 379 2286; x_wconf 82' lang='lat' dir='ltr'>ui</span> <span class='ocrx_word' id='word_1_161' title='bbox 401 2225 480 2304; x_wconf 82' lang='lat' dir='ltr'>quod</span> <span class='ocrx_word' id='word_1_162' title='bbox 495 2227 571 2288; x_wconf 66' lang='grc' dir='ltr'>εει*</span> <span class='ocrx_word' id='word_1_163' title='bbox 594 2227 738 2304; x_wconf 85' lang='lat' dir='ltr'>(inteilige</span> <span class='ocrx_word' id='word_1_164' title='bbox 754 2229 789 2286; x_wconf 79' lang='lat' dir='ltr'>io</span> <span class='ocrx_word' id='word_1_165' title='bbox 809 2231 954 2303; x_wconf 70' lang='lat' dir='ltr'>quotum</span> <span class='ocrx_word' id='word_1_166' title='bbox 971 2228 1042 2300; x_wconf 78' lang='lat' dir='ltr'>etti.</span> <span class='ocrx_word' id='word_1_167' title='bbox 1065 2226 1164 2300; x_wconf 80' lang='lat' dir='ltr'>Qnse,</span> <span class='ocrx_word' id='word_1_168' title='bbox 1188 2228 1214 2284; x_wconf 86' lang='lat' dir='ltr'>si</span> 
     </span>
     <span class='ocr_line' id='line_1_21' title="bbox 142 2321 1217 2400; baseline -0.004 -16"><span class='ocrx_word' id='word_1_169' title='bbox 142 2323 276 2398; x_wconf 79' lang='lat' dir='ltr'>deinceps</span> <span class='ocrx_word' id='word_1_170' title='bbox 292 2323 495 2400; x_wconf 65' lang='lat' dir='ltr'>monopodios,</span> <span class='ocrx_word' id='word_1_171' title='bbox 520 2327 662 2398; x_wconf 72' lang='lat' dir='ltr'>nonnoni,</span> <span class='ocrx_word' id='word_1_172' title='bbox 687 2323 774 2384; x_wconf 75' lang='lat' dir='ltr'>rebus</span> <span class='ocrx_word' id='word_1_173' title='bbox 794 2324 975 2399; x_wconf 83' lang='lat' dir='ltr'>uppiioetur,</span> <span class='ocrx_word' id='word_1_174' title='bbox 1001 2339 1069 2385; x_wconf 63' lang='lat' dir='ltr'>mm</span> <span class='ocrx_word' id='word_1_175' title='bbox 1088 2325 1125 2383; x_wconf 87' lang='lat' dir='ltr'>iis</span> <span class='ocrx_word' id='word_1_176' title='bbox 1145 2321 1217 2382; x_wconf 85' lang='lat' dir='ltr'>ded·</span> 
     </span>
    </p>
   </div>
   <div class='ocr_carea' id='block_1_3' title="bbox 143 2419 1323 2496">
    <p class='ocr_par' dir='ltr' id='par_1_5' title="bbox 143 2419 1323 2496">
     <span class='ocr_line' id='line_1_22' title="bbox 143 2419 1323 2496; baseline -0.003 -16"><span class='ocrx_word' id='word_1_177' title='bbox 143 2419 319 2496; x_wconf 85' lang='lat' dir='ltr'>nitionibns,</span> <span class='ocrx_word' id='word_1_178' title='bbox 337 2436 410 2495; x_wconf 87' lang='lat' dir='ltr'>ques</span> <span class='ocrx_word' id='word_1_179' title='bbox 426 2421 513 2495; x_wconf 87' lang='lat' dir='ltr'>pnuio</span> <span class='ocrx_word' id='word_1_180' title='bbox 529 2427 596 2479; x_wconf 84' lang='lat' dir='ltr'>unte</span> <span class='ocrx_word' id='word_1_181' title='bbox 609 2419 730 2495; x_wconf 76' lang='lat' dir='ltr'>nudior,</span> <span class='ocrx_word' id='word_1_182' title='bbox 743 2420 829 2480; x_wconf 85' lang='lat' dir='ltr'>iseiie</span> <span class='ocrx_word' id='word_1_183' title='bbox 848 2427 1000 2495; x_wconf 79' lang='lat' dir='ltr'>oongruet.</span> <span class='ocrx_word' id='word_1_184' title='bbox 1018 2420 1095 2480; x_wconf 84' lang='lat' dir='ltr'>Nom</span> <span class='ocrx_word' id='word_1_185' title='bbox 1118 2434 1217 2494; x_wconf 83' lang='lat' dir='ltr'>voees,</span> <span class='ocrx_word' id='word_1_186' title='bbox 1319 2427 1323 2434; x_wconf 83' lang='grc'><strong>’</strong></span> 
     </span>
    </p>
   </div>
   <div class='ocr_carea' id='block_1_4' title="bbox 63 2512 1225 3872">
    <p class='ocr_par' dir='ltr' id='par_1_6' title="bbox 63 2512 1225 3380">
     <span class='ocr_line' id='line_1_23' title="bbox 142 2512 1217 2594; baseline -0.003 -16"><span class='ocrx_word' id='word_1_187' title='bbox 142 2520 183 2578; x_wconf 82' lang='lat' dir='ltr'>in·</span> <span class='ocrx_word' id='word_1_188' title='bbox 195 2521 338 2594; x_wconf 64' lang='lat' dir='ltr'>mnium</span> <span class='ocrx_word' id='word_1_189' title='bbox 355 2530 454 2590; x_wconf 84' lang='lat' dir='ltr'>uooer,</span> <span class='ocrx_word' id='word_1_190' title='bbox 479 2519 617 2576; x_wconf 87' lang='lat' dir='ltr'>nimirum</span> <span class='ocrx_word' id='word_1_191' title='bbox 634 2522 721 2592; x_wconf 85' lang='lat' dir='ltr'>prout</span> <span class='ocrx_word' id='word_1_192' title='bbox 742 2512 831 2593; x_wconf 82' lang='lat' dir='ltr'>sunt,</span> <span class='ocrx_word' id='word_1_193' title='bbox 853 2523 1010 2592; x_wconf 83' lang='lat' dir='ltr'>eoueeptus</span> <span class='ocrx_word' id='word_1_194' title='bbox 1031 2519 1217 2592; x_wconf 79' lang='lat' dir='ltr'>exprimuut3</span> 
     </span>
     <span class='ocr_line' id='line_1_24' title="bbox 144 2613 1218 2692; baseline -0.003 -16"><span class='ocrx_word' id='word_1_195' title='bbox 144 2617 180 2676; x_wconf 86' lang='lat' dir='ltr'>iis</span> <span class='ocrx_word' id='word_1_196' title='bbox 200 2613 321 2690; x_wconf 92' lang='lat' dir='ltr'>proinde</span> <span class='ocrx_word' id='word_1_197' title='bbox 338 2629 498 2676; x_wconf 86' lang='lat' dir='ltr'>oonsonure</span> <span class='ocrx_word' id='word_1_198' title='bbox 514 2613 630 2676; x_wconf 86' lang='lat' dir='ltr'>debent.</span> <span class='ocrx_word' id='word_1_199' title='bbox 652 2615 783 2691; x_wconf 88' lang='lat' dir='ltr'>itemque</span> <span class='ocrx_word' id='word_1_200' title='bbox 801 2631 848 2678; x_wconf 85' lang='lat' dir='ltr'>tes</span> <span class='ocrx_word' id='word_1_201' title='bbox 866 2621 998 2690; x_wconf 76' lang='lat' dir='ltr'>numme,</span> <span class='ocrx_word' id='word_1_202' title='bbox 1019 2616 1054 2674; x_wconf 75' lang='lat' dir='ltr'>iu</span> <span class='ocrx_word' id='word_1_203' title='bbox 1073 2618 1218 2692; x_wconf 72' lang='lat' dir='ltr'>quonium</span> 
     </span>
     <span class='ocr_line' id='line_1_25' title="bbox 143 2713 1220 2790; baseline -0.002 -16"><span class='ocrx_word' id='word_1_204' title='bbox 143 2729 200 2788; x_wconf 81' lang='lat' dir='ltr'>ret,</span> <span class='ocrx_word' id='word_1_205' title='bbox 222 2715 346 2790; x_wconf 84' lang='lat' dir='ltr'>propriis</span> <span class='ocrx_word' id='word_1_206' title='bbox 363 2715 465 2788; x_wconf 83' lang='lat' dir='ltr'>vigent</span> <span class='ocrx_word' id='word_1_207' title='bbox 484 2713 738 2786; x_wconf 78' lang='lat' dir='ltr'>constituentibus,</span> <span class='ocrx_word' id='word_1_208' title='bbox 754 2729 861 2789; x_wconf 86' lang='lat' dir='ltr'>perque</span> <span class='ocrx_word' id='word_1_209' title='bbox 880 2729 915 2772; x_wconf 85' lang='lat' dir='ltr'>es</span> <span class='ocrx_word' id='word_1_210' title='bbox 934 2714 1045 2774; x_wconf 86' lang='lat' dir='ltr'>divinis</span> <span class='ocrx_word' id='word_1_211' title='bbox 1069 2713 1141 2772; x_wconf 89' lang='lat' dir='ltr'>ideis</span> <span class='ocrx_word' id='word_1_212' title='bbox 1153 2727 1220 2772; x_wconf 90' lang='lat' dir='ltr'>oon·</span> 
     </span>
     <span class='ocr_line' id='line_1_26' title="bbox 142 2811 1220 2889; baseline -0.004 -15"><span class='ocrx_word' id='word_1_213' title='bbox 142 2817 254 2888; x_wconf 80' lang='lat' dir='ltr'>gruunt</span> <span class='ocrx_word' id='word_1_214' title='bbox 271 2818 302 2872; x_wconf 90' lang='lat' dir='ltr'>et</span> <span class='ocrx_word' id='word_1_215' title='bbox 318 2817 541 2872; x_wconf 83' lang='lat' dir='ltr'>eonsentnneem</span> <span class='ocrx_word' id='word_1_216' title='bbox 560 2813 605 2871; x_wconf 88' lang='lat' dir='ltr'>sui</span> <span class='ocrx_word' id='word_1_217' title='bbox 622 2813 755 2870; x_wconf 78' lang='lat' dir='ltr'>notitiam</span> <span class='ocrx_word' id='word_1_218' title='bbox 775 2811 858 2872; x_wconf 73' lang='lat' dir='ltr'>nebu</span> <span class='ocrx_word' id='word_1_219' title='bbox 878 2815 1060 2889; x_wconf 73' lang='lat' dir='ltr'>inponerent.</span> <span class='ocrx_word' id='word_1_220' title='bbox 1088 2811 1220 2888; x_wconf 84' lang='lat' dir='ltr'>lienique</span> 
     </span>
     <span class='ocr_line' id='line_1_27' title="bbox 142 2910 1220 2987; baseline 0.002 -19"><span class='ocrx_word' id='word_1_221' title='bbox 142 2912 280 2987; x_wconf 76' lang='lat' dir='ltr'>oognitio,</span> <span class='ocrx_word' id='word_1_222' title='bbox 298 2912 333 2970; x_wconf 78' lang='lat' dir='ltr'>in</span> <span class='ocrx_word' id='word_1_223' title='bbox 348 2914 492 2987; x_wconf 79' lang='lat' dir='ltr'>quonium</span> <span class='ocrx_word' id='word_1_224' title='bbox 506 2913 648 2986; x_wconf 80' lang='lat' dir='ltr'>oopniiio,</span> <span class='ocrx_word' id='word_1_225' title='bbox 668 2910 814 2975; x_wconf 82' lang='lat' dir='ltr'>ooieetnn</span> <span class='ocrx_word' id='word_1_226' title='bbox 831 2913 910 2970; x_wconf 84' lang='lat' dir='ltr'>eires</span> <span class='ocrx_word' id='word_1_227' title='bbox 924 2911 1003 2987; x_wconf 90' lang='lat' dir='ltr'>qnod</span> <span class='ocrx_word' id='word_1_228' title='bbox 1022 2915 1160 2971; x_wconf 78' lang='lat' dir='ltr'>versetur</span> <span class='ocrx_word' id='word_1_229' title='bbox 1177 2925 1220 2969; x_wconf 86' lang='lat' dir='ltr'>re·</span> 
     </span>
     <span class='ocr_line' id='line_1_28' title="bbox 142 2995 1217 3086; baseline -0.002 -18"><span class='ocrx_word' id='word_1_230' title='bbox 142 3009 215 3084; x_wconf 89' lang='lat' dir='ltr'>iert,</span> <span class='ocrx_word' id='word_1_231' title='bbox 230 3007 269 3068; x_wconf 86' lang='lat' dir='ltr'>nb</span> <span class='ocrx_word' id='word_1_232' title='bbox 283 3023 374 3084; x_wconf 89' lang='lat' dir='ltr'>eoque</span> <span class='ocrx_word' id='word_1_233' title='bbox 391 3011 492 3084; x_wconf 87' lang='lat' dir='ltr'>nequit</span> <span class='ocrx_word' id='word_1_234' title='bbox 509 2995 658 3084; x_wconf 82' lang='lat' dir='ltr'>dissidere,</span> <span class='ocrx_word' id='word_1_235' title='bbox 679 3013 750 3084; x_wconf 88' lang='lat' dir='ltr'>quin</span> <span class='ocrx_word' id='word_1_236' title='bbox 769 3009 825 3070; x_wconf 83' lang='lat' dir='ltr'>iroe</span> <span class='ocrx_word' id='word_1_237' title='bbox 844 3012 907 3085; x_wconf 83' lang='lat' dir='ltr'>ipso</span> <span class='ocrx_word' id='word_1_238' title='bbox 929 3026 947 3068; x_wconf 86' lang='lat' dir='ltr'>e</span> <span class='ocrx_word' id='word_1_239' title='bbox 969 3011 1144 3086; x_wconf 75' lang='lat' dir='ltr'>mgotttonis</span> <span class='ocrx_word' id='word_1_240' title='bbox 1171 3023 1217 3066; x_wconf 82' lang='lat' dir='ltr'>ru·</span> 
     </span>
     <span class='ocr_line' id='line_1_29' title="bbox 142 3105 1217 3185; baseline 0.002 -19"><span class='ocrx_word' id='word_1_241' title='bbox 142 3109 222 3166; x_wconf 89' lang='lat' dir='ltr'>tione</span> <span class='ocrx_word' id='word_1_242' title='bbox 233 3105 360 3168; x_wconf 73' lang='lat' dir='ltr'>deflent.</span> <span class='ocrx_word' id='word_1_243' title='bbox 376 3105 480 3166; x_wconf 78' lang='lat' dir='ltr'>Merito</span> <span class='ocrx_word' id='word_1_244' title='bbox 494 3109 583 3183; x_wconf 81' lang='lat' dir='ltr'>igitur</span> <span class='ocrx_word' id='word_1_245' title='bbox 598 3123 691 3182; x_wconf 77' lang='lat' dir='ltr'>omes,</span> <span class='ocrx_word' id='word_1_246' title='bbox 711 3123 768 3181; x_wconf 79' lang='lat' dir='ltr'>reo,</span> <span class='ocrx_word' id='word_1_247' title='bbox 789 3113 955 3185; x_wconf 64' lang='lat' dir='ltr'>ennepius,</span> <span class='ocrx_word' id='word_1_248' title='bbox 976 3113 1122 3184; x_wconf 81' lang='lat' dir='ltr'>quotenus</span> <span class='ocrx_word' id='word_1_249' title='bbox 1137 3114 1217 3179; x_wconf 80' lang='lat' dir='ltr'>eust,</span> 
     </span>
     <span class='ocr_line' id='line_1_30' title="bbox 63 3203 1225 3288; baseline 0.002 -26"><span class='ocrx_word' id='word_1_250' title='bbox 63 3281 67 3288; x_wconf 29' lang='grc' dir='ltr'>Ι</span> <span class='ocrx_word' id='word_1_251' title='bbox 145 3203 220 3266; x_wconf 85' lang='lat' dir='ltr'>idest</span> <span class='ocrx_word' id='word_1_252' title='bbox 239 3206 265 3266; x_wconf 89' lang='lat' dir='ltr'>si</span> <span class='ocrx_word' id='word_1_253' title='bbox 287 3204 406 3265; x_wconf 91' lang='lat' dir='ltr'>suntid</span> <span class='ocrx_word' id='word_1_254' title='bbox 425 3205 504 3281; x_wconf 88' lang='lat' dir='ltr'>quod</span> <span class='ocrx_word' id='word_1_255' title='bbox 524 3221 588 3266; x_wconf 83' lang='lat' dir='ltr'>esse</span> <span class='ocrx_word' id='word_1_256' title='bbox 602 3204 730 3280; x_wconf 82' lang='lat' dir='ltr'>donem,</span> <span class='ocrx_word' id='word_1_257' title='bbox 748 3221 819 3264; x_wconf 84' lang='lat' dir='ltr'>vero</span> <span class='ocrx_word' id='word_1_258' title='bbox 835 3214 920 3283; x_wconf 81' lang='lat' dir='ltr'>snut3</span> <span class='ocrx_word' id='word_1_259' title='bbox 938 3205 1056 3282; x_wconf 85' lang='lat' dir='ltr'>dieique</span> <span class='ocrx_word' id='word_1_260' title='bbox 1075 3205 1225 3280; x_wconf 82' lang='lat' dir='ltr'>supienter-</span> 
     </span>
     <span class='ocr_line' id='line_1_31' title="bbox 146 3301 860 3380; baseline 0.003 -19"><span class='ocrx_word' id='word_1_261' title='bbox 146 3307 252 3377; x_wconf 82' lang='lat' dir='ltr'>potest,</span> <span class='ocrx_word' id='word_1_262' title='bbox 272 3317 372 3362; x_wconf 81' lang='lat' dir='ltr'>uerum</span> <span class='ocrx_word' id='word_1_263' title='bbox 386 3319 447 3364; x_wconf 78' lang='lat' dir='ltr'>esse</span> <span class='ocrx_word' id='word_1_264' title='bbox 462 3301 505 3378; x_wconf 83' lang='lat' dir='ltr'>ui,</span> <span class='ocrx_word' id='word_1_265' title='bbox 527 3302 607 3380; x_wconf 81' lang='lat' dir='ltr'>quod</span> <span class='ocrx_word' id='word_1_266' title='bbox 623 3307 677 3378; x_wconf 82' lang='lat' dir='ltr'>esi,</span> <span class='ocrx_word' id='word_1_267' title='bbox 695 3309 788 3380; x_wconf 77' lang='lat' dir='ltr'>penui</span> <span class='ocrx_word' id='word_1_268' title='bbox 806 3309 860 3364; x_wconf 80' lang='lat' dir='ltr'>esi.</span> 
     </span>
    </p>

    <p class='ocr_par' dir='ltr' id='par_1_7' title="bbox 147 3397 1221 3872">
     <span class='ocr_line' id='line_1_32' title="bbox 205 3397 1221 3478; baseline 0.005 -23"><span class='ocrx_word' id='word_1_269' title='bbox 205 3397 282 3456; x_wconf 84' lang='lat' dir='ltr'>ilino</span> <span class='ocrx_word' id='word_1_270' title='bbox 300 3401 413 3476; x_wconf 84' lang='lat' dir='ltr'>existit,</span> <span class='ocrx_word' id='word_1_271' title='bbox 436 3407 470 3462; x_wconf 93' lang='lat' dir='ltr'>nt</span> <span class='ocrx_word' id='word_1_272' title='bbox 490 3401 579 3462; x_wconf 82' lang='lat' dir='ltr'>verbu</span> <span class='ocrx_word' id='word_1_273' title='bbox 600 3401 721 3478; x_wconf 90' lang='lat' dir='ltr'>(qnippe</span> <span class='ocrx_word' id='word_1_274' title='bbox 741 3417 817 3478; x_wconf 83' lang='lat' dir='ltr'>quse</span> <span class='ocrx_word' id='word_1_275' title='bbox 829 3401 878 3462; x_wconf 81' lang='lat' dir='ltr'>nb</span> <span class='ocrx_word' id='word_1_276' title='bbox 901 3401 1025 3461; x_wconf 77' lang='lat' dir='ltr'>urbiuio</span> <span class='ocrx_word' id='word_1_277' title='bbox 1047 3401 1221 3477; x_wconf 76' lang='lat' dir='ltr'>proterentis</span> 
     </span>
     <span class='ocr_line' id='line_1_33' title="bbox 147 3491 1221 3577; baseline 0.007 -25"><span class='ocrx_word' id='word_1_278' title='bbox 147 3491 295 3570; x_wconf 75' lang='lat' dir='ltr'>pendent),</span> <span class='ocrx_word' id='word_1_279' title='bbox 305 3501 335 3554; x_wconf 89' lang='lat' dir='ltr'>et</span> <span class='ocrx_word' id='word_1_280' title='bbox 351 3501 540 3573; x_wconf 79' lang='lat' dir='ltr'>cogitationes</span> <span class='ocrx_word' id='word_1_281' title='bbox 560 3501 705 3560; x_wconf 85' lang='lat' dir='ltr'>humunse</span> <span class='ocrx_word' id='word_1_282' title='bbox 721 3500 880 3562; x_wconf 86' lang='lat' dir='ltr'>nonnniine</span> <span class='ocrx_word' id='word_1_283' title='bbox 897 3501 1009 3577; x_wconf 73' lang='lat' dir='ltr'>(utpote</span> <span class='ocrx_word' id='word_1_284' title='bbox 1026 3503 1120 3561; x_wconf 82' lang='lat' dir='ltr'>errori</span> <span class='ocrx_word' id='word_1_285' title='bbox 1134 3499 1221 3560; x_wconf 81' lang='lat' dir='ltr'>obeo</span> 
     </span>
     <span class='ocr_line' id='line_1_34' title="bbox 147 3591 1218 3675; baseline 0.006 -23"><span class='ocrx_word' id='word_1_286' title='bbox 147 3591 223 3667; x_wconf 87' lang='lat' dir='ltr'>xine)</span> <span class='ocrx_word' id='word_1_287' title='bbox 242 3591 368 3654; x_wconf 81' lang='lat' dir='ltr'>iuisitste</span> <span class='ocrx_word' id='word_1_288' title='bbox 385 3601 496 3673; x_wconf 75' lang='lat' dir='ltr'>turpari</span> <span class='ocrx_word' id='word_1_289' title='bbox 512 3607 636 3675; x_wconf 67' lang='lat' dir='ltr'>queunt,</span> <span class='ocrx_word' id='word_1_290' title='bbox 657 3616 704 3660; x_wconf 88' lang='lat' dir='ltr'>res</span> <span class='ocrx_word' id='word_1_291' title='bbox 723 3607 826 3660; x_wconf 83' lang='lat' dir='ltr'>oontro</span> <span class='ocrx_word' id='word_1_292' title='bbox 837 3615 906 3661; x_wconf 89' lang='lat' dir='ltr'>oum</span> <span class='ocrx_word' id='word_1_293' title='bbox 924 3602 1088 3662; x_wconf 68' lang='lat' dir='ltr'>noemmin</span> <span class='ocrx_word' id='word_1_294' title='bbox 1102 3599 1218 3658; x_wconf 81' lang='lat' dir='ltr'>diuinos</span> 
     </span>
     <span class='ocr_line' id='line_1_35' title="bbox 147 3691 1221 3775; baseline 0.003 -23"><span class='ocrx_word' id='word_1_295' title='bbox 147 3691 226 3752; x_wconf 82' lang='lat' dir='ltr'>idens</span> <span class='ocrx_word' id='word_1_296' title='bbox 240 3693 401 3768; x_wconf 84' lang='lat' dir='ltr'>imitentur,</span> <span class='ocrx_word' id='word_1_297' title='bbox 419 3709 569 3771; x_wconf 75' lang='lat' dir='ltr'>nunquam</span> <span class='ocrx_word' id='word_1_298' title='bbox 583 3701 697 3774; x_wconf 86' lang='lat' dir='ltr'>proprie</span> <span class='ocrx_word' id='word_1_299' title='bbox 713 3703 744 3758; x_wconf 92' lang='lat' dir='ltr'>et</span> <span class='ocrx_word' id='word_1_300' title='bbox 762 3705 892 3775; x_wconf 79' lang='lat' dir='ltr'>respectu</span> <span class='ocrx_word' id='word_1_301' title='bbox 909 3698 1027 3758; x_wconf 82' lang='lat' dir='ltr'>divinoe</span> <span class='ocrx_word' id='word_1_302' title='bbox 1040 3701 1147 3756; x_wconf 79' lang='lat' dir='ltr'>mestis</span> <span class='ocrx_word' id='word_1_303' title='bbox 1166 3697 1221 3755; x_wconf 83' lang='lat' dir='ltr'>isi·</span> 
     </span>
     <span class='ocr_line' id='line_1_36' title="bbox 147 3791 1220 3872; baseline 0.004 -24"><span class='ocrx_word' id='word_1_304' title='bbox 147 3807 197 3850; x_wconf 85' lang='lat' dir='ltr'>sse</span> <span class='ocrx_word' id='word_1_305' title='bbox 214 3793 284 3850; x_wconf 87' lang='lat' dir='ltr'>sint.</span> <span class='ocrx_word' id='word_1_306' title='bbox 302 3794 342 3852; x_wconf 81' lang='lat' dir='ltr'>At</span> <span class='ocrx_word' id='word_1_307' title='bbox 356 3791 451 3866; x_wconf 85' lang='lat' dir='ltr'>quood</span> <span class='ocrx_word' id='word_1_308' title='bbox 469 3809 523 3852; x_wconf 87' lang='lat' dir='ltr'>nos</span> <span class='ocrx_word' id='word_1_309' title='bbox 535 3811 570 3854; x_wconf 84' lang='lat' dir='ltr'>eo</span> <span class='ocrx_word' id='word_1_310' title='bbox 582 3811 666 3856; x_wconf 87' lang='lat' dir='ltr'>sensu</span> <span class='ocrx_word' id='word_1_311' title='bbox 679 3797 835 3856; x_wconf 82' lang='lat' dir='ltr'>dumtnrnt</span> <span class='ocrx_word' id='word_1_312' title='bbox 848 3796 938 3857; x_wconf 84' lang='lat' dir='ltr'>inisse</span> <span class='ocrx_word' id='word_1_313' title='bbox 950 3795 1108 3872; x_wconf 71' lang='lat' dir='ltr'>eiiqmdo</span> <span class='ocrx_word' id='word_1_314' title='bbox 1120 3794 1220 3854; x_wconf 83' lang='lat' dir='ltr'>dieun-</span> 
     </span>
    </p>
   </div>
   <div class='ocr_carea' id='block_1_5' title="bbox 206 3921 770 4068">
    <p class='ocr_par' dir='ltr' id='par_1_8' title="bbox 206 3921 770 4068">
     <span class='ocr_line' id='line_1_37' title="bbox 209 3921 770 3986; baseline 0.002 -14"><span class='ocrx_word' id='word_1_315' title='bbox 209 3925 342 3972; x_wconf 82' lang='lat' dir='ltr'>isummo</span> <span class='ocrx_word' id='word_1_316' title='bbox 361 3921 447 3972; x_wconf 74' lang='lat' dir='ltr'>Tittoi.</span> <span class='ocrx_word' id='word_1_317' title='bbox 465 3937 489 3986; x_wconf 95' lang='lat' dir='ltr'>p.</span> <span class='ocrx_word' id='word_1_318' title='bbox 505 3925 525 3986; x_wconf 86' lang='lat' dir='ltr'>i,</span> <span class='ocrx_word' id='word_1_319' title='bbox 543 3938 568 3986; x_wconf 89' lang='lat' dir='ltr'>q.</span> <span class='ocrx_word' id='word_1_320' title='bbox 589 3927 654 3986; x_wconf 82' lang='lat' dir='ltr'>xvi,</span> <span class='ocrx_word' id='word_1_321' title='bbox 671 3931 717 3976; x_wconf 83' lang='lat' dir='ltr'>ort.</span> <span class='ocrx_word' id='word_1_322' title='bbox 740 3929 770 3976; x_wconf 91' lang='lat' dir='ltr'>ii.</span> 
     </span>
     <span class='ocr_line' id='line_1_38' title="bbox 206 4003 616 4068; baseline 0.002 -16"><span class='ocrx_word' id='word_1_323' title='bbox 206 4003 434 4068; x_wconf 69' lang='lat' dir='ltr'>esniuomriomm</span> <span class='ocrx_word' id='word_1_324' title='bbox 459 4005 500 4054; x_wconf 82' lang='lat' dir='ltr'>iit.</span> <span class='ocrx_word' id='word_1_325' title='bbox 514 4012 538 4062; x_wconf 75' lang='lat' dir='ltr'>t..</span> <span class='ocrx_word' id='word_1_326' title='bbox 556 4019 578 4054; x_wconf 82' lang='lat' dir='ltr'>u.</span> <span class='ocrx_word' id='word_1_327' title='bbox 595 4015 616 4056; x_wconf 87' lang='lat' dir='ltr'>t.</span> 
     </span>
    </p>
   </div>
   <div class='ocr_carea' id='block_1_6' title="bbox 0 0 1459 4425">
    <p class='ocr_par' dir='ltr' id='par_1_9' title="bbox 0 0 1459 4425">
     <span class='ocr_line' id='line_1_39' title="bbox 0 0 1459 4425; baseline 0 0"><span class='ocrx_word' id='word_1_328' title='bbox 0 0 1459 4425; x_wconf 95' lang='lat' dir='ltr'> </span> 
     </span>
    </p>
   </div>
  </div>
 </body>
</html>
