2892 4425
492 365 570 411 rsus
590 366 694 411 unum
714 379 727 395 ·
747 328 948 413 omnonoors
1195 360 1232 413 tt

150 478 327 539 emeremus
338 474 468 552 sopolim
480 479 512 535 et
522 472 590 535 leus
601 471 723 535 untes
742 479 979 551 oonssqueretur·
991 472 1057 535 lem
1069 489 1141 537 vero
1153 472 1233 539 usur

149 584 196 637 est
214 590 293 635 unus
313 579 344 635 et
362 572 535 650 multiplex,
555 586 633 633 unus
654 571 773 648 quiriem
793 579 912 647 nuturu,
934 570 1089 648 multiplex
1109 574 1230 639 virtuts.

149 673 227 735 Num
245 671 466 749 simplicissime
485 672 549 731 eius
573 671 672 731 unitus
696 658 821 731 lnllnltls
846 668 1073 745 pemeetlonllms
1092 672 1231 749 eeqmru·

149 770 202 847 let,
220 776 250 830 et
268 784 401 845 omnem,
420 783 496 845 qnue
515 768 675 844 exeoglteri
695 772 804 843 potest,
819 764 981 827 bomtutem
1002 766 1140 827 demerim
1158 768 1232 827 llml·

149 866 229 929 tibus
247 883 283 927 ue
299 866 462 927 defectibus
476 867 617 925 eontlrmt
635 864 714 941 Ergo
735 864 873 942 mundus,
893 870 995 939 utpote
1014 863 1092 923 hune
1112 864 1233 927 divinoe

149 973 275 1025 nuturue
294 966 448 1039 unitutem,
463 970 504 1039 et,
520 965 547 1023 sl
567 964 609 1021 itu
622 962 702 1039 loqui
717 962 764 1022 les
777 968 835 1038 est,
845 962 1016 1021 vurletutem
1028 976 1231 1039 expressurus,

150 1065 262 1123 unlteie
280 1062 369 1123 simul
388 1067 419 1121 et
439 1063 581 1121 verietate
598 1059 754 1121 donandus
776 1059 844 1119 init.
864 1058 900 1121 ld
921 1064 1019 1119 autem
1039 1058 1146 1119 mellus
1166 1057 1232 1119 llerl

150 1175 210 1221 non
224 1164 349 1236 poterut,
367 1174 457 1234 quem
480 1160 507 1218 sl
520 1157 674 1234 multiplici
686 1157 872 1217 diversorum
885 1171 983 1217 rmum
996 1170 1100 1233 genere
1113 1160 1232 1215 eonstn·

151 1265 216 1334 net,
229 1272 306 1333 quus
324 1261 425 1316 minen
445 1257 557 1315 rutlone
576 1254 691 1315 ordinis
710 1253 843 1313 elleeex
859 1253 924 1313 ellls
941 1268 1034 1313 nesse
1053 1258 1083 1313 et
1102 1253 1231 1314 lnvleern

150 1355 305 1431 eolligetue
317 1354 349 1415 ln
363 1370 455 1415 unum
468 1351 686 1430 quodsmnrodo
698 1351 903 1411 eoeleseerent.
916 1350 961 1411 En
974 1351 1067 1428 igitur
1081 1366 1135 1411 eur
1149 1355 1233 1411 tuuis

152 1466 249 1511 rerum
269 1452 354 1525 euple
373 1449 502 1510 mundus
521 1449 730 1525 locupletetur,
750 1450 908 1525 omniaque
930 1452 1014 1508 tento
1033 1446 1136 1509 ordine
1154 1448 1231 1507 lnul·

152 1563 215 1609 oern
235 1546 420 1624 colligentur.

210 1642 290 1705 Deus
309 1660 360 1720 per
373 1645 547 1704 ereutionem
567 1658 600 1703 se
618 1644 800 1703 extrinsecus
818 1642 997 1705 munimini.
1011 1643 1052 1705 tr
1068 1658 1136 1705 eum
1149 1642 1230 1705 Deus

150 1744 190 1803 sit
209 1741 367 1819 inlinitus,
388 1747 540 1801 ereumrue
564 1746 662 1801 eutem
683 1739 805 1817 linitue3
825 1743 943 1801 nonnisi
962 1757 1049 1819 segre
1069 1740 1231 1805 udmodumr

150 1844 181 1899 et
199 1838 367 1915 imperfecte
385 1838 435 1897 llie
454 1837 493 1897 eb
512 1837 559 1897 iris
577 1843 693 1913 poterut
712 1841 935 1913 repraesentari.
957 1838 1036 1916 Ergo
1056 1846 1090 1901 nt
1108 1838 1159 1900 hle
1178 1838 1229 1899 de·

150 1936 245 1997 leetus
269 1938 369 2013 ulique
388 1940 476 2012 poeto
494 1942 749 2011 compensaretur,
771 1952 889 1997 ueomse
908 1934 966 1997 luit
985 1944 1134 1997 ereutures
1155 1935 1229 1996 mul-
1306 1947 1317 1962 ·

149 2034 296 2111 tipilourl3
317 2040 352 2093 ut
368 2036 412 2093 sle
430 2032 547 2093 ieessius
565 2034 776 2109 exprimeretur
795 2050 847 2109 per
867 2034 968 2110 pluro,
989 2035 1069 2111 quod
1085 2051 1138 2111 per
1155 2048 1229 2110 puu-

150 2132 230 2191 elors
244 2132 296 2191 uls
316 2137 369 2191 eut
386 2146 425 2189 ne
437 2132 490 2190 uix
502 2130 622 2206 quidem
633 2132 819 2191 innotuisset.
843 2131 891 2191 Sle
905 2133 1014 2206 peritus
1028 2137 1139 2207 oretur,
1160 2146 1228 2191 eum

150 2243 211 2288 uno
236 2229 380 2290 voeubulo
404 2235 578 2304 eouoeptum
600 2243 687 2289 suum
712 2244 773 2289 non
797 2231 869 2290 setis
894 2228 1053 2306 signlfleurl
1078 2228 1228 2304 perspleit,

151 2324 242 2386 verbu
261 2327 449 2402 eongeminui
470 2325 671 2402 protrahimur
689 2327 873 2403 orationem,
895 2333 928 2386 ut
947 2327 1032 2402 euple
1050 2330 1229 2402 ometusqne

149 2420 267 2482 uisendi
285 2421 380 2482 ideum
401 2424 524 2500 mentis,
543 2422 641 2498 quoud
660 2422 724 2483 llerl
742 2430 856 2500 potest,
879 2428 1072 2501 congruenter
1090 2421 1226 2498 explleet.

150 2516 218 2576 Non
233 2517 319 2576 uilter
333 2517 410 2578 Deus
428 2521 575 2578 ereutione
595 2535 695 2580 rerum
708 2522 794 2596 quusi
815 2519 954 2580 disertum
972 2520 1101 2595 aliquem
1123 2521 1230 2578 oratio·
1311 2571 1318 2580 .

149 2629 218 2673 nem
240 2613 354 2690 hebuit,
374 2630 434 2691 que
453 2614 532 2691 epurl
553 2617 710 2676 rstlonules
731 2623 880 2678 meatuum
900 2617 937 2677 (le
953 2633 985 2678 se
1000 2615 1093 2692 deque
1107 2631 1162 2680 sue
1176 2614 1229 2676 lio-

149 2714 242 2772 nitute
264 2727 299 2770 ue
325 2715 457 2789 potentie
481 2715 598 2788 copiose
617 2713 811 2790 eloqueretur.
833 2715 875 2775 At
894 2729 964 2774 uero
981 2729 1079 2774 rerum
1100 2714 1228 2773 verlems

150 2815 180 2876 et
205 2809 362 2872 multitudo
389 2825 574 2887 nequequam
606 2810 699 2870 Deum
724 2813 798 2872 setis
825 2819 891 2888 epte
910 2813 1142 2888 expressissent,
1170 2812 1229 2870 nisi

150 2907 213 2966 elus
227 2909 370 2968 unlteiem
389 2906 517 2968 dlluelrle
532 2909 879 2984 praesumentem
901 2910 1019 2987 quidem
1039 2909 1124 2971 ellter
1144 2925 1227 2986 prus·

149 3005 223 3062 steri
240 3020 298 3064 nou
320 3011 453 3082 poterut,
467 3007 525 3065 uisi
545 3008 658 3066 ratione
673 3005 785 3068 ordinis
799 3012 828 3068 et
844 3011 940 3068 mutui
958 3023 1053 3069 nexus
1067 3025 1113 3069 res
1126 3025 1228 3070 omnes

151 3104 371 3162 eontinerentur
390 3105 504 3162 unitute
521 3103 670 3180 quodum,
692 3107 724 3164 vi
753 3108 836 3166 euius
861 3123 893 3166 se
912 3107 950 3168 uh
970 3123 1030 3168 uno
1054 3105 1229 3183 profluxisse

149 3200 294 3275 prlnelplo
306 3199 514 3276 puteiueerent.
529 3201 626 3277 Atque
640 3201 751 3262 ideireo
772 3209 832 3282 est,
856 3211 891 3264 ut
908 3211 990 3265 tonte
1005 3207 1131 3266 varietus
1144 3220 1229 3265 mun·

148 3295 220 3356 dum
238 3304 378 3374 exornet,
403 3305 491 3374 utque
509 3300 610 3358 omniu
630 3300 752 3360 miriilee
771 3304 848 3362 inter
868 3317 899 3362 se
922 3309 990 3378 epte
1010 3302 1176 3364 uldeuutur.

209 3402 260 3454 ie.
276 3393 334 3454 Pro
353 3396 491 3456 coronide
505 3397 640 3458 nonnihil
651 3399 699 3457 lrie
717 3399 871 3460 demendi
889 3399 1067 3474 perleoiioue
1083 3399 1226 3470 dicemus.
1302 3403 1303 3406 ’

147 3491 176 3550 Α
190 3490 336 3552 Leibnitio
351 3495 361 3534 ¹
380 3496 459 3553 enim
469 3487 597 3572 'eiusque
614 3497 733 3556 asseclis
750 3513 803 3572 pro
818 3495 922 3556 mundi
937 3499 1111 3575 optimismo
1123 3501 1228 3558 aeriter

147 3595 311 3664 pugnaturn
333 3598 379 3650 est
401 3592 609 3668 asserentibus,
625 3601 807 3669 praesentem
821 3609 918 3654 rernm
932 3597 1151 3656 universitatem
1173 3611 1227 3655 eeu

146 3688 308 3748 munimem
321 3693 455 3752 omnium
469 3691 650 3768 possibilium
659 3692 826 3754 ὴοοοοᾶοοο
838 3709 911 3754 esse.
926 3693 1006 3758 lluee
1018 3701 1116 3760 uuiem
1129 3695 1228 3772 opinio

209 3895 290 3948 uviri.
312 3901 404 3952 Priue.
420 3901 607 3968 Philosophiae
624 3906 650 3955 ei
672 3903 836 3958 Tieodtoeoe.
