2892 4425
247 408 304 460 116
574 411 813 455 lunensium
833 412 993 455 suecrius

242 526 434 584 attentionem
451 523 589 581 minrmnt
605 520 724 599 aliaque
743 525 870 583 armant
888 526 918 579 et
934 520 1047 581 obiecta
1063 524 1205 599 inponunt
1221 520 1324 601 confu·

243 623 363 679 donem.
390 620 452 679 Nec
475 617 600 696 denique
623 619 790 680 omittenda
812 624 855 677 est
882 622 975 677 nimiu
998 622 1200 695 operationum
1227 626 1324 681 animi

243 716 389 790 celeritas,
406 720 531 794 propter
547 732 638 793 quam
650 714 747 792 facile
764 714 1022 775 comideraiionem
1043 714 1204 793 effupiunt.
1228 718 1324 795 Atque

244 814 279 875 ni
298 816 483 893 potissimum
504 820 573 874 sunt
587 813 708 889 fontes,
733 812 897 890 acquilius
919 816 1004 871 tanta
1027 816 1059 871 in
1086 812 1163 873 nanc
1186 814 1321 893 discipli·

243 929 314 972 nam
334 911 483 972 redundat
504 910 657 986 arduitas,
678 915 768 987 atque
784 913 818 970 in
839 917 899 969 tarn
921 909 1095 970 dissidentes
1115 928 1322 989 saepenumero

244 1013 405 1071 sententias
429 1012 492 1069 cius
510 1010 636 1069 cultores
654 1008 775 1068 oleant.
799 1007 943 1080 Quocirca
961 1008 1117 1086 praeclare
1143 1010 1259 1069 Tullius
1282 1010 1323 1071 la·

245 1122 312 1167 cum
330 1124 422 1183 supra
443 1106 597 1166 laudatum
619 1109 664 1164 ita
683 1104 851 1165 concludit:
870 1131 881 1155 e
901 1104 989 1164 Hunc
1011 1108 1105 1182 ipilur
1125 1102 1241 1184 (nempe
1259 1112 1323 1166 ani·

249 1230 262 1254 a
284 1205 378 1282 mum)
396 1222 478 1264 nosse
499 1207 559 1263 nisi
578 1202 712 1263 divinum
733 1207 817 1275 esset,
840 1218 899 1261 non
919 1207 992 1261 esset
1010 1202 1065 1262 lioc
1082 1206 1207 1263 acrioris
1227 1208 1323 1265 cuius·

248 1328 262 1355 «
285 1302 355 1361 dam
376 1303 490 1379 inpenii
505 1306 693 1378 praeceptum
716 1303 769 1374 sic,
799 1304 835 1359 ut
856 1299 999 1359 tributum
1021 1301 1081 1361 Deo
1101 1304 1184 1359 sit.»

306 1401 345 1459 nt
367 1398 440 1458 naec
457 1397 499 1457 ad
519 1396 674 1473 uniendos,
694 1414 753 1456 non
777 1396 818 1455 ad
834 1396 1020 1456 deterrendos
1038 1399 1151 1456 animos
1171 1396 1254 1457 dicta
1277 1416 1323 1459 oe·

247 1494 310 1554 lim.
327 1495 406 1555 Nam
422 1498 478 1553 etsi
496 1498 529 1553 in
539 1494 750 1571 phoenomenis
768 1492 847 1553 nisce
865 1496 990 1553 internis
1007 1494 1176 1571 lepilrusque
1190 1476 1322 1557 motuum

245 1596 341 1653 animi
356 1593 581 1669 perscrutandis
599 1596 751 1669 nepotiosa
773 1596 812 1650 rit
831 1595 1008 1669 oestipatio;
1027 1592 1060 1649 id
1084 1596 1181 1651 tamen
1199 1610 1259 1653 non
1279 1600 1323 1653 est

248 1692 336 1762 tanti,
357 1694 393 1749 ut
411 1689 608 1767 cipilsntibus
627 1694 705 1748 curis
726 1689 903 1765 solertiaque
923 1688 1017 1748 studii
1034 1691 1171 1765 superari
1186 1704 1245 1749 non
1255 1707 1323 1767 pos-

246 1789 297 1846 sil.
320 1786 402 1859 Quae
420 1803 486 1863 spes
504 1804 537 1847 eo
551 1788 672 1860 firmior
686 1784 797 1863 futura
819 1792 881 1859 est,
904 1786 984 1863 quod
1002 1790 1057 1845 etsi
1079 1789 1173 1846 animi
1198 1792 1323 1848 conten

242 1883 362 1961 piatio,
391 1902 450 1961 qnia
470 1889 559 1961 parte
578 1885 701 1962 plenam
728 1887 866 1944 notitiam
887 1883 1157 1961 plsaenomenorum
1182 1888 1320 1963 respicii,

211 1994 214 1999 ·
246 1985 359 2042 maiore
376 1999 465 2060 quam
483 1988 598 2043 aetnae
619 1981 794 2058 disciplinae
812 1980 990 2059 difficultate
1010 1981 1141 2057 laborem
1163 1986 1260 2041 tamen
1284 2000 1324 2042 ec

241 2084 334 2157 parte
353 2080 420 2155 illa,
441 2097 502 2157 qua
521 2082 678 2157 compertis
692 2078 913 2156 phoenomenis,
930 2095 970 2138 en
989 2082 1027 2139 iis
1047 2078 1088 2139 ad
1101 2084 1241 2139 ueneram
1257 2096 1324 2139 con-

247 2176 446 2255 ditionemque
455 2180 601 2256 principii
618 2176 870 2237 internoscendum
893 2161 1034 2255 assurpit,
1057 2175 1142 2254 lonpe
1154 2173 1281 2252 facilior
1294 2180 1326 2238 ei

250 2280 342 2336 tutior
357 2281 515 2354 appareat.
543 2279 636 2353 Atque
657 2276 712 2335 lioc
732 2291 770 2334 en
790 2273 904 2352 duplici
920 2277 1110 2352 potissimum
1127 2278 1226 2352 capite
1244 2291 1325 2352 repe·

249 2373 369 2433 mum
386 2373 471 2434 duco.
493 2376 650 2448 Primum,
674 2377 748 2450 quio
771 2376 867 2432 animi
888 2373 1058 2432 substantia
1081 2375 1214 2432 intimior
1238 2371 1324 2432 nolis

246 2477 311 2548 esi,
331 2489 421 2551 quam
442 2489 539 2532 rerum
561 2477 741 2545 ceterarum,·
758 2469 884 2545 dando,
911 2473 983 2548 quia
1008 2487 1102 2530 unciis
1123 2473 1203 2529 inter
1225 2471 1323 2548 iprum

248 2575 433 2649 actionesque
450 2573 513 2630 eius
529 2569 710 2629 intercedens
730 2586 750 2627 a
770 2571 948 2629 corneientia
963 2570 1101 2641 sentitur,
1123 2565 1204 2644 quod
1218 2565 1256 2626 de
1273 2569 1322 2642 iis,

247 2687 326 2746 quae
339 2667 419 2746 foris
435 2672 516 2742 sunt,
536 2666 598 2727 diei
614 2684 675 2728 nan
690 2670 799 2744 potest.
823 2665 923 2739 Quare
937 2670 1094 2742 postquam
1115 2663 1256 2742 dilipenli
1275 2663 1325 2724 oli

249 2769 415 2826 servatione
432 2768 614 2843 operatiorus
633 2769 767 2842 uiresque
789 2765 884 2822 animi
906 2762 1037 2822 detectae
1051 2759 1189 2838 fuerint,
1209 2761 1327 2839 planis·

249 2865 356 2922 dmum
375 2867 460 2939 patet
480 2865 539 2923 iter
562 2862 604 2922 ad
621 2878 674 2937 ea,
698 2879 775 2940 quae
796 2865 936 2921 naturam
956 2863 1019 2920 eius
1042 2863 1207 2938 attinpuut.
1228 2859 1325 2938 nsque

250 2957 325 3018 laec
341 2961 442 3035 partis
452 2963 626 3034 posterioris
639 2957 779 3035 facilitas
798 2956 917 3018 abunde
937 2955 1074 3035 rependit
1092 2953 1323 3034 difficultatem,

250 3071 338 3132 quae,
360 3059 396 3114 ut
411 3054 598 3131 explicatum
612 3060 657 3115 esi
674 3071 695 3114 a
711 3055 807 3132 nolis,
827 3059 860 3114 in
877 3056 1025 3133 superiore
1041 3070 1146 3131 periere
1165 3055 1323 3131 reperitur.

253 3151 354 3226 Quare
372 3155 406 3211 in
419 3151 474 3212 loe
485 3169 572 3211 sensu
585 3154 650 3212 iure
661 3150 810 3228 affirmari
817 3157 933 3230 posset:
947 3154 1089 3212 notiorem
1106 3167 1167 3210 esse
1181 3152 1324 3224 animum,

251 3266 343 3328 quam
361 3265 478 3327 corpses.
501 3249 580 3308 Nam
603 3252 659 3308 etsi
675 3265 831 3327 corporum
849 3252 996 3324 scientia,
1023 3252 1125 3326 utpote
1144 3263 1254 3307 cacans
1275 3249 1328 3305 im·

248 3345 428 3424 pedimentis
446 3347 502 3421 iis,
526 3361 602 3423 quae
620 3350 755 3424 ssiperim
777 3347 1018 3422 eonrmemoraoi,
1046 3344 1131 3422 lonpe
1147 3341 1274 3419 facilior
1299 3347 1330 3401 et

249 3441 419 3520 ecpeditior
435 3447 475 3502 sit
493 3442 594 3520 quoad
603 3442 874 3521 plaeriomenorum
892 3442 1132 3519 demptionem
1153 3444 1250 3499 tannen
1269 3441 1330 3516 ipsi

252 3540 458 3620 anteponenda
478 3545 524 3600 est
547 3544 674 3601 scientia
698 3543 794 3601 animi
815 3539 915 3617 quoad
936 3541 1074 3598 notitiam
1092 3539 1250 3616 principii.
1277 3536 1329 3595 Ee

252 3655 311 3716 quo
323 3636 452 3715 efficimur
467 3642 504 3699 ut
519 3642 552 3698 in
570 3639 700 3716 Physica
716 3640 824 3696 mirum
841 3653 1010 3696 consensum
1028 3651 1227 3710 summamque
1239 3649 1330 3709 prae·

254 3737 392 3796 cisionern
410 3739 445 3797 in
467 3735 581 3814 lepibm
601 3741 633 3795 et
649 3733 807 3812 effectibus
827 3751 980 3810 corporum
997 3730 1196 3791 describendis
1214 3733 1331 3789 intuca-

251 3847 331 3907 mur,
346 3838 381 3893 at
391 3850 532 3912 mapnam
546 3833 775 3908 discrepantiam
791 3829 888 3907 quoad
906 3833 1078 3900 essentiam,
1096 3831 1200 3886 contra
1213 3829 1246 3884 in
1258 3827 1332 3903 Psy·

253 3925 391 4006 enolopia
402 3930 472 3991 licet
486 3930 632 3989 discemus
648 3932 677 3986 et
694 3930 771 3985 vitia
786 3925 930 3985 nonnulla
945 3927 1136 3983 inveniantur
1148 3925 1181 3981 in
1195 3925 1332 3980 examine

249 4024 528 4102 phoenomenarum,
546 4032 644 4084 tamen
659 4040 773 4083 uonna
786 4025 934 4082 consensio
948 4023 987 4096 (si
1002 4020 1166 4079 tlatuones
1183 4016 1331 4094 accipias)
