2892 4425
368 261 445 336 rsus
465 290 578 336 rsnrrl
599 307 610 320 -
629 291 811 340 raroeoors
839 294 1017 340 alrannus
1181 293 1238 344 ara

151 407 195 466 tia
211 419 244 463 se
261 405 357 480 ipsam
376 403 570 480 eondnuare3
589 404 622 462 ln
640 419 675 462 ea
688 404 767 464 enim
788 401 860 464 nihil
888 411 943 484 est,
964 405 1042 482 quod
1063 405 1150 470 holus
1169 423 1239 469 con·

150 502 324 564 tinuationis
343 501 383 560 slt
402 516 502 562 causa.
524 499 659 563 illenim
679 499 860 578 possibilitas
880 504 1025 563 actualem
1052 507 1239 566 existentiam

151 616 205 676 per
223 615 257 660 se
276 615 337 658 non
357 596 430 675 fert,
451 600 495 658 sic
519 601 616 675 prima
635 601 677 658 rei
698 599 851 676 productio
871 607 900 660 et
927 604 1083 662 existentia
1103 603 1236 664 eiusdem

151 700 385 772 permansionem
404 695 462 757 sibi
481 713 541 756 non
555 697 698 758 vindicat.
714 697 846 758 Primum
860 689 940 758 enim
955 699 1100 760 existendi
1124 703 1238 762 instans

150 812 220 856 cnm
239 793 449 872 posterioribus
466 794 549 856 nulla
566 798 739 855 necessitate
758 797 952 872 eonnectitur,
980 799 1147 874 optimeque
1164 802 1244 860 con*

150 897 260 970 cipitur
276 910 339 952 rem
359 895 461 972 gigni,
480 909 534 954 nac
557 900 654 954 tamen
677 900 792 970 praeter
819 909 912 954 unum
936 896 1050 955 insinno
1072 911 1235 972 superesse.

152 992 218 1052 Non
237 994 327 1068 igitur
339 993 371 1050 ln
391 993 468 1068 ipse,
482 991 534 1052 sed
554 993 586 1050 in
607 990 670 1051 Deo
694 993 770 1051 ratio
788 993 970 1068 insequentis
990 991 1157 1053 durationis
1170 995 1233 1054 eius

151 1089 319 1166 quaerenda
335 1093 390 1148 ost.
413 1089 596 1165 Quapropter
614 1091 736 1150 omniuo
756 1095 882 1167 oportet,
904 1096 937 1150 ut
957 1088 995 1150 ed
1013 1089 1159 1150 inflexum
1179 1090 1233 1170 all·

151 1201 239 1262 quem
255 1201 408 1262 supernae
424 1201 530 1246 causae
548 1193 741 1264 revertamur,
755 1189 805 1263 qui
824 1186 944 1263 quidem
956 1189 1138 1264 concipiatur
1158 1194 1236 1249 tam·
1322 1207 1324 1214 ’

151 1299 243 1360 quam
268 1285 424 1346 creationis
447 1286 652 1360 oonbnoatio,
676 1301 711 1344 ac
731 1283 852 1362 proinde
877 1285 1003 1362 abipsa
1028 1284 1127 1361 aliquo
1149 1265 1235 1361 pa'eto

150 1382 362 1460 distinguatur,
375 1388 527 1460 qnateaas,
536 1382 588 1442 llla
601 1385 729 1458 primum
748 1385 860 1444 instans
877 1385 918 1442 rel
933 1381 1080 1458 conditae,
1096 1381 1169 1442 haec
1182 1397 1234 1458 po·

151 1483 302 1542 steriorom
320 1480 450 1544 eiusdem
469 1480 654 1542 durationem
674 1482 819 1558 respiciat.

503 1682 662 1742 Solvuntur
680 1681 883 1756 difficultates.

212 1873 308 1934 Obila.
323 1875 349 1934 1.
370 1872 483 1936 musae
500 1881 627 1948 creatas,
647 1888 714 1934 cum
736 1888 804 1934 suos
828 1873 993 1950 producunt
1012 1873 1147 1952 allectus,
1169 1874 1233 1940 nul·

53 1987 58 1996 ·
151 1974 214 2032 lum
232 1972 370 2049 deinceps
378 1972 534 2049 ‚murum
549 1978 701 2048 cracem
716 1971 760 2031 illi
776 1977 887 2048 tamen,
901 1971 993 2035 donea
1005 1987 1066 2031 non
1080 1971 1234 2032 destruun-

151 2078 213 2150 ior,
232 2078 374 2148 perstant.
394 2069 444 2132 Sic
464 2077 592 2148 eom,
615 2075 697 2130 motu
719 2069 810 2130 mmai
831 2076 967 2147 accepto,
993 2073 1066 2147 quin
1093 2070 1231 2147 deinceps

150 2169 300 2231 assiduae
316 2175 428 2231 maiore
444 2157 637 2248 propellatur,
656 2171 769 2249 moveri
787 2170 894 2248 pergit,
910 2167 1004 2229 donee
1023 2184 1060 2229 ex
1080 2169 1232 2229 resistente

150 2270 251 2347 aliqua
269 2285 372 2347 causa,
391 2275 443 2330 uui
461 2273 609 2331 contremo
626 2270 757 2347 impulsu
774 2274 888 2329 notum
911 2269 1037 2333 amittat.
1055 2265 1103 2326 Sic
1123 2265 1231 2327 enum

150 2367 331 2429 elaboratum
349 2384 424 2445 opus
445 2367 634 2446 derelinque
657 2367 732 2427 illud
751 2372 850 2429 autem
867 2382 930 2443 per·
941 2382 972 2427 se
988 2368 1178 2442 perseverat,
1202 2370 1232 2425 et

150 2466 291 2543 quamdin
310 2484 370 2527 non
389 2465 561 2543 dmuultm,
576 2466 615 2527 ab
637 2466 750 2547 artillee
768 2468 881 2525 servari
893 2464 1012 2525 dicitur.
1034 2464 1160 2525 Ratione
1174 2462 1229 2539 igl-

150 2572 199 2625 tur
218 2568 301 2641 pari,
321 2571 477 2642 postquam
499 2543 579 2625 Deus
601 2572 750 2625 cresimus
775 2562 926 2640 condidit,
952 2562 1008 2623 hae
1032 2568 1135 2639 sponte
1165 2576 1229 2638 per·

150 2669 289 2739 manent,
302 2668 332 2723 ei
347 2664 410 2723 iure
428 2664 540 2739 optimo
560 2663 730 2723 conservari
747 2661 886 2722 dicuntur
903 2660 958 2721 hoc
977 2662 1056 2737 ipso,
1071 2658 1151 2737 quod
1163 2658 1231 2721 illas

148 2760 229 2823 Deus
251 2777 313 2823 non
337 2759 505 2821 demolitur.

210 2857 382 2937 Respondeo
397 2860 553 2935 inprimis
576 2857 686 2919 falsum
710 2874 775 2917 esse
796 2860 957 2935 generatim
977 2856 1101 2919 allatus
1124 2870 1229 2918 eausa·

150 2974 215 3021 rum
242 2943 437 3021 secundarum
455 2973 646 3035 permanere,
660 2959 775 3018 wamel
791 2957 857 3017 illae
872 2956 995 3035 posthae
1012 2955 1051 3016 ab
1075 2952 1229 3017 influendo

150 3063 319 3133 temperent.
344 3057 494 3118 Nonnulla
514 3058 593 3117 enlm
617 3063 688 3117 sant
706 3071 802 3133 quaa,
824 3052 997 3116 abscedente
1025 3070 1135 3132 eausa,
1159 3068 1230 3113 con·

149 3156 233 3216 dano
253 3154 392 3219 dainunt
411 3156 459 3217 vei
478 3156 623 3233 paeleum
635 3154 839 3231 debilitantur,
853 3154 946 3215 donee
965 3152 1085 3215 tandem
1108 3154 1230 3213 omnino

149 3261 337 3314 tumescant.
352 3255 401 3317 Sic
418 3255 471 3317 lux
483 3250 637 3332 (quidquid
658 3270 695 3315 aa
714 3256 766 3331 sit,
788 3254 868 3330 qnod
892 3252 1014 3314 delinire
1036 3250 1228 3331 physicorum

149 3351 202 3430 est)
223 3353 256 3411 ln
277 3354 343 3412 aare
361 3354 516 3415 confestim
542 3356 676 3431 oomult,
696 3354 884 3414 illuminante
910 3368 1033 3429 corpora
1060 3350 1231 3415 decedente.

149 3452 198 3513 Sia
217 3456 329 3513 remoto
348 3452 418 3529 igne
435 3459 489 3513 aut
507 3451 568 3513 nlla
585 3452 692 3529 quavis
711 3450 901 3512 calefaciente
920 3465 1027 3528 musa,
1052 3452 1162 3511 sensim
1182 3464 1231 3510 re·

147 3552 274 3611 mittitur
300 3550 381 3611 calor
403 3558 434 3611 ct
453 3550 572 3611 tandem
599 3566 721 3627 prorsus
746 3552 938 3628 extinguitur.
967 3549 1053 3623 Quod
1076 3555 1230 3626 propterea

13 3627 20 3648 “
148 3652 318 3725 contingere
337 3649 472 3727 videtur,
494 3631 566 3727 auia
584 3648 642 3711 irae
662 3665 769 3711 causae
791 3650 835 3709 ita
860 3649 956 3709 lucem
974 3652 1028 3708 ant
1048 3646 1177 3710 calorem
1197 3646 1230 3709 lu

148 3746 321 3823 corporibus
334 3750 460 3825 gignnru
472 3747 520 3808 vel
535 3749 678 3826 excitant,
699 3754 733 3809 ut
750 3747 858 3809 horum
878 3744 1036 3807 elieemum
1052 3743 1228 3820 principium

148 3846 250 3907 iisdem
271 3843 392 3940 minime
410 3850 627 3925 impertiantur.
643 3849 797 3925 Querela
817 3848 984 3923 summotis,
1003 3844 1053 3905 illa
1075 3841 1112 3903 ad
1130 3840 1228 3979 prieu-

131 3961 217 4006 -nam
236 3928 347 4006 statem
366 3944 461 4006 redire
479 3953 603 4023 oportet.
