2892 4425
227 368 266 421 78
551 368 801 435 'lml'llfllcfl
819 368 980 415 mellus

223 486 387 559 meant,
407 468 485 558 aqut
504 478 543 540 ao
556 478 616 541 rou
632 495 694 541 non
712 478 856 540 einana.
877 479 939 539 seo
956 479 1039 540 utos
1059 477 1134 540 titan
1152 482 1233 557 moa
1251 482 1305 543 ue-

222 582 315 643 mltur
331 594 392 639 uon
408 593 473 638 esse
490 576 571 639 aliud
592 580 651 639 uisi
666 578 889 655 dispositionem
912 578 1060 638 maenam
1079 578 1305 659 uoluentem,

222 692 299 755 quae
317 676 450 736 uariatm
469 677 502 735 in
521 690 599 753 nque
617 690 669 752 per
691 676 930 736 oommixtionom
950 669 1076 736 duorum
1096 676 1214 737 iliorum
1235 693 1303 737 uor-

222 789 329 852 porum
347 771 558 835 amilormlum.
578 773 655 833 Nem
671 773 760 832 modo
775 789 836 832 nou
857 773 1041 849 disputamus
1057 774 1130 851 quid
1144 778 1204 834 slot
1223 778 1305 851 prin·

221 873 300 949 sipia
320 873 511 932 eonstitntira
533 886 704 948 eorpormu3
730 870 781 931 sed
803 872 962 948 generatim
985 870 1090 931 horum
1113 876 1303 948 oompositio·

221 985 291 1031 uem
305 975 459 1030 testamur.
482 969 642 1048 Adonem
661 967 783 1029 oouluse
804 968 991 1029 asserendam
1011 969 1118 1046 oppido
1137 968 1249 1029 sumsit
1268 976 1307 1045 ut

221 1065 334 1150 aliquid
351 1068 384 1126 ln
398 1082 518 1143 oorpora
537 1068 636 1145 genito
652 1068 820 1126 inueniatur
831 1066 992 1127 -dluersum
1011 1066 1049 1126 ab
1068 1082 1117 1143 eu,
1137 1068 1217 1143 quod
1235 1074 1302 1128 erat

220 1164 254 1224 ln
265 1179 386 1241 eorporo
407 1164 487 1225 uude
503 1170 680 1243 generatum
692 1162 835 1239 quidquid
856 1163 930 1224 illud
949 1164 1069 1223 tandem
1081 1167 1133 1241 sit,
1144 1165 1208 1223 sive
1219 1180 1303 1225 meru

220 1246 430 1323 elarneutorum
440 1260 604 1338 dispositio,
616 1263 683 1320 sira
695 1260 807 1337 ailquid
821 1261 874 1321 tati
885 1260 1079 1338 dispositione
1090 1264 1299 1337 praestantius.

220 1356 277 1419 His
288 1360 443 1436 madaetis
458 1360 615 1435 praecipue
627 1356 866 1434 philosophorum
881 1365 1041 1436 systemata
1053 1362 1223 1420 innuamus.

281 1464 334 1517 sti,
354 1454 526 1516 Soholastloi
538 1454 630 1515 duetu
647 1454 811 1515 Aristotelis
829 1471 952 1532 oorpora
967 1472 1004 1516 ax
1019 1460 1140 1516 materia
1156 1464 1186 1517 et
1203 1458 1302 1520 iorms

220 1550 343 1613 eunoun
363 1551 526 1626 diruunt,
553 1552 749 1628 intelligentes
769 1568 823 1628 pro
845 1555 969 1612 materia
994 1552 1159 1615 subiectum
1179 1554 1302 1632 aliquod

219 1650 350 1726 primum
366 1645 540 1708 indifferens
553 1654 584 1708 et
596 1647 827 1725 determinable,
846 1666 900 1726 pro
917 1648 1013 1711 lurtua
1033 1667 1103 1711 voro
1122 1654 1300 1729 principium

219 1746 368 1825 quoddam
386 1750 541 1807 actuosum
560 1752 592 1806 et
609 1746 819 1807 determinans.
844 1746 933 1824 lllud,
957 1764 1061 1826 nempe
1083 1752 1247 1827 materiam,
1267 1752 1300 1810 ln

220 1845 326 1921 mavis
346 1844 592 1904 transmutatione
614 1844 800 1904 substantiali
823 1860 994 1921 permanere
1013 1846 1177 1924 dooebaut,
1199 1854 1301 1925 utpote

219 1955 296 2018 qnae
314 1956 409 2018 oapux
428 1945 506 2000 esset
521 1940 665 2000 evadendi
687 1940 839 2018 quodlibet
855 1956 961 2019 eorpus
983 1958 1102 2004 eeeessu
1122 1943 1246 2022 lormae,
1268 1948 1300 2005 ul

219 2040 304 2099 ouius
320 2044 419 2099 aetum
439 2042 470 2097 et
484 2036 756 2098 determinationem
775 2040 935 2116 sculperet,
956 2039 1014 2099 hon
1034 2041 1301 2118 autem-videlieet

219 2134 358 2214 formem,
378 2136 488 2195 vanari
508 2134 698 2196 affirmabant
714 2135 748 2195 in
768 2137 892 2214 singuiis
906 2136 1077 2214 corporibus
1100 2140 1196 2215 speeie
1209 2139 1299 2199 dilie-

219 2233 373 2310 rentibus,
396 2238 426 2293 et
449 2235 563 2294 untione
586 2236 701 2311 agentis
724 2235 820 2310 perire
845 2235 877 2294 in
901 2238 1087 2312 oorruptiona
1110 2236 1299 2300 determinati

219 2332 359 2408 eorporis,
379 2345 416 2390 ao
438 2331 561 2408 produci
584 2333 617 2391 in
643 2334 830 2409 gmeratione
853 2333 991 2403 alterius..
1015 2334 1064 2394 Sio
1088 2351 1155 2395 oum
1180 2335 1298 2412 liguum

218 2427 411 2505 oomliurliur,
433 2431 586 2490 materiam
603 2430 676 2507 ligni
698 2445 815 2490 manare
831 2431 949 2492 alebam
966 2433 999 2492 ln
1022 2433 1090 2510 igne
1107 2435 1159 2510 qul
1174 2447 1297 2510 genera-

218 2529 279 2604 tur,
293 2531 446 2587 oorrueute
464 2532 580 2586 tantum
601 2525 709 2605 forma,
724 2529 772 2588 oui
787 2543 838 2603 per
855 2528 1087 2590 oombustionem
1105 2546 1184 2591 nova
1200 2529 1299 2592 forma

218 2623 386 2686 moeadue
399 2622 438 2683 ad
452 2637 558 2700 eorpus
570 2624 649 2700 quod
665 2625 837 2702 producitur
849 2627 1097 2688 eonstitueudum.
1114 2609 1298 2706 ispum

218 2722 426 2801 numquidne
443 2729 574 2800 systema
594 2721 745 2800 luleirent,
764 2723 956 2785 desumebant
976 2741 1014 2784 ex
1034 2725 1203 2786 ditorsitate
1226 2724 1297 2786 sub-

217 2819 350 2880 stantiali
366 2835 425 2896 qua
444 2835 569 2897 oorpora
587 2819 752 2897 dlllerunt,
773 2837 820 2882 an.
843 2837 889 2901 gr.
911 2838 988 2900 aqna
1007 2822 1046 2884 ab
1064 2827 1151 2902 igue,
1172 2830 1202 2884 et
1221 2824 1299 2902 lapis

218 2914 367 2992 aplmta3
382 2922 412 2976 et
427 2932 465 2976 en
481 2921 668 2995 generatione
684 2934 744 2996 qua
758 2919 817 2980 alia
834 2935 872 2980 ex
893 2921 960 2981 allis
980 2921 1193 2998 producuntur.

277 3010 363 3072 liano
376 3015 550 3073 smuntiam
563 3017 739 3077 recentiores
755 3016 923 3095 philosophi
939 3019 1126 3080 relioiandam
1142 3027 1296 3099 putarunt,

216 3108 312 3170 tribus
340 3109 474 3172 miioods
496 3112 720 3191 systematibus,
735 3129 860 3192 quorum
880 3116 1005 3176 alterurn
1024 3121 1204 3194 alomonam,
1224 3119 1298 3179 aiio·

217 3223 285 3269 rum
302 3211 418 3269 entim
432 3207 624 3287 empticium,
643 3214 764 3272 tertium
777 3212 901 3290 denique
914 3213 1081 3292 clymieum
1099 3214 1296 3290 appellarunt.

279 3314 329 3366 te.
350 3307 448 3384 Atque
466 3306 505 3368 ad
522 3309 649 3383 primum
669 3309 749 3387 qnod
775 3313 896 3388 attinet,
920 3312 1083 3388 Curiosius,
1110 3311 1297 3394 dassendps,

216 3403 367 3465 (iollam
388 3403 497 3481 aliique
516 3412 644 3479 nemnem
667 3407 873 3487 Empedoclis,
895 3409 1074 3487 Democriti,
1102 3410 1241 3486 Leucippi
1268 3418 1299 3469 et

216 3500 335 3578 Epioud
354 3502 540 3580 opinionem,
565 3507 668 3581 paoem
687 3506 868 3586 immutatis,
890 3514 1081 3585 renovarunt,
1100 3509 1210 3567 aientes
1232 3523 1298 3568 eor-

217 3614 289 3676 pora
312 3601 449 3677 oompoui
475 3617 514 3662 ex
535 3605 637 3678 paruis
654 3604 854 3682 eorpusoulis,
882 3621 960 3682 qnae
981 3605 1026 3664 vel
1050 3607 1142 3665 atomi
1166 3605 1213 3665 vel
1234 3621 1298 3665 mo·

217 3699 329 3759 loonlae
345 3702 546 3762 nominantur.
567 3701 649 3763 Haeo
670 3702 864 3780 eorpnsonla,
889 3719 948 3763 non
973 3703 1156 3781 improdueta
1176 3711 1207 3763 et
1227 3719 1298 3764 easu

157 3817 167 3840 ·
216 3799 339 3875 agitata,
357 3803 392 3857 ut
414 3801 528 3876 antiqui
543 3799 587 3860 iili
609 3803 742 3880 gentiles,
766 3801 818 3862 sed
834 3818 852 3861 a
867 3801 928 3861 Deo
948 3801 1067 3861 condita
1085 3807 1116 3861 et
1134 3801 1237 3860 divine
1249 3815 1297 3860 sa·

215 3895 326 3970 pientia
343 3895 534 3957 multifariam
548 3899 626 3958 inter
642 3915 675 3958 se
686 3898 830 3976 disposite
845 3903 934 3976 atque
950 3899 1097 3975 ordinata,
1117 3897 1297 3958 substautias

215 4007 317 4055 omues
335 3996 500 4057 materiales
521 3997 697 4058 oonstituera
715 3995 889 4056 docuerunt.
911 3995 1020 4056 Eorum
1038 3997 1128 4072 igitur
1151 3995 1297 4055 sententia
