2892 4425
538 415 615 459 raas
636 416 755 476 sernas
799 395 806 406 '
1129 405 1186 457 223

109 527 250 601 principio
273 524 372 600 aliquo
388 523 629 584 demonstrationi
643 519 854 602 nonenoeane,
870 525 922 586 sed
940 523 1095 585 manilssta
1117 537 1185 599 pro-

107 631 171 700 pter
187 639 220 682 se
236 623 420 683 admittenda
436 639 499 682 esse
517 624 671 701 intelligat.
691 625 782 684 Secns
801 624 938 684 ellectum
958 630 1111 702 quaereret
1126 624 1189 683 sine

108 737 212 798 canso3
240 737 301 797 quo
329 721 404 780 nihil
433 720 589 792 absurdius
613 722 684 799 iingl
705 729 814 798 potest.
844 722 959 782 Etenim
988 726 1131 798 scientia,
1157 725 1188 781 in

108 835 195 896 quam
215 835 270 895 per
288 819 490 895 philosophiae
509 821 642 880 studiumv
660 820 844 897 adnitimur,
869 824 1034 898 cognitione
1059 819 1189 894 certaffet

109 918 236 976 evidenti
255 923 371 976 constat
391 933 428 977 ex
451 921 619 994 praemissis
640 920 787 995 aliquibus
807 919 963 995 derivata,
983 935 1058 996 quae
1078 921 1188 980 idcirco

108 1022 249 1092 tanquam
267 1015 347 1074 iilius
369 1031 474 1076 causae
496 1017 672 1076 considerari
692 1017 808 1076 debent.
832 1019 1014 1094 Quapropter
1037 1023 1062 1076 sl
1089 1021 1189 1078 omnia

108 1116 138 1172 in
155 1113 342 1189 philosophia
363 1114 591 1176 demonstranda
611 1122 733 1192 ment,
761 1118 860 1174 omnia
881 1119 1022 1174 rationem
1043 1115 1189 1177 haberent

108 1213 251 1289 tilectus,
270 1219 359 1288 atque
374 1212 441 1272 ideo
461 1229 579 1274 causam
599 1215 727 1290 umnam
744 1215 936 1290 postularent.
959 1215 993 1272 ln
1014 1214 1117 1274 ordino
1129 1217 1184 1292 ‚igl-

108 1317 157 1370 iur
178 1313 370 1371 edentumm
394 1313 483 1370 series
507 1312 651 1387 quaedam
673 1311 819 1388 indigesta
843 1311 1003 1371 nieorum
1028 1314 1189 1404 opustltuo-

6 1438 7 1447 .
110 1417 202 1484 retur,
225 1411 309 1470 ouius
329 1410 411 1470 nnlln
424 1412 584 1488 excogitari
598 1416 699 1486 posset
719 1423 819 1469 causa.
839 1410 918 1468 Haeo
932 1413 1010 1468 enim
1028 1411 1054 1469 si
1072 1417 1102 1470 et
1122 1411 1188 1485 ipsa

6 1528 8 1543 .
110 1507 387 1568 demonstrationem
404 1512 544 1586 exigeret,
563 1509 688 1570 clientas
700 1512 842 1569 radonem
857 1507 987 1586 haberet,
1010 1523 1047 1569 ac
1063 1507 1190 1585 proinde

108 1606 187 1664 inira
207 1607 313 1664 seriem
333 1606 415 1664 iliam
436 1610 645 1667 contineretur.

171 1703 256 1776 Quod
270 1713 475 1781 argumentum
490 1705 546 1765 hac
566 1708 654 1764 ctiam
676 1704 770 1765 iorma
784 1707 906 1783 proponi
926 1711 1031 1783 potest.
1046 1705 1117 1782 Fac,
1132 1707 1185 1784 als,

109 1805 254 1878 principia
272 1807 365 1862 etiam
378 1807 473 1880 prima
492 1807 523 1863 ln
545 1804 776 1880 philosophando
794 1805 1034 1865 demonstrationi
1048 1821 1117 1864 esse
1138 1804 1187 1864 ob·

110 1906 212 1964 noxia.
245 1903 308 1963 lam
330 1921 409 1964 nora
431 1907 540 1964 verius
567 1920 640 1980 opus
663 1907 738 1980 crit,
765 1921 839 1982 qnae
863 1908 1041 1982 praemissae
1066 1921 1186 1965 munere

109 2001 262 2078 iungatur,
288 2008 322 2061 ut
348 2003 489 2079 principia
514 2003 564 2062 ilia
590 1985 642 2078 per
663 2005 757 2078 ipsam
779 2004 1023 2064 demonstrentur.
1049 2003 1186 2063 atvero

108 2106 183 2158 tunc
202 2099 240 2158 dc
259 2099 316 2158 hac
334 2101 439 2160 iterum
459 2100 566 2159 redibit
584 2104 733 2178 quaestio,
760 2106 860 2161 utrum
880 2102 999 2161 evidens
1022 2119 1075 2178 per
1095 2117 1125 2161 se
1147 2103 1187 2161 sit

110 2214 146 2257 ae
166 2204 270 2273 snapoe
288 2198 351 2258 luco
370 2201 434 2259 sine
455 2199 704 2260 demonstratione
722 2203 813 2260 menti
831 2203 1004 2276 innoteseat,
1025 2216 1062 2259 an
1084 2216 1187 2260 rursus

109 2304 195 2373 egem
218 2297 421 2358 demonstrari.
445 2300 558 2359 Horum
578 2302 706 2377 primum
729 2300 913 2359 adversarius
938 2300 1044 2379 eligere
1065 2302 1182 2375 aequit,

110 2399 183 2472 quin
203 2396 319 2455 dirimet
343 2399 547 2474 contradicat,
573 2416 609 2458 ae
632 2415 716 2458 suam
739 2400 801 2473 ipse
823 2400 1013 2456 assertionem
1039 2396 1183 2455 destruat.

109 2494 244 2553 Alterum
261 2496 353 2570 igitur
370 2494 483 2571 seligat.
505 2496 562 2555 Sed
578 2504 650 2557 tunc
676 2500 708 2573 in
728 2510 821 2555 novas
843 2512 874 2564 se
895 2494 992 2570 adiget
1012 2498 1184 2571 angustias,

110 2599 141 2651 et
160 2596 295 2652 semitam
313 2609 481 2669 percurrere
501 2595 651 2654 inclinabit
672 2596 765 2654 limite
783 2608 900 2670 prorsus
912 2593 1092 2653 destitutam.
1110 2593 1187 2653 Nam

109 2694 136 2750 si
156 2694 318 2767 praemissa
338 2694 433 2752 omnis
451 2699 518 2769 eget
537 2692 743 2769 demonstrari,
763 2706 920 2768 nunquam·
935 2690 971 2751 ad
997 2692 1108 2750 exitum
1136 2690 1187 2749 de·

110 2793 241 2865 ruitur,
268 2806 323 2849 aec
347 2792 468 2866 proinde
490 2808 620 2868 unquam
648 2792 768 2851 evidens
784 2790 889 2849 obiecti
909 2792 1037 2867 cognitio
1060 2792 1185 2865 acquiri·

111 2896 161 2949 tur
184 2888 423 2949 demonstrando.
443 2889 541 2949 ‘Series
558 2893 635 2949 enim
657 2892 772 2950 infinita
792 2891 921 2967 percurri
944 2891 1055 2966 nequit.

171 2987 269 3059 Quare
288 2994 340 3047 aut
362 2990 489 3064 cognitio
509 2990 604 3046 omnis
626 2990 744 3053 arideus
766 2996 795 3048 et
812 2996 891 3048 certa
911 2988 947 3047 de
970 2988 1065 3047 medlo
1086 2996 1129 3048 est
1145 3006 1188 3048 re·
1292 3024 1297 3041 ·

110 3086 263 3162 pellenda,
286 3092 340 3144 aut
358 3088 383 3143 si
397 3085 606 3145 demonstratio
624 3088 684 3146 ulla
700 3090 782 3162 viget
800 3072 835 3147 ac
854 3080 987 3163 seientia,
1008 3086 1187 3147 admittenda

65 3183 68 3186 ’
112 3190 183 3242 sunt
207 3185 373 3241 necessario
398 3183 495 3259 aliqua
517 3186 612 3260 prima
639 3187 784 3261 principia
809 3188 838 3243 in
865 3186 966 3244 ordine
989 3188 1188 3263 cognitionis,

6 3297 7 3306 ¹
111 3298 187 3359 qnae
205 3284 309 3340 innata
331 3278 464 3358 iulgeant
485 3283 549 3343 lnce
567 3300 690 3359 eamque
711 3284 750 3342 ab
770 3285 835 3342 allis
855 3300 914 3343 non
934 3290 1113 3358 mutuentur,
1136 3284 1188 3342 scd

112 3383 212 3455 potios
231 3382 299 3439 aliis
323 3382 510 3455 impertiant:
535 3398 570 3440 eo
590 3376 681 3440 ierme
698 3388 795 3457 pacto,
815 3397 873 3457 quo
895 3384 920 3440 si
936 3382 1045 3441 adsunt
1066 3396 1188 3457 corpora

111 3477 290 3551 illuminosa,
313 3476 415 3536 adesse
427 3493 541 3554 quoque
561 3478 666 3538 dolrem
686 3493 808 3555 corpora
828 3496 903 3556 quiae
924 3484 984 3539 sint
1008 3467 1104 3539 lucida
1123 3498 1189 3557 pro·

112 3582 176 3650 pter
196 3593 239 3635 se.
265 3578 447 3653 Quapropter
473 3577 577 3636 harum
604 3580 761 3638 veritatum
787 3594 847 3637 non
873 3579 1108 3656 demonstratio,
1136 3578 1189 3639 sed

112 3678 306 3735 terminorum
327 3674 483 3734 dumtaxat
506 3680 535 3734 et
559 3676 690 3736 idearum
714 3677 839 3752 petenda
864 3678 1018 3753 explicatio
1041 3685 1096 3753 est,
1121 3684 1185 3736 tum

112 3772 323 3850 difficultates,
346 3789 421 3848 quae
442 3772 516 3833 forte
538 3782 735 3851 oggerentur,
759 3776 845 3835 modo
866 3776 1050 3836 adversarius
1077 3774 1187 3851 aliquid

112 3881 224 3935 certam
248 3880 403 3949 ratumque
420 3875 540 3951 tribuat,
562 3876 718 3935 solvendae
739 3882 835 3937 erunt.

173 3982 224 4033 68.
245 3972 307 4033 Nec
329 3988 399 4031 vero
416 3975 511 4049 inepte
525 3975 732 4050 suspicandum
756 3982 816 4037 est:
841 3976 991 4051 principiis
1014 3972 1060 4031 his
1086 3988 1137 4047 per
1156 3986 1189 4028 se

112 4073 191 4131 notis
209 4086 295 4132 caece
313 4078 342 4131 ot
361 4074 424 4133 sine
440 4075 550 4134 ratione
566 4089 620 4135 nos
639 4076 784 4135 assentiri.
804 4072 881 4134 Nam
901 4070 1070 4133 veritatibus
1086 4068 1188 4127 istius·
