2892 4425
492 370 571 415 Pffl
590 370 694 415 ΡΙΙΙΔ
713 386 726 399 ·
746 370 945 417 0081οιοω
1214 368 1252 421 57

171 480 381 559 productione,
404 496 458 540 nec
484 480 553 540 inde
572 480 622 541 ubi
649 487 733 557 mat,
755 497 810 541 aee
829 482 897 542 inde
919 482 969 542 nbi
994 498 1052 543 uon
1076 490 1159 561 erat,
1177 484 1249 546 etie-

171 586 237 639 ctus
250 578 431 653 extrahitur3
444 576 496 637 aed
510 577 548 636 de
562 592 623 637 nou
635 580 778 637 curante
790 577 889 639 eradit
904 582 1031 659 existens
1046 587 1162 657 propter
1180 582 1252 643 acti·

172 681 294 737 vitamm
313 678 437 753 agentis.
457 677 538 748 Quae
555 674 674 751 quidem
693 677 830 736 activitas
854 678 885 734 in
900 676 955 737 hoe
975 680 1121 754 cernitur,
1144 686 1177 739 ut
1201 694 1251 739 no·

172 792 241 835 vam
263 790 345 849 rem,
359 789 437 850 qnae
456 780 525 833 ante
542 789 602 833 non
621 772 721 848 tuerit,
742 774 855 833 actione
873 789 927 832 aua
940 781 1053 834 exstare
1072 775 1172 835 iaciat.
1186 774 1250 836 Hoc

171 879 271 932 autem
291 874 317 929 si
342 877 465 947 negatur
487 880 546 930 noo
568 869 632 930 soia
653 872 762 931 creatio
775 860 841 929 'sed
861 872 956 929 omnis
982 887 1078 930 rerum
1097 873 1251 946 pmductio

173 969 307 1047 neganda
328 971 394 1027 erit.
421 968 554 1043 Utraque
574 971 652 1027 enim
678 985 741 1027 rem
756 1011 760 1019 ,
773 982 880 1027 novam
906 968 1021 1045 gignit,
1051 967 1107 1027 hoc
1134 976 1251 1028 tantum

172 1066 360 1142 discrimine,
380 1065 460 1142 quod
483 1067 509 1124 si
536 1066 650 1125 nulium
672 1065 836 1129 subiectum
863 1073 931 1125 ante
961 1068 1088 1142 extem,
1112 1065 1164 1126 aed
1188 1071 1250 1127 tota

174 1180 221 1225 rea
240 1164 307 1238 tint,
319 1164 435 1223 dicatur
456 1164 581 1237 creatio,
604 1164 650 1221 sin
665 1176 735 1221 vero
749 1178 796 1222 res
819 1164 862 1221 ita
884 1164 1015 1239 gignitur
1034 1169 1068 1221 ut
1086 1162 1250 1223 subiectum

173 1260 292 1337 aliquod
314 1262 494 1336 praeiaceat,
515 1258 594 1335 quod
614 1262 775 1335 capacitate
793 1276 847 1319 sua
867 1263 964 1337 agenti
984 1260 1186 1321 adiumentum
1205 1260 1251 1321 ai·

172 1358 249 1417 ierat
267 1361 389 1432 eiusque
408 1358 529 1417 deiioiut
549 1357 720 1433 iocum,
744 1357 860 1417 dicatur
881 1358 1002 1433 simplex
1024 1356 1189 1433 productio.

233 1454 328 1516 onita.
343 1456 396 1514 It'.
411 1454 543 1514 Tandem
555 1454 658 1515 Victor
669 1453 776 1513 Couein
790 1456 820 1513 in
838 1455 901 1513 ioco
915 1470 1003 1531 supra
1019 1461 1178 1515 memorato
1190 1456 1250 1515 duo

173 1551 289 1611 obiicit:
305 1554 455 1628 primam,
476 1555 651 1612 creationem
672 1550 789 1611 sibimet
808 1552 1017 1628 contradicere,
1041 1552 1184 1629 siqmdem
1198 1551 1251 1631 Ity·

169 1647 303 1726 potieris
315 1648 407 1708 attile·
420 1648 536 1709 debete
550 1656 647 1709 ruente
659 1650 759 1723 otique
778 1650 922 1727 eogitari;
938 1652 1044 1709 mentis
1058 1656 1155 1709 autem
1171 1651 1250 1727 cogi·

172 1749 246 1806 tatio
264 1749 448 1806 existentiam
470 1747 626 1823 cogitantis
653 1746 789 1806 inciodit.
806 1747 902 1821 Quare
922 1763 974 1824 per
992 1749 1169 1807 creationem
1191 1747 1251 1807 exi·

172 1845 279 1903 atentia
298 1850 422 1921 negeina
443 1844 531 1903 simui
550 1851 581 1904 et
608 1842 786 1904 affirmatur.
811 1843 945 1903 Alterum
967 1850 1028 1903 est:
1056 1860 1091 1905 ea
1113 1846 1250 1919 opinione

173 1941 265 2001 muita
284 1944 383 2001 enasci
404 1940 552 2016 absurda,
572 1944 755 2016 potissimum
777 1941 856 2017 quod
876 1941 1002 2001 mundus
1020 1939 1147 2000 iniectus
1162 1946 1251 2017 atqua
1339 1928 1343 1933 ⁵

173 2054 210 2097 cx
222 2036 285 2097 Deo
305 2038 387 2097 nuiia
407 2040 519 2097 ratione
531 2038 660 2113 pendam
681 2044 849 2114 poneretur.

234 2135 420 2211 Respondeo:
441 2136 504 2195 liae
518 2135 696 2195 obiectiones
711 2151 769 2195 nou
787 2134 853 2211 pius
875 2133 982 2193 hubent
1000 2132 1149 2209 ponderis,
1160 2148 1249 2209 quam

173 2235 254 2292 iocus
274 2233 429 2292 verborum
455 2241 507 2294 aut
522 2237 613 2311 gratis
640 2233 788 2294 asserendi
808 2234 967 2292 temeritas.
989 2232 1020 2290 in
1040 2232 1142 2306 primis
1170 2233 1248 2290 enim

173 2329 282 2390 iaisum
303 2338 349 2390 est
372 2333 403 2390 in
426 2333 569 2390 sententia
592 2333 751 2392 creationis
777 2347 827 2390 seu
851 2329 1049 2405 productionis
1076 2345 1113 2386 ex
1140 2326 1250 2402 nihtio,

172 2428 484 2490 existmtiamomuem
501 2431 655 2489 removeri.
677 2429 753 2488 Nam
767 2433 864 2504 aperte
885 2428 1024 2486 statuitur
1042 2431 1179 2500 arctoque
1200 2424 1250 2484 de-

173 2523 306 2582 tenditur
324 2522 478 2586 existentia
500 2543 607 2587 causac
630 2528 754 2602 primae,
774 2539 933 2602 quaecum
954 2523 1069 2582 ioitnita
1091 2522 1196 2596 agendi
1220 2525 1249 2582 vi

160 2613 203 2680 'et
227 2622 417 2698 iuteiiigentia
447 2626 486 2684 sit
510 2624 662 2700 praedita,
684 2627 726 2683 ita
743 2629 877 2698 operetur
901 2627 934 2682 ut
961 2605 1081 2680 materia
1109 2619 1168 2678 uiia
1192 2637 1249 2679 non

173 2727 267 2795 egeat.
287 2721 414 2798 Deinde,
427 2722 534 2782 Gousin
554 2722 631 2782 maie
644 2721 798 2781 contundit
818 2721 1000 2784 eductionem
1018 2735 1054 2777 ex
1076 2716 1167 2776 nihilo
1182 2733 1249 2776 cum

172 2816 303 2875 eiusdem
320 2821 506 2895 cogitatione.
531 2818 616 2894 Quod
635 2835 725 2895 quam
752 2821 846 2893 inepte
871 2817 941 2892 iiat,
965 2831 1050 2875 nemo
1073 2831 1131 2873 non
1157 2813 1246 2874 videt.

172 2911 237 2971 Non
252 2917 330 2974 enirn
344 2918 408 2990 ipsa
420 2919 529 2976 creatio
543 2933 592 2992 per
605 2933 680 2992 sese,
694 2916 747 2976 sed
764 2915 894 2975 eiusdem
913 2914 1108 2975 consideratio
1121 2913 1249 2971 existen·

172 3011 243 3070 dam
259 3015 365 3071 mentis
377 3016 536 3089 cogitantis
549 3013 685 3074 includit.
702 3013 744 3074 Ut
753 3016 886 3072 omittam
901 3011 980 3088 quod
994 3011 1109 3070 etiamsi
1123 3009 1179 3067 hoc
1194 3008 1250 3068 iar·

172 3111 300 3186 giam,
314 3125 373 3168 non
387 3117 486 3170 tamen
505 3111 573 3170 iude
594 3114 752 3172 existentia
765 3113 914 3185 materiae,
936 3127 972 3168 ex
987 3125 1046 3185 que
1063 3107 1189 3166 mundus
1204 3105 1252 3164 ile·

172 3211 218 3264 rat
230 3247 240 3280 ,
254 3205 447 3267 derivaretur.
465 3209 627 3270 Existentia
645 3213 723 3268 enim
748 3211 852 3268 mentis
876 3210 1032 3284 cogitantis
1052 3212 1130 3264 certe
1153 3204 1253 3280 nequit

172 3316 235 3362 ease
261 3306 381 3363 materia
407 3305 485 3364 unde
512 3306 640 3365 mundus
663 3305 825 3381 confletur,
851 3308 907 3364 nisi
933 3304 1036 3364 Ficthii
1060 3302 1252 3361 deliramenta

173 3408 359 3460 renouentur.
376 3397 420 3462 De
436 3403 570 3462 absurdis
590 3419 659 3463 vero
680 3419 757 3479 quae
777 3406 880 3479 iactat,
899 3419 967 3462 cum
986 3403 1101 3460 nonnisi
1117 3401 1167 3459 iiia
1190 3403 1252 3458 tnn-

172 3499 235 3554 tum
258 3497 319 3557 duo
338 3502 489 3576 nominet,
513 3517 589 3576 quae
611 3501 697 3560 modo
720 3501 867 3575 diximus,
891 3499 928 3558 ad
951 3517 985 3558 ea
1013 3498 1194 3574 respondisse
1213 3498 1252 3554 sit

172 3597 254 3654 saus.
275 3596 406 3657 Tandem
420 3600 499 3675 quod
511 3599 549 3658 de
570 3599 793 3674 independentia
808 3599 908 3658 mundi
923 3615 975 3674 per
995 3604 1183 3656 transennam
1210 3597 1253 3652 in-

172 3695 249 3770 nuit,
271 3695 424 3756 manifesta
445 3697 572 3757 iaisitute
591 3697 717 3756 taboret.
745 3699 818 3771 Quia
841 3700 918 3756 enim
939 3705 982 3756 est
1009 3698 1059 3772 qui
1083 3710 1139 3752 nou
1167 3693 1251 3751 intei-

172 3789 267 3869 iigat,
283 3809 322 3852 ex
341 3809 376 3853 eo
395 3795 475 3871 quod
493 3796 655 3855 muuduse
676 3796 769 3856 nihiio
787 3813 804 3854 a
826 3795 886 3854 Deo
903 3795 1024 3854 eductus
1042 3794 1169 3864 dicatur,
1192 3807 1250 3849 non

173 3889 259 3948 modo
283 3893 452 3967 neutiquam
475 3895 614 3969 consequi
635 3893 768 3954 eumdem
790 3893 929 3953 iniectum
951 3909 1015 3952 esse
1035 3898 1086 3951 aut
1106 3907 1143 3950 ea
1163 3905 1252 3949 causa

173 3988 254 4047 nuiia
274 3989 462 4064 pendentem,
479 3991 531 4050 sed
551 3994 729 4050 contrarium
751 3995 846 4066 potius
871 3989 1018 4049 derivarit
1039 3989 1135 4062 Quare
1156 3988 1252 4062 sophi-
