<?xml version="1.0" encoding="UTF-8"?>
<!DOCTYPE html PUBLIC "-//W3C//DTD XHTML 1.0 Transitional//EN"
    "http://www.w3.org/TR/xhtml1/DTD/xhtml1-transitional.dtd">
<html xmlns="http://www.w3.org/1999/xhtml" xml:lang="en" lang="en">
 <head>
  <title>
</title>
<meta http-equiv="Content-Type" content="text/html;charset=utf-8" />
  <meta name='ocr-system' content='tesseract 3.04.00' />
  <meta name='ocr-capabilities' content='ocr_page ocr_carea ocr_par ocr_line ocrx_word'/>
</head>
<body>
  <div class='ocr_page' id='page_1' title='image "./institutionesph01libegoog_0229.png"; bbox 0 0 2892 4425; ppageno 0'>
   <div class='ocr_carea' id='block_1_1' title="bbox 516 369 1217 438">
    <p class='ocr_par' dir='ltr' id='par_1_1' title="bbox 516 369 1217 438">
     <span class='ocr_line' id='line_1_1' title="bbox 516 369 1217 438; baseline 0.01 -24"><span class='ocrx_word' id='word_1_1' title='bbox 516 421 526 438; x_wconf 45' lang='grc'><strong><em>,</em></strong></span> <span class='ocrx_word' id='word_1_2' title='bbox 551 371 608 414; x_wconf 82' lang='lat' dir='ltr'><strong>eeu</strong></span> <span class='ocrx_word' id='word_1_3' title='bbox 630 371 811 416; x_wconf 81' lang='lat' dir='ltr'><strong>onronoura</strong></span> <span class='ocrx_word' id='word_1_4' title='bbox 1160 369 1217 421; x_wconf 80' lang='lat' dir='ltr'><strong>m</strong></span> 
     </span>
    </p>
   </div>
   <div class='ocr_carea' id='block_1_2' title="bbox 138 467 1220 854">
    <p class='ocr_par' dir='ltr' id='par_1_2' title="bbox 138 467 1220 854">
     <span class='ocr_line' id='line_1_2' title="bbox 197 467 1217 561; baseline 0.011 -27"><span class='ocrx_word' id='word_1_5' title='bbox 197 475 353 536; x_wconf 83' lang='lat' dir='ltr'><strong>Praeterea</strong></span> <span class='ocrx_word' id='word_1_6' title='bbox 365 479 392 535; x_wconf 85' lang='lat' dir='ltr'><strong>al</strong></span> <span class='ocrx_word' id='word_1_7' title='bbox 410 493 468 536; x_wconf 91' lang='lat' dir='ltr'><strong>non</strong></span> <span class='ocrx_word' id='word_1_8' title='bbox 482 480 601 538; x_wconf 83' lang='lat' dir='ltr'><strong>animae</strong></span> <span class='ocrx_word' id='word_1_9' title='bbox 615 485 725 556; x_wconf 61' lang='grc' dir='ltr'><strong>ποιων,</strong></span> <span class='ocrx_word' id='word_1_10' title='bbox 743 480 795 540; x_wconf 81' lang='lat' dir='ltr'><strong>red</strong></span> <span class='ocrx_word' id='word_1_11' title='bbox 811 480 893 542; x_wconf 78' lang='lat' dir='ltr'><strong>solua</strong></span> <span class='ocrx_word' id='word_1_12' title='bbox 907 467 1029 542; x_wconf 78' lang='lat' dir='ltr'><strong>Doualn</strong></span> <span class='ocrx_word' id='word_1_13' title='bbox 1049 482 1133 544; x_wconf 82' lang='lat' dir='ltr'><strong>nubta</strong></span> <span class='ocrx_word' id='word_1_14' title='bbox 1149 499 1217 561; x_wconf 85' lang='lat' dir='ltr'><strong>ope·</strong></span> 
     </span>
     <span class='ocr_line' id='line_1_3' title="bbox 138 565 1220 656; baseline 0.01 -24"><span class='ocrx_word' id='word_1_15' title='bbox 138 580 264 650; x_wconf 77' lang='lat' dir='ltr'><strong>teretur,</strong></span> <span class='ocrx_word' id='word_1_16' title='bbox 283 565 391 634; x_wconf 81' lang='lat' dir='ltr'><strong>omnie&#39;</strong></span> <span class='ocrx_word' id='word_1_17' title='bbox 402 573 522 634; x_wconf 82' lang='lat' dir='ltr'><strong>libertae</strong></span> <span class='ocrx_word' id='word_1_18' title='bbox 539 578 688 636; x_wconf 85' lang='lat' dir='ltr'><strong>actionum</strong></span> <span class='ocrx_word' id='word_1_19' title='bbox 711 585 890 656; x_wconf 75' lang='lat' dir='ltr'><strong>nostrarum,</strong></span> <span class='ocrx_word' id='word_1_20' title='bbox 909 595 995 639; x_wconf 86' lang='lat' dir='ltr'><strong>omne</strong></span> <span class='ocrx_word' id='word_1_21' title='bbox 1014 584 1150 642; x_wconf 73' lang='lat' dir='ltr'><strong>martum</strong></span> <span class='ocrx_word' id='word_1_22' title='bbox 1166 589 1220 644; x_wconf 81' lang='lat' dir='ltr'><strong>aut</strong></span> 
     </span>
     <span class='ocr_line' id='line_1_4' title="bbox 138 671 1220 756; baseline 0.01 -26"><span class='ocrx_word' id='word_1_23' title='bbox 138 671 336 748; x_wconf 87' lang='lat' dir='ltr'><strong>demeritum,</strong></span> <span class='ocrx_word' id='word_1_24' title='bbox 359 688 445 730; x_wconf 86' lang='lat' dir='ltr'><strong>omne</strong></span> <span class='ocrx_word' id='word_1_25' title='bbox 467 673 592 748; x_wconf 88' lang='lat' dir='ltr'><strong>denique</strong></span> <span class='ocrx_word' id='word_1_26' title='bbox 616 673 774 733; x_wconf 60' lang='lat' dir='ltr'><strong>mammen</strong></span> <span class='ocrx_word' id='word_1_27' title='bbox 800 678 875 735; x_wconf 91' lang='lat' dir='ltr'><strong>inter</strong></span> <span class='ocrx_word' id='word_1_28' title='bbox 898 676 1107 754; x_wconf 79' lang='lat' dir='ltr'><strong>boneetumet</strong></span> <span class='ocrx_word' id='word_1_29' title='bbox 1132 687 1220 756; x_wconf 89' lang='lat' dir='ltr'><strong>turpe</strong></span> 
     </span>
     <span class='ocr_line' id='line_1_5' title="bbox 138 769 1220 854; baseline 0.01 -26"><span class='ocrx_word' id='word_1_30' title='bbox 138 777 297 829; x_wconf 85' lang='lat' dir='ltr'><strong>eorrueret.</strong></span> <span class='ocrx_word' id='word_1_31' title='bbox 317 769 348 828; x_wconf 87' lang='lat' dir='ltr'><strong>Si</strong></span> <span class='ocrx_word' id='word_1_32' title='bbox 369 773 448 829; x_wconf 88' lang='lat' dir='ltr'><strong>enim</strong></span> <span class='ocrx_word' id='word_1_33' title='bbox 468 769 548 854; x_wconf 76' lang='lat' dir='ltr'><strong>Deua</strong></span> <span class='ocrx_word' id='word_1_34' title='bbox 569 770 641 830; x_wconf 82' lang='lat' dir='ltr'><strong>iacit</strong></span> <span class='ocrx_word' id='word_1_35' title='bbox 658 787 859 848; x_wconf 80' lang='lat' dir='ltr'><strong>quaecumque</strong></span> <span class='ocrx_word' id='word_1_36' title='bbox 874 773 964 851; x_wconf 85' lang='lat' dir='ltr'><strong>dunt,</strong></span> <span class='ocrx_word' id='word_1_37' title='bbox 984 775 1143 853; x_wconf 74' lang='lat' dir='ltr'><strong>flagitium,</strong></span> <span class='ocrx_word' id='word_1_38' title='bbox 1160 794 1220 839; x_wconf 78' lang='lat' dir='ltr'><strong>aee·</strong></span> 
     </span>
    </p>
   </div>
   <div class='ocr_carea' id='block_1_3' title="bbox 72 867 1301 3783">
    <p class='ocr_par' dir='ltr' id='par_1_3' title="bbox 72 867 1301 1316">
     <span class='ocr_line' id='line_1_6' title="bbox 139 867 1216 948; baseline 0.008 -22"><span class='ocrx_word' id='word_1_39' title='bbox 139 867 206 942; x_wconf 83' lang='lat' dir='ltr'><strong>lan,</strong></span> <span class='ocrx_word' id='word_1_40' title='bbox 231 874 262 926; x_wconf 85' lang='lat' dir='ltr'><strong>et</strong></span> <span class='ocrx_word' id='word_1_41' title='bbox 285 867 428 944; x_wconf 85' lang='lat' dir='ltr'><strong>quidquid</strong></span> <span class='ocrx_word' id='word_1_42' title='bbox 452 868 622 927; x_wconf 88' lang='lat' dir='ltr'><strong>indeoorum</strong></span> <span class='ocrx_word' id='word_1_43' title='bbox 642 873 708 944; x_wconf 81' lang='lat' dir='ltr'><strong>eet,</strong></span> <span class='ocrx_word' id='word_1_44' title='bbox 734 868 845 930; x_wconf 89' lang='lat' dir='ltr'><strong>homini</strong></span> <span class='ocrx_word' id='word_1_45' title='bbox 871 885 1021 947; x_wconf 86' lang='lat' dir='ltr'><strong>perperam</strong></span> <span class='ocrx_word' id='word_1_46' title='bbox 1044 875 1216 948; x_wconf 72' lang='lat' dir='ltr'><strong>imputetur.</strong></span> 
     </span>
     <span class='ocr_line' id='line_1_7' title="bbox 72 949 1217 1046; baseline 0.009 -25"><span class='ocrx_word' id='word_1_47' title='bbox 72 989 78 994; x_wconf 96' lang='lat'>·</span> <span class='ocrx_word' id='word_1_48' title='bbox 139 963 234 1025; x_wconf 84' lang='lat' dir='ltr'><strong>burno</strong></span> <span class='ocrx_word' id='word_1_49' title='bbox 258 981 327 1024; x_wconf 82' lang='lat' dir='ltr'><strong>uero</strong></span> <span class='ocrx_word' id='word_1_50' title='bbox 349 965 423 1024; x_wconf 86' lang='lat' dir='ltr'><strong>nibil</strong></span> <span class='ocrx_word' id='word_1_51' title='bbox 445 965 624 1042; x_wconf 78' lang='lat' dir='ltr'><strong>flagitioenm</strong></span> <span class='ocrx_word' id='word_1_52' title='bbox 647 949 876 1026; x_wconf 75' lang='lat' dir='ltr'><strong>existimandum</strong></span> <span class='ocrx_word' id='word_1_53' title='bbox 900 975 997 1045; x_wconf 78' lang='lat' dir='ltr'><strong>emet,</strong></span> <span class='ocrx_word' id='word_1_54' title='bbox 1022 973 1129 1046; x_wconf 87' lang='lat' dir='ltr'><strong>quippe</strong></span> <span class='ocrx_word' id='word_1_55' title='bbox 1150 987 1217 1031; x_wconf 87' lang='lat' dir='ltr'><strong>oum</strong></span> 
     </span>
     <span class='ocr_line' id='line_1_8' title="bbox 139 1061 1218 1142; baseline 0.006 -20"><span class='ocrx_word' id='word_1_56' title='bbox 139 1061 217 1122; x_wconf 79' lang='lat' dir='ltr'><strong>iletre</strong></span> <span class='ocrx_word' id='word_1_57' title='bbox 235 1062 381 1139; x_wconf 71' lang='lat' dir='ltr'><strong>flagitiose</strong></span> <span class='ocrx_word' id='word_1_58' title='bbox 401 1077 460 1122; x_wconf 89' lang='lat' dir='ltr'><strong>non</strong></span> <span class='ocrx_word' id='word_1_59' title='bbox 480 1070 560 1140; x_wconf 73' lang='lat' dir='ltr'><strong>agat.</strong></span> <span class='ocrx_word' id='word_1_60' title='bbox 583 1063 680 1139; x_wconf 77' lang='lat' dir='ltr'><strong>Atque</strong></span> <span class='ocrx_word' id='word_1_61' title='bbox 699 1066 742 1123; x_wconf 86' lang='lat' dir='ltr'><strong>lta</strong></span> <span class='ocrx_word' id='word_1_62' title='bbox 763 1063 836 1122; x_wconf 90' lang='lat' dir='ltr'><strong>ordo</strong></span> <span class='ocrx_word' id='word_1_63' title='bbox 849 1065 995 1142; x_wconf 78' lang='lat' dir='ltr'><strong>‘moralls,</strong></span> <span class='ocrx_word' id='word_1_64' title='bbox 1021 1069 1137 1128; x_wconf 82' lang='lat' dir='ltr'><strong>ulrbutle</strong></span> <span class='ocrx_word' id='word_1_65' title='bbox 1157 1075 1218 1128; x_wconf 84' lang='lat' dir='ltr'><strong>etu-</strong></span> 
     </span>
     <span class='ocr_line' id='line_1_9' title="bbox 139 1160 1301 1240; baseline 0.005 -22"><span class='ocrx_word' id='word_1_66' title='bbox 139 1160 416 1236; x_wconf 82' lang='lat' dir='ltr'><strong>dlum‚&#39;oommunle</strong></span> <span class='ocrx_word' id='word_1_67' title='bbox 435 1160 627 1238; x_wconf 82' lang='lat' dir='ltr'><strong>ooaeuetudo,</strong></span> <span class='ocrx_word' id='word_1_68' title='bbox 641 1161 765 1220; x_wconf 79' lang='lat' dir='ltr'><strong>eooletae</strong></span> <span class='ocrx_word' id='word_1_69' title='bbox 779 1161 904 1238; x_wconf 88' lang='lat' dir='ltr'><strong>dentque</strong></span> <span class='ocrx_word' id='word_1_70' title='bbox 923 1163 989 1238; x_wconf 78' lang='lat' dir='ltr'><strong>ipsa</strong></span> <span class='ocrx_word' id='word_1_71' title='bbox 1009 1161 1142 1224; x_wconf 81' lang='lat' dir='ltr'><strong>rondrtus</strong></span> <span class='ocrx_word' id='word_1_72' title='bbox 1157 1179 1219 1240; x_wconf 82' lang='lat' dir='ltr'><strong>peu·</strong></span> <span class='ocrx_word' id='word_1_73' title='bbox 1297 1162 1301 1170; x_wconf 87' lang='lat'>&#39;</span> 
     </span>
     <span class='ocr_line' id='line_1_10' title="bbox 141 1259 299 1316; baseline 0 0"><span class='ocrx_word' id='word_1_74' title='bbox 141 1272 207 1316; x_wconf 75' lang='lat' dir='ltr'><strong>eum</strong></span> <span class='ocrx_word' id='word_1_75' title='bbox 233 1259 299 1316; x_wconf 75' lang='lat' dir='ltr'><strong>teet„</strong></span> 
     </span>
    </p>

    <p class='ocr_par' dir='ltr' id='par_1_4' title="bbox 139 1354 1221 2116">
     <span class='ocr_line' id='line_1_11' title="bbox 199 1354 1220 1432; baseline 0.001 -18"><span class='ocrx_word' id='word_1_76' title='bbox 199 1354 369 1430; x_wconf 76' lang='lat' dir='ltr'><strong>Postremo,</strong></span> <span class='ocrx_word' id='word_1_77' title='bbox 393 1371 430 1413; x_wconf 91' lang='lat' dir='ltr'><strong>ne</strong></span> <span class='ocrx_word' id='word_1_78' title='bbox 454 1355 539 1431; x_wconf 90' lang='lat' dir='ltr'><strong>plura</strong></span> <span class='ocrx_word' id='word_1_79' title='bbox 557 1361 725 1430; x_wconf 70' lang='lat' dir='ltr'><strong>mareote,</strong></span> <span class='ocrx_word' id='word_1_80' title='bbox 748 1356 773 1416; x_wconf 83' lang='lat' dir='ltr'><strong>ai</strong></span> <span class='ocrx_word' id='word_1_81' title='bbox 795 1362 902 1416; x_wconf 87' lang='lat' dir='ltr'><strong>natura</strong></span> <span class='ocrx_word' id='word_1_82' title='bbox 928 1357 1049 1432; x_wconf 82' lang='lat' dir='ltr'><strong>quaeule</strong></span> <span class='ocrx_word' id='word_1_83' title='bbox 1072 1356 1110 1416; x_wconf 87' lang='lat' dir='ltr'><strong>ad</strong></span> <span class='ocrx_word' id='word_1_84' title='bbox 1131 1356 1220 1416; x_wconf 90' lang='lat' dir='ltr'><strong>linem</strong></span> 
     </span>
     <span class='ocr_line' id='line_1_12' title="bbox 139 1453 1220 1534; baseline 0 -20"><span class='ocrx_word' id='word_1_85' title='bbox 139 1453 267 1531; x_wconf 71' lang='lat' dir='ltr'><strong>aliquem</strong></span> <span class='ocrx_word' id='word_1_86' title='bbox 283 1455 339 1514; x_wconf 81' lang='lat' dir='ltr'><strong>eibi</strong></span> <span class='ocrx_word' id='word_1_87' title='bbox 357 1455 609 1514; x_wconf 84' lang='lat' dir='ltr'><strong>eueommodatum</strong></span> <span class='ocrx_word' id='word_1_88' title='bbox 624 1455 862 1532; x_wconf 80' lang='lat' dir='ltr'><strong>nonaequendnm</strong></span> <span class='ocrx_word' id='word_1_89' title='bbox 884 1455 972 1532; x_wconf 79' lang='lat' dir='ltr'><strong>dlrtgl</strong></span> <span class='ocrx_word' id='word_1_90' title='bbox 998 1455 1109 1534; x_wconf 82' lang='lat' dir='ltr'><strong>debet,</strong></span> <span class='ocrx_word' id='word_1_91' title='bbox 1133 1455 1220 1532; x_wconf 83' lang='lat' dir='ltr'><strong>idque</strong></span> 
     </span>
     <span class='ocr_line' id='line_1_13' title="bbox 139 1552 1219 1630; baseline 0.002 -18"><span class='ocrx_word' id='word_1_92' title='bbox 139 1569 177 1612; x_wconf 82' lang='lat' dir='ltr'><strong>ex</strong></span> <span class='ocrx_word' id='word_1_93' title='bbox 196 1555 339 1628; x_wconf 74' lang='lat' dir='ltr'><strong>sapientie</strong></span> <span class='ocrx_word' id='word_1_94' title='bbox 358 1552 526 1612; x_wconf 81' lang='lat' dir='ltr'><strong>Condltorta</strong></span> <span class='ocrx_word' id='word_1_95' title='bbox 547 1552 714 1628; x_wconf 62' lang='lat' dir='ltr'><strong>derivatum</strong></span> <span class='ocrx_word' id='word_1_96' title='bbox 735 1569 821 1612; x_wconf 89' lang='lat' dir='ltr'><strong>nemo</strong></span> <span class='ocrx_word' id='word_1_97' title='bbox 846 1569 905 1613; x_wconf 92' lang='lat' dir='ltr'><strong>non</strong></span> <span class='ocrx_word' id='word_1_98' title='bbox 928 1553 1007 1614; x_wconf 85' lang='lat' dir='ltr'><strong>utdet</strong></span> <span class='ocrx_word' id='word_1_99' title='bbox 1027 1553 1082 1614; x_wconf 87' lang='lat' dir='ltr'><strong>boe</strong></span> <span class='ocrx_word' id='word_1_100' title='bbox 1104 1555 1219 1630; x_wconf 77' lang='lat' dir='ltr'><strong>petinet·</strong></span> 
     </span>
     <span class='ocr_line' id='line_1_14' title="bbox 141 1650 1220 1729; baseline 0.002 -21"><span class='ocrx_word' id='word_1_101' title='bbox 141 1667 222 1709; x_wconf 88' lang='lat' dir='ltr'><strong>marn</strong></span> <span class='ocrx_word' id='word_1_102' title='bbox 238 1650 393 1711; x_wconf 90' lang='lat' dir='ltr'><strong>dioendum</strong></span> <span class='ocrx_word' id='word_1_103' title='bbox 408 1665 471 1709; x_wconf 76' lang='lat' dir='ltr'><strong>eeee</strong></span> <span class='ocrx_word' id='word_1_104' title='bbox 490 1650 527 1709; x_wconf 94' lang='lat' dir='ltr'><strong>de</strong></span> <span class='ocrx_word' id='word_1_105' title='bbox 545 1652 656 1725; x_wconf 85' lang='lat' dir='ltr'><strong>animo,</strong></span> <span class='ocrx_word' id='word_1_106' title='bbox 677 1651 728 1726; x_wconf 89' lang='lat' dir='ltr'><strong>qul</strong></span> <span class='ocrx_word' id='word_1_107' title='bbox 748 1651 834 1728; x_wconf 81' lang='lat' dir='ltr'><strong>longe</strong></span> <span class='ocrx_word' id='word_1_108' title='bbox 848 1651 1109 1728; x_wconf 71' lang='lat' dir='ltr'><strong>praestabiliorem,</strong></span> <span class='ocrx_word' id='word_1_109' title='bbox 1128 1666 1220 1729; x_wconf 84' lang='lat' dir='ltr'><strong>quam</strong></span> 
     </span>
     <span class='ocr_line' id='line_1_15' title="bbox 140 1747 1220 1826; baseline 0 -18"><span class='ocrx_word' id='word_1_110' title='bbox 140 1755 255 1808; x_wconf 75' lang='lat' dir='ltr'><strong>oeteroe</strong></span> <span class='ocrx_word' id='word_1_111' title='bbox 274 1764 321 1808; x_wconf 70' lang='grc' dir='ltr'><strong>τω</strong></span> <span class='ocrx_word' id='word_1_112' title='bbox 343 1755 470 1823; x_wconf 76' lang='lat' dir='ltr'><strong>meatae,</strong></span> <span class='ocrx_word' id='word_1_113' title='bbox 494 1755 629 1808; x_wconf 85' lang='lat' dir='ltr'><strong>naturam</strong></span> <span class='ocrx_word' id='word_1_114' title='bbox 648 1747 747 1808; x_wconf 84' lang='lat' dir='ltr'><strong>babet.</strong></span> <span class='ocrx_word' id='word_1_115' title='bbox 774 1749 835 1807; x_wconf 86' lang='lat' dir='ltr'><strong>lam</strong></span> <span class='ocrx_word' id='word_1_116' title='bbox 856 1764 925 1810; x_wconf 81' lang='lat' dir='ltr'><strong>uero</strong></span> <span class='ocrx_word' id='word_1_117' title='bbox 942 1765 1002 1826; x_wconf 81' lang='lat' dir='ltr'><strong>quo</strong></span> <span class='ocrx_word' id='word_1_118' title='bbox 1029 1757 1114 1826; x_wconf 78' lang='lat' dir='ltr'><strong>puoto</strong></span> <span class='ocrx_word' id='word_1_119' title='bbox 1134 1750 1220 1810; x_wconf 88' lang='lat' dir='ltr'><strong>tutel-</strong></span> 
     </span>
     <span class='ocr_line' id='line_1_16' title="bbox 140 1843 1221 1924; baseline 0.002 -20"><span class='ocrx_word' id='word_1_120' title='bbox 140 1845 190 1922; x_wconf 76' lang='lat' dir='ltr'><strong>llgi</strong></span> <span class='ocrx_word' id='word_1_121' title='bbox 212 1853 308 1921; x_wconf 79' lang='lat' dir='ltr'><strong>potest</strong></span> <span class='ocrx_word' id='word_1_122' title='bbox 329 1845 472 1904; x_wconf 85' lang='lat' dir='ltr'><strong>netoralie</strong></span> <span class='ocrx_word' id='word_1_123' title='bbox 491 1846 583 1904; x_wconf 82' lang='lat' dir='ltr'><strong>iutaee</strong></span> <span class='ocrx_word' id='word_1_124' title='bbox 602 1852 633 1904; x_wconf 91' lang='lat' dir='ltr'><strong>et</strong></span> <span class='ocrx_word' id='word_1_125' title='bbox 649 1847 752 1905; x_wconf 85' lang='lat' dir='ltr'><strong>innata</strong></span> <span class='ocrx_word' id='word_1_126' title='bbox 769 1843 808 1904; x_wconf 88' lang='lat' dir='ltr'><strong>ad</strong></span> <span class='ocrx_word' id='word_1_127' title='bbox 827 1844 915 1906; x_wconf 88' lang='lat' dir='ltr'><strong>tinem</strong></span> <span class='ocrx_word' id='word_1_128' title='bbox 935 1846 1068 1924; x_wconf 72' lang='lat' dir='ltr'><strong>directio,</strong></span> <span class='ocrx_word' id='word_1_129' title='bbox 1090 1851 1154 1908; x_wconf 87' lang='lat' dir='ltr'><strong>elne</strong></span> <span class='ocrx_word' id='word_1_130' title='bbox 1179 1849 1221 1906; x_wconf 83' lang='lat' dir='ltr'><strong>ul·</strong></span> 
     </span>
     <span class='ocr_line' id='line_1_17' title="bbox 140 1941 1220 2022; baseline 0.004 -22"><span class='ocrx_word' id='word_1_131' title='bbox 140 1942 222 2002; x_wconf 78' lang='lat' dir='ltr'><strong>ribus</strong></span> <span class='ocrx_word' id='word_1_132' title='bbox 242 1941 420 2018; x_wconf 79' lang='lat' dir='ltr'><strong>quiboadanu</strong></span> <span class='ocrx_word' id='word_1_133' title='bbox 434 1948 539 2000; x_wconf 82' lang='lat' dir='ltr'><strong>natare</strong></span> <span class='ocrx_word' id='word_1_134' title='bbox 561 1943 668 2017; x_wconf 80' lang='lat' dir='ltr'><strong>tnaltls,</strong></span> <span class='ocrx_word' id='word_1_135' title='bbox 688 1941 796 2018; x_wconf 76' lang='lat' dir='ltr'><strong>qulbus</strong></span> <span class='ocrx_word' id='word_1_136' title='bbox 813 1942 975 2003; x_wconf 75' lang='lat' dir='ltr'><strong>subtectum</strong></span> <span class='ocrx_word' id='word_1_137' title='bbox 992 1943 1031 2003; x_wconf 92' lang='lat' dir='ltr'><strong>ad</strong></span> <span class='ocrx_word' id='word_1_138' title='bbox 1050 1943 1138 2004; x_wconf 62' lang='lat' dir='ltr'><strong>men</strong></span> <span class='ocrx_word' id='word_1_139' title='bbox 1155 1961 1220 2022; x_wconf 88' lang='lat' dir='ltr'><strong>pro-</strong></span> 
     </span>
     <span class='ocr_line' id='line_1_18' title="bbox 139 2039 986 2116; baseline 0.001 -18"><span class='ocrx_word' id='word_1_140' title='bbox 139 2042 267 2116; x_wconf 79' lang='lat' dir='ltr'><strong>positum</strong></span> <span class='ocrx_word' id='word_1_141' title='bbox 289 2042 431 2115; x_wconf 79' lang='lat' dir='ltr'><strong>raptatur,</strong></span> <span class='ocrx_word' id='word_1_142' title='bbox 452 2039 644 2116; x_wconf 87' lang='lat' dir='ltr'><strong>eumdemque</strong></span> <span class='ocrx_word' id='word_1_143' title='bbox 663 2039 785 2115; x_wconf 81' lang='lat' dir='ltr'><strong>adipteel</strong></span> <span class='ocrx_word' id='word_1_144' title='bbox 809 2041 986 2102; x_wconf 76' lang='lat' dir='ltr'><strong>contendat?</strong></span> 
     </span>
    </p>

    <p class='ocr_par' dir='ltr' id='par_1_5' title="bbox 140 2137 1225 3783">
     <span class='ocr_line' id='line_1_19' title="bbox 201 2137 1222 2217; baseline 0.002 -20"><span class='ocrx_word' id='word_1_145' title='bbox 201 2146 253 2197; x_wconf 84' lang='lat' dir='ltr'><strong>ot.</strong></span> <span class='ocrx_word' id='word_1_146' title='bbox 275 2138 340 2211; x_wconf 85' lang='lat' dir='ltr'><strong>Quo</strong></span> <span class='ocrx_word' id='word_1_147' title='bbox 358 2138 422 2196; x_wconf 88' lang='lat' dir='ltr'><strong>loeo</strong></span> <span class='ocrx_word' id='word_1_148' title='bbox 442 2140 501 2196; x_wconf 83' lang='lat' dir='ltr'><strong>lam</strong></span> <span class='ocrx_word' id='word_1_149' title='bbox 526 2137 605 2196; x_wconf 81' lang='lat' dir='ltr'><strong>vidae</strong></span> <span class='ocrx_word' id='word_1_150' title='bbox 624 2137 779 2198; x_wconf 79' lang='lat' dir='ltr'><strong>diatatom</strong></span> <span class='ocrx_word' id='word_1_151' title='bbox 802 2155 866 2198; x_wconf 82' lang='lat' dir='ltr'><strong>oeae</strong></span> <span class='ocrx_word' id='word_1_152' title='bbox 884 2147 1108 2217; x_wconf 73' lang='lat' dir='ltr'><strong>argumentum,</strong></span> <span class='ocrx_word' id='word_1_153' title='bbox 1135 2146 1222 2216; x_wconf 85' lang='lat' dir='ltr'><strong>atque</strong></span> 
     </span>
     <span class='ocr_line' id='line_1_20' title="bbox 140 2236 1221 2313; baseline -0.001 -16"><span class='ocrx_word' id='word_1_154' title='bbox 140 2238 258 2313; x_wconf 72' lang='lat' dir='ltr'><strong>adipso</strong></span> <span class='ocrx_word' id='word_1_155' title='bbox 276 2252 402 2313; x_wconf 80' lang='lat' dir='ltr'><strong>corpora</strong></span> <span class='ocrx_word' id='word_1_156' title='bbox 420 2240 479 2296; x_wconf 89' lang='lat' dir='ltr'><strong>tam</strong></span> <span class='ocrx_word' id='word_1_157' title='bbox 496 2253 550 2296; x_wconf 76' lang='lat' dir='ltr'><strong>noa</strong></span> <span class='ocrx_word' id='word_1_158' title='bbox 568 2253 636 2298; x_wconf 80' lang='lat' dir='ltr'><strong>eene</strong></span> <span class='ocrx_word' id='word_1_159' title='bbox 653 2236 854 2297; x_wconf 80' lang='lat' dir='ltr'><strong>ratiocinando</strong></span> <span class='ocrx_word' id='word_1_160' title='bbox 873 2244 1033 2313; x_wconf 70' lang='lat' dir='ltr'><strong>porrectos.</strong></span> <span class='ocrx_word' id='word_1_161' title='bbox 1049 2236 1129 2296; x_wconf 85' lang='lat' dir='ltr'><strong>liaeo</strong></span> <span class='ocrx_word' id='word_1_162' title='bbox 1143 2240 1221 2296; x_wconf 88' lang='lat' dir='ltr'><strong>enlm</strong></span> 
     </span>
     <span class='ocr_line' id='line_1_21' title="bbox 141 2334 1222 2411; baseline -0.002 -16"><span class='ocrx_word' id='word_1_163' title='bbox 141 2334 179 2395; x_wconf 89' lang='lat' dir='ltr'><strong>ad</strong></span> <span class='ocrx_word' id='word_1_164' title='bbox 199 2334 289 2395; x_wconf 82' lang='lat' dir='ltr'><strong>finem</strong></span> <span class='ocrx_word' id='word_1_165' title='bbox 312 2336 439 2411; x_wconf 88' lang='lat' dir='ltr'><strong>aliquem</strong></span> <span class='ocrx_word' id='word_1_166' title='bbox 458 2342 590 2410; x_wconf 84' lang='lat' dir='ltr'><strong>epeetere</strong></span> <span class='ocrx_word' id='word_1_167' title='bbox 607 2341 733 2411; x_wconf 82' lang='lat' dir='ltr'><strong>oportet,</strong></span> <span class='ocrx_word' id='word_1_168' title='bbox 751 2341 781 2393; x_wconf 89' lang='lat' dir='ltr'><strong>et</strong></span> <span class='ocrx_word' id='word_1_169' title='bbox 799 2334 920 2409; x_wconf 85' lang='lat' dir='ltr'><strong>proinde</strong></span> <span class='ocrx_word' id='word_1_170' title='bbox 941 2335 978 2393; x_wconf 84' lang='lat' dir='ltr'><strong>lle</strong></span> <span class='ocrx_word' id='word_1_171' title='bbox 997 2336 1141 2395; x_wconf 80' lang='lat' dir='ltr'><strong>instructa</strong></span> <span class='ocrx_word' id='word_1_172' title='bbox 1159 2346 1222 2393; x_wconf 72' lang='lat' dir='ltr'><strong>eree</strong></span> 
     </span>
     <span class='ocr_line' id='line_1_22' title="bbox 141 2432 1221 2511; baseline -0.001 -19"><span class='ocrx_word' id='word_1_173' title='bbox 141 2432 248 2511; x_wconf 74' lang='lat' dir='ltr'><strong>agendi</strong></span> <span class='ocrx_word' id='word_1_174' title='bbox 273 2433 396 2509; x_wconf 75' lang='lat' dir='ltr'><strong>vimine,</strong></span> <span class='ocrx_word' id='word_1_175' title='bbox 425 2432 532 2510; x_wconf 80' lang='lat' dir='ltr'>qulbus</span> <span class='ocrx_word' id='word_1_176' title='bbox 550 2433 588 2492; x_wconf 88' lang='lat' dir='ltr'><strong>ad</strong></span> <span class='ocrx_word' id='word_1_177' title='bbox 613 2433 697 2492; x_wconf 91' lang='lat' dir='ltr'><strong>illum</strong></span> <span class='ocrx_word' id='word_1_178' title='bbox 720 2434 853 2491; x_wconf 86' lang='lat' dir='ltr'><strong>nitantur</strong></span> <span class='ocrx_word' id='word_1_179' title='bbox 873 2432 999 2493; x_wconf 75' lang='lat' dir='ltr'><strong>areidae.</strong></span> <span class='ocrx_word' id='word_1_180' title='bbox 1026 2432 1061 2491; x_wconf 84' lang='lat' dir='ltr'><strong>lit</strong></span> <span class='ocrx_word' id='word_1_181' title='bbox 1083 2433 1221 2508; x_wconf 84' lang='lat' dir='ltr'><strong>quonlam</strong></span> 
     </span>
     <span class='ocr_line' id='line_1_23' title="bbox 140 2530 1222 2609; baseline -0.002 -18"><span class='ocrx_word' id='word_1_182' title='bbox 140 2546 195 2609; x_wconf 84' lang='lat' dir='ltr'><strong>pro</strong></span> <span class='ocrx_word' id='word_1_183' title='bbox 207 2531 360 2608; x_wconf 80' lang='lat' dir='ltr'><strong>aptrltibue</strong></span> <span class='ocrx_word' id='word_1_184' title='bbox 372 2530 412 2591; x_wconf 84' lang='lat' dir='ltr'><strong>ab</strong></span> <span class='ocrx_word' id='word_1_185' title='bbox 423 2535 539 2592; x_wconf 84' lang='lat' dir='ltr'><strong>interna</strong></span> <span class='ocrx_word' id='word_1_186' title='bbox 549 2533 729 2608; x_wconf 79' lang='lat' dir='ltr'><strong>experientia</strong></span> <span class='ocrx_word' id='word_1_187' title='bbox 740 2530 976 2607; x_wconf 66' lang='lat' dir='ltr'><strong>deprompsimus</strong></span> <span class='ocrx_word' id='word_1_188' title='bbox 991 2532 1131 2589; x_wconf 86' lang='lat' dir='ltr'><strong>rationem</strong></span> <span class='ocrx_word' id='word_1_189' title='bbox 1144 2548 1154 2605; x_wconf 81' lang='lat'>3</span> <span class='ocrx_word' id='word_1_190' title='bbox 1170 2546 1222 2606; x_wconf 86' lang='lat' dir='ltr'><strong>pm</strong></span> 
     </span>
     <span class='ocr_line' id='line_1_24' title="bbox 141 2630 1220 2707; baseline -0.004 -17"><span class='ocrx_word' id='word_1_191' title='bbox 141 2630 314 2707; x_wconf 85' lang='lat' dir='ltr'><strong>eorporibue</strong></span> <span class='ocrx_word' id='word_1_192' title='bbox 331 2630 630 2690; x_wconf 72' lang='lat' dir='ltr'><strong>observatioexternu</strong></span> <span class='ocrx_word' id='word_1_193' title='bbox 652 2630 830 2707; x_wconf 75' lang='lat' dir='ltr'><strong>suppeditet,</strong></span> <span class='ocrx_word' id='word_1_194' title='bbox 850 2630 925 2691; x_wconf 87' lang='lat' dir='ltr'><strong>iulta</strong></span> <span class='ocrx_word' id='word_1_195' title='bbox 940 2636 1038 2689; x_wconf 71' lang='lat' dir='ltr'><strong>umen</strong></span> <span class='ocrx_word' id='word_1_196' title='bbox 1058 2630 1220 2688; x_wconf 87' lang='lat' dir='ltr'><strong>retloelnto.</strong></span> 
     </span>
     <span class='ocr_line' id='line_1_25' title="bbox 141 2712 1220 2806; baseline -0.003 -19"><span class='ocrx_word' id='word_1_197' title='bbox 141 2728 218 2787; x_wconf 86' lang='lat' dir='ltr'><strong>Nem</strong></span> <span class='ocrx_word' id='word_1_198' title='bbox 239 2712 314 2804; x_wconf 65' lang='lat' dir='ltr'><strong>bold</strong></span> <span class='ocrx_word' id='word_1_199' title='bbox 334 2731 432 2788; x_wconf 84' lang='lat' dir='ltr'><strong>notlue</strong></span> <span class='ocrx_word' id='word_1_200' title='bbox 454 2732 485 2787; x_wconf 93' lang='lat' dir='ltr'><strong>ln</strong></span> <span class='ocrx_word' id='word_1_201' title='bbox 506 2734 612 2788; x_wconf 79' lang='lat' dir='ltr'><strong>nemra</strong></span> <span class='ocrx_word' id='word_1_202' title='bbox 631 2730 784 2806; x_wconf 70' lang='lat' dir='ltr'><strong>magisque</strong></span> <span class='ocrx_word' id='word_1_203' title='bbox 805 2734 984 2804; x_wconf 89' lang='lat' dir='ltr'><strong>oompertum</strong></span> <span class='ocrx_word' id='word_1_204' title='bbox 1005 2733 1051 2786; x_wconf 81' lang='lat' dir='ltr'><strong>eat</strong></span> <span class='ocrx_word' id='word_1_205' title='bbox 1068 2726 1220 2799; x_wconf 68' lang='lat' dir='ltr'><strong>mnibus,</strong></span> 
     </span>
     <span class='ocr_line' id='line_1_26' title="bbox 141 2824 1222 2904; baseline -0.001 -19"><span class='ocrx_word' id='word_1_206' title='bbox 141 2842 232 2903; x_wconf 83' lang='lat' dir='ltr'><strong>qoem</strong></span> <span class='ocrx_word' id='word_1_207' title='bbox 249 2834 360 2887; x_wconf 85' lang='lat' dir='ltr'><strong>torrere</strong></span> <span class='ocrx_word' id='word_1_208' title='bbox 376 2830 487 2903; x_wconf 78' lang='lat' dir='ltr'><strong>ignem,</strong></span> <span class='ocrx_word' id='word_1_209' title='bbox 505 2827 598 2886; x_wconf 74' lang='lat' dir='ltr'><strong>solem</strong></span> <span class='ocrx_word' id='word_1_210' title='bbox 615 2826 794 2904; x_wconf 89' lang='lat' dir='ltr'><strong>illuminare,</strong></span> <span class='ocrx_word' id='word_1_211' title='bbox 814 2829 979 2903; x_wconf 79' lang='lat' dir='ltr'><strong>germinare</strong></span> <span class='ocrx_word' id='word_1_212' title='bbox 1000 2826 1127 2903; x_wconf 58' lang='lat' dir='ltr'><strong>plenem</strong></span> <span class='ocrx_word' id='word_1_213' title='bbox 1142 2824 1222 2885; x_wconf 86' lang='lat' dir='ltr'><strong>iron-</strong></span> 
     </span>
     <span class='ocr_line' id='line_1_27' title="bbox 141 2918 1222 3001; baseline 0.001 -19"><span class='ocrx_word' id='word_1_214' title='bbox 141 2923 272 3001; x_wconf 84' lang='lat' dir='ltr'><strong>deeoere,</strong></span> <span class='ocrx_word' id='word_1_215' title='bbox 296 2923 409 2984; x_wconf 82' lang='lat' dir='ltr'><strong>ireotm</strong></span> <span class='ocrx_word' id='word_1_216' title='bbox 427 2924 524 3001; x_wconf 87' lang='lat' dir='ltr'><strong>edera,</strong></span> <span class='ocrx_word' id='word_1_217' title='bbox 544 2918 711 3001; x_wconf 77' lang='lat' dir='ltr'><strong>ceteraque,</strong></span> <span class='ocrx_word' id='word_1_218' title='bbox 737 2930 882 3001; x_wconf 73' lang='lat' dir='ltr'><strong>quotquot</strong></span> <span class='ocrx_word' id='word_1_219' title='bbox 906 2932 992 2999; x_wconf 83' lang='lat' dir='ltr'><strong>eunt,</strong></span> <span class='ocrx_word' id='word_1_220' title='bbox 1015 2938 1139 3000; x_wconf 78' lang='lat' dir='ltr'><strong>corpora</strong></span> <span class='ocrx_word' id='word_1_221' title='bbox 1160 2926 1222 2983; x_wconf 83' lang='lat' dir='ltr'><strong>aula</strong></span> 
     </span>
     <span class='ocr_line' id='line_1_28' title="bbox 142 3020 1222 3098; baseline 0.003 -18"><span class='ocrx_word' id='word_1_222' title='bbox 142 3038 276 3098; x_wconf 86' lang='lat' dir='ltr'><strong>quaeque</strong></span> <span class='ocrx_word' id='word_1_223' title='bbox 294 3022 420 3098; x_wconf 71' lang='lat' dir='ltr'><strong>gaudere</strong></span> <span class='ocrx_word' id='word_1_224' title='bbox 440 3020 629 3082; x_wconf 73' lang='lat' dir='ltr'><strong>actionibus?</strong></span> <span class='ocrx_word' id='word_1_225' title='bbox 646 3022 729 3095; x_wconf 85' lang='lat' dir='ltr'><strong>Quae</strong></span> <span class='ocrx_word' id='word_1_226' title='bbox 749 3022 864 3081; x_wconf 82' lang='lat' dir='ltr'><strong>eenatlla</strong></span> <span class='ocrx_word' id='word_1_227' title='bbox 880 3024 1058 3098; x_wconf 76' lang='lat' dir='ltr'><strong>experientia</strong></span> <span class='ocrx_word' id='word_1_228' title='bbox 1080 3024 1222 3097; x_wconf 77' lang='lat' dir='ltr'><strong>non-lpse</strong></span> 
     </span>
     <span class='ocr_line' id='line_1_29' title="bbox 141 3118 1223 3195; baseline 0 -16"><span class='ocrx_word' id='word_1_229' title='bbox 141 3134 274 3179; x_wconf 76' lang='lat' dir='ltr'><strong>awreum</strong></span> <span class='ocrx_word' id='word_1_230' title='bbox 294 3135 346 3195; x_wconf 92' lang='lat' dir='ltr'><strong>per</strong></span> <span class='ocrx_word' id='word_1_231' title='bbox 366 3135 398 3178; x_wconf 83' lang='lat' dir='ltr'><strong>se</strong></span> <span class='ocrx_word' id='word_1_232' title='bbox 416 3120 479 3178; x_wconf 80' lang='lat' dir='ltr'><strong>oola</strong></span> <span class='ocrx_word' id='word_1_233' title='bbox 502 3118 671 3194; x_wconf 76' lang='lat' dir='ltr'><strong>accipienda</strong></span> <span class='ocrx_word' id='word_1_234' title='bbox 691 3127 759 3194; x_wconf 82' lang='lat' dir='ltr'><strong>eet,</strong></span> <span class='ocrx_word' id='word_1_235' title='bbox 785 3118 837 3179; x_wconf 84' lang='lat' dir='ltr'><strong>eed</strong></span> <span class='ocrx_word' id='word_1_236' title='bbox 857 3126 944 3194; x_wconf 87' lang='lat' dir='ltr'><strong>prout</strong></span> <span class='ocrx_word' id='word_1_237' title='bbox 966 3121 1116 3178; x_wconf 80' lang='lat' dir='ltr'><strong>mmmum</strong></span> <span class='ocrx_word' id='word_1_238' title='bbox 1141 3124 1223 3179; x_wconf 88' lang='lat' dir='ltr'><strong>natu·</strong></span> 
     </span>
     <span class='ocr_line' id='line_1_30' title="bbox 141 3216 1222 3293; baseline -0.001 -16"><span class='ocrx_word' id='word_1_239' title='bbox 141 3234 192 3277; x_wconf 85' lang='lat' dir='ltr'><strong>rae</strong></span> <span class='ocrx_word' id='word_1_240' title='bbox 214 3219 314 3277; x_wconf 75' lang='lat' dir='ltr'><strong>ueneni</strong></span> <span class='ocrx_word' id='word_1_241' title='bbox 335 3219 480 3293; x_wconf 78' lang='lat' dir='ltr'><strong>iungimr,</strong></span> <span class='ocrx_word' id='word_1_242' title='bbox 502 3220 573 3292; x_wconf 82' lang='lat' dir='ltr'><strong>out,</strong></span> <span class='ocrx_word' id='word_1_243' title='bbox 595 3223 628 3276; x_wconf 90' lang='lat' dir='ltr'><strong>ot</strong></span> <span class='ocrx_word' id='word_1_244' title='bbox 650 3219 681 3275; x_wconf 91' lang='lat' dir='ltr'><strong>ln</strong></span> <span class='ocrx_word' id='word_1_245' title='bbox 704 3216 800 3292; x_wconf 83' lang='lat' dir='ltr'><strong>logion</strong></span> <span class='ocrx_word' id='word_1_246' title='bbox 826 3216 979 3293; x_wconf 72' lang='lat' dir='ltr'><strong>diximus,</strong></span> <span class='ocrx_word' id='word_1_247' title='bbox 1000 3216 1108 3277; x_wconf 71' lang='lat' dir='ltr'><strong>binum</strong></span> <span class='ocrx_word' id='word_1_248' title='bbox 1128 3216 1222 3277; x_wconf 79' lang='lat' dir='ltr'><strong>suble·</strong></span> 
     </span>
     <span class='ocr_line' id='line_1_31' title="bbox 142 3312 1223 3391; baseline 0.001 -18"><span class='ocrx_word' id='word_1_249' title='bbox 142 3321 223 3373; x_wconf 86' lang='lat' dir='ltr'><strong>etum</strong></span> <span class='ocrx_word' id='word_1_250' title='bbox 242 3331 308 3373; x_wconf 79' lang='lat' dir='ltr'><strong>eene</strong></span> <span class='ocrx_word' id='word_1_251' title='bbox 331 3330 391 3373; x_wconf 93' lang='lat' dir='ltr'><strong>non</strong></span> <span class='ocrx_word' id='word_1_252' title='bbox 415 3321 518 3390; x_wconf 87' lang='lat' dir='ltr'><strong>puteat.</strong></span> <span class='ocrx_word' id='word_1_253' title='bbox 543 3314 580 3373; x_wconf 81' lang='lat' dir='ltr'><strong>ut</strong></span> <span class='ocrx_word' id='word_1_254' title='bbox 597 3330 629 3373; x_wconf 86' lang='lat' dir='ltr'><strong>re</strong></span> <span class='ocrx_word' id='word_1_255' title='bbox 648 3312 766 3391; x_wconf 87' lang='lat' dir='ltr'><strong>quidem</strong></span> <span class='ocrx_word' id='word_1_256' title='bbox 788 3332 857 3375; x_wconf 86' lang='lat' dir='ltr'><strong>uera</strong></span> <span class='ocrx_word' id='word_1_257' title='bbox 876 3318 966 3375; x_wconf 84' lang='lat' dir='ltr'><strong>tetaeo</strong></span> <span class='ocrx_word' id='word_1_258' title='bbox 987 3316 1145 3391; x_wconf 79' lang='lat' dir='ltr'><strong>invariata,</strong></span> <span class='ocrx_word' id='word_1_259' title='bbox 1159 3316 1223 3374; x_wconf 90' lang='lat' dir='ltr'><strong>unl-</strong></span> 
     </span>
     <span class='ocr_line' id='line_1_32' title="bbox 142 3410 1222 3489; baseline 0.002 -20"><span class='ocrx_word' id='word_1_260' title='bbox 142 3410 268 3487; x_wconf 82' lang='lat' dir='ltr'><strong>iorrnle,</strong></span> <span class='ocrx_word' id='word_1_261' title='bbox 291 3418 430 3471; x_wconf 76' lang='lat' dir='ltr'><strong>nonatum</strong></span> <span class='ocrx_word' id='word_1_262' title='bbox 455 3418 486 3471; x_wconf 91' lang='lat' dir='ltr'><strong>et</strong></span> <span class='ocrx_word' id='word_1_263' title='bbox 511 3413 685 3471; x_wconf 80' lang='lat' dir='ltr'><strong>untuereelta</strong></span> <span class='ocrx_word' id='word_1_264' title='bbox 706 3414 906 3489; x_wconf 78' lang='lat' dir='ltr'><strong>experientia,</strong></span> <span class='ocrx_word' id='word_1_265' title='bbox 930 3428 989 3488; x_wconf 85' lang='lat' dir='ltr'><strong>qua</strong></span> <span class='ocrx_word' id='word_1_266' title='bbox 1013 3412 1222 3472; x_wconf 81' lang='lat' dir='ltr'><strong>determinatae</strong></span> 
     </span>
     <span class='ocr_line' id='line_1_33' title="bbox 141 3507 1225 3587; baseline 0.002 -19"><span class='ocrx_word' id='word_1_267' title='bbox 141 3509 280 3587; x_wconf 74' lang='lat' dir='ltr'><strong>allectus,</strong></span> <span class='ocrx_word' id='word_1_268' title='bbox 299 3507 503 3571; x_wconf 78' lang='lat' dir='ltr'><strong>determinatio</strong></span> <span class='ocrx_word' id='word_1_269' title='bbox 516 3509 693 3587; x_wconf 76' lang='lat' dir='ltr'><strong>qulbneden</strong></span> <span class='ocrx_word' id='word_1_270' title='bbox 715 3508 854 3571; x_wconf 85' lang='lat' dir='ltr'><strong>adbibitla</strong></span> <span class='ocrx_word' id='word_1_271' title='bbox 873 3513 982 3587; x_wconf 75' lang='lat' dir='ltr'><strong>cauete,</strong></span> <span class='ocrx_word' id='word_1_272' title='bbox 1006 3514 1088 3587; x_wconf 83' lang='lat' dir='ltr'><strong>sequi</strong></span> <span class='ocrx_word' id='word_1_273' title='bbox 1109 3512 1225 3587; x_wconf 76' lang='lat' dir='ltr'><strong>oonepl·</strong></span> 
     </span>
     <span class='ocr_line' id='line_1_34' title="bbox 142 3608 1223 3686; baseline 0.003 -20"><span class='ocrx_word' id='word_1_274' title='bbox 142 3610 257 3683; x_wconf 81' lang='lat' dir='ltr'><strong>elmoe;</strong></span> <span class='ocrx_word' id='word_1_275' title='bbox 281 3608 349 3668; x_wconf 80' lang='lat' dir='ltr'><strong>talla</strong></span> <span class='ocrx_word' id='word_1_276' title='bbox 369 3614 437 3684; x_wconf 81' lang='lat' dir='ltr'><strong>eet,</strong></span> <span class='ocrx_word' id='word_1_277' title='bbox 463 3615 498 3669; x_wconf 90' lang='lat' dir='ltr'><strong>ut</strong></span> <span class='ocrx_word' id='word_1_278' title='bbox 519 3610 681 3685; x_wconf 77' lang='lat' dir='ltr'><strong>generatim</strong></span> <span class='ocrx_word' id='word_1_279' title='bbox 705 3610 736 3667; x_wconf 94' lang='lat' dir='ltr'><strong>ln</strong></span> <span class='ocrx_word' id='word_1_280' title='bbox 751 3622 882 3685; x_wconf 81' lang='lat' dir='ltr'><strong>omnes,</strong></span> <span class='ocrx_word' id='word_1_281' title='bbox 911 3611 963 3686; x_wconf 85' lang='lat' dir='ltr'><strong>qul</strong></span> <span class='ocrx_word' id='word_1_282' title='bbox 988 3609 1223 3669; x_wconf 81' lang='lat' dir='ltr'><strong>ooeuetonaliaml</strong></span> 
     </span>
     <span class='ocr_line' id='line_1_35' title="bbox 143 3706 1224 3783; baseline 0 -16"><span class='ocrx_word' id='word_1_283' title='bbox 143 3706 330 3782; x_wconf 69' lang='lat' dir='ltr'><strong>pradudmlie</strong></span> <span class='ocrx_word' id='word_1_284' title='bbox 352 3707 459 3767; x_wconf 85' lang='lat' dir='ltr'><strong>imbuti</strong></span> <span class='ocrx_word' id='word_1_285' title='bbox 480 3722 539 3766; x_wconf 91' lang='lat' dir='ltr'><strong>non</strong></span> <span class='ocrx_word' id='word_1_286' title='bbox 561 3715 651 3783; x_wconf 81' lang='lat' dir='ltr'><strong>eunt,</strong></span> <span class='ocrx_word' id='word_1_287' title='bbox 679 3706 820 3767; x_wconf 83' lang='lat' dir='ltr'><strong>tudinium</strong></span> <span class='ocrx_word' id='word_1_288' title='bbox 843 3706 962 3768; x_wconf 82' lang='lat' dir='ltr'><strong>firmum</strong></span> <span class='ocrx_word' id='word_1_289' title='bbox 984 3706 1106 3768; x_wconf 87' lang='lat' dir='ltr'><strong>luduoat</strong></span> <span class='ocrx_word' id='word_1_290' title='bbox 1125 3708 1224 3767; x_wconf 80' lang='lat' dir='ltr'><strong>extati-</strong></span> 
     </span>
    </p>
   </div>
   <div class='ocr_carea' id='block_1_4' title="bbox 141 3845 1226 4089">
    <p class='ocr_par' dir='ltr' id='par_1_6' title="bbox 141 3845 1226 4089">
     <span class='ocr_line' id='line_1_36' title="bbox 145 3845 1225 3918; baseline -0.001 -14"><span class='ocrx_word' id='word_1_291' title='bbox 145 3845 273 3904; x_wconf 81' lang='lat' dir='ltr'><strong>attributle</strong></span> <span class='ocrx_word' id='word_1_292' title='bbox 288 3853 416 3904; x_wconf 82' lang='lat' dir='ltr'><strong>ierendunr</strong></span> <span class='ocrx_word' id='word_1_293' title='bbox 433 3858 478 3905; x_wconf 86' lang='lat' dir='ltr'><strong>eet.</strong></span> <span class='ocrx_word' id='word_1_294' title='bbox 499 3856 536 3904; x_wconf 86' lang='lat' dir='ltr'><strong>De</strong></span> <span class='ocrx_word' id='word_1_295' title='bbox 551 3852 682 3918; x_wconf 82' lang='lat' dir='ltr'><strong>epirltibna</strong></span> <span class='ocrx_word' id='word_1_296' title='bbox 696 3867 755 3903; x_wconf 81' lang='lat' dir='ltr'><strong>vero</strong></span> <span class='ocrx_word' id='word_1_297' title='bbox 770 3854 985 3905; x_wconf 74' lang='lat' dir='ltr'><strong>excellentioribus</strong></span> <span class='ocrx_word' id='word_1_298' title='bbox 1000 3854 1171 3917; x_wconf 74' lang='lat' dir='ltr'><strong>argumentum</strong></span> <span class='ocrx_word' id='word_1_299' title='bbox 1183 3850 1225 3903; x_wconf 85' lang='lat' dir='ltr'><strong>liet</strong></span> 
     </span>
     <span class='ocr_line' id='line_1_37' title="bbox 143 3932 1225 3998; baseline -0.003 -14"><span class='ocrx_word' id='word_1_300' title='bbox 143 3936 277 3985; x_wconf 67' lang='lat' dir='ltr'><strong>amori</strong></span> <span class='ocrx_word' id='word_1_301' title='bbox 297 3932 444 3986; x_wconf 78' lang='lat' dir='ltr'><strong>admotae.</strong></span> <span class='ocrx_word' id='word_1_302' title='bbox 467 3934 540 3994; x_wconf 78' lang='lat' dir='ltr'><strong>onor</strong></span> <span class='ocrx_word' id='word_1_303' title='bbox 559 3935 626 3987; x_wconf 87' lang='lat' dir='ltr'><strong>enlm</strong></span> <span class='ocrx_word' id='word_1_304' title='bbox 642 3934 801 3997; x_wconf 58' lang='lat' dir='ltr'><strong>monle</strong></span> <span class='ocrx_word' id='word_1_305' title='bbox 819 3936 903 3998; x_wconf 65' lang='lat' dir='ltr'><strong>aetat</strong></span> <span class='ocrx_word' id='word_1_306' title='bbox 923 3936 950 3985; x_wconf 86' lang='lat' dir='ltr'><strong>ia</strong></span> <span class='ocrx_word' id='word_1_307' title='bbox 969 3933 1067 3984; x_wconf 75' lang='lat' dir='ltr'><strong>natum</strong></span> <span class='ocrx_word' id='word_1_308' title='bbox 1084 3932 1150 3995; x_wconf 70' lang='lat' dir='ltr'><strong>riget</strong></span> <span class='ocrx_word' id='word_1_309' title='bbox 1164 3932 1225 3982; x_wconf 83' lang='lat' dir='ltr'><strong>inle-</strong></span> 
     </span>
     <span class='ocr_line' id='line_1_38' title="bbox 141 4012 1226 4089; baseline -0.005 -22"><span class='ocrx_word' id='word_1_310' title='bbox 141 4013 259 4078; x_wconf 73' lang='lat' dir='ltr'><strong>menos,</strong></span> <span class='ocrx_word' id='word_1_311' title='bbox 275 4014 304 4065; x_wconf 89' lang='lat' dir='ltr'><strong>id</strong></span> <span class='ocrx_word' id='word_1_312' title='bbox 323 4015 403 4067; x_wconf 83' lang='lat' dir='ltr'><strong>multo</strong></span> <span class='ocrx_word' id='word_1_313' title='bbox 421 4015 500 4079; x_wconf 70' lang='lat' dir='ltr'><strong>magle</strong></span> <span class='ocrx_word' id='word_1_314' title='bbox 517 4013 694 4079; x_wconf 58' lang='lat' dir='ltr'><strong>mmo-e,</strong></span> <span class='ocrx_word' id='word_1_315' title='bbox 712 4014 761 4066; x_wconf 78' lang='lat' dir='ltr'><strong>aial</strong></span> <span class='ocrx_word' id='word_1_316' title='bbox 775 4014 872 4078; x_wconf 82' lang='lat' dir='ltr'><strong>aliquid</strong></span> <span class='ocrx_word' id='word_1_317' title='bbox 888 4014 980 4075; x_wconf 75' lang='lat' dir='ltr'><strong>ebetat,</strong></span> <span class='ocrx_word' id='word_1_318' title='bbox 1000 4012 1159 4089; x_wconf 62' lang='lat' dir='ltr'><strong>tribunatum</strong></span> <span class='ocrx_word' id='word_1_319' title='bbox 1170 4012 1226 4063; x_wconf 79' lang='lat' dir='ltr'><strong>ortt</strong></span> 
     </span>
    </p>
   </div>
   <div class='ocr_carea' id='block_1_5' title="bbox 0 0 1457 4425">
    <p class='ocr_par' dir='ltr' id='par_1_7' title="bbox 0 0 1457 4425">
     <span class='ocr_line' id='line_1_39' title="bbox 0 0 1457 4425; baseline 0 0"><span class='ocrx_word' id='word_1_320' title='bbox 0 0 1457 4425; x_wconf 95' lang='lat' dir='ltr'><strong> </strong></span> 
     </span>
    </p>
   </div>
  </div>
 </body>
</html>
