2892 4425
237 306 276 359 to
708 306 845 353 nourcre

299 428 349 479 ti.
371 417 419 477 Ad
439 432 531 495 genus
556 418 793 505 propositionum
816 418 1044 493 oompositnrnm
1069 424 1201 481 renouari
1232 425 1321 482 etium

238 522 363 593 possunt
382 531 445 591 ene,
466 531 541 591 qune
562 513 693 573 modulor
710 521 741 573 et
759 530 835 591 pune
847 515 1034 591 exponibileo
1054 533 1073 576 n
1093 519 1254 579 dialectieis
1269 538 1321 597 up-

238 618 402 695 pelinntur:
424 612 580 689 dequibus
601 618 829 672 consentaneum
845 615 902 671 erit
921 613 1034 690 aliquid
1045 619 1214 675 summatim
1231 622 1320 679 ettin-

238 731 319 791 gere.
344 712 406 771 ium
422 726 476 787 nge
488 710 645 785 propositio
660 708 784 769 modulis
796 711 977 785 nominetur,
990 727 1069 786 qnue
1083 715 1218 771 enuntiat
1231 718 1321 775 mm

236 811 357 871 modum
380 824 439 883 quo
459 806 659 882 praedicatum
682 805 813 887 eubieeto
833 809 979 865 convenit.
1005 808 1061 866 Hie
1086 816 1185 868 uutem
1210 815 1321 885 positus

238 915 284 967 nst
309 909 341 967 in
363 905 449 964 rebus
472 910 619 979 quotuor:
645 892 833 976 moestitudo,
855 906 1075 982 eontinppntiu,
1097 906 1317 983 possibilitate,

238 1002 487 1081 imputribilitate.
510 1000 667 1077 Sequentes
682 1002 773 1075 igitttr'
792 1001 941 1064 similesne
954 1006 1173 1063 enunciationem
1189 1005 1318 1066 modulos

238 1101 439 1177 appellentur:
463 1099 553 1157 horno
575 1098 741 1155 necessario
764 1102 809 1155 est
829 1098 997 1173 rationulis3
1021 1099 1318 1177 iupiseontingenter

237 1206 282 1259 est
303 1200 422 1274 grovis3
446 1194 519 1255 aiter
532 1194 660 1253 mundns
681 1193 828 1268 possibilis
849 1199 913 1269 est,
935 1196 1113 1269 impossibiie
1132 1205 1177 1257 nst
1197 1206 1230 1258 nt
1248 1200 1320 1259 bru:

237 1300 301 1355 tum
323 1296 521 1359 ratiocinetur.
545 1291 587 1350 Ut
606 1296 703 1350 eutem
725 1294 893 1349 enunciatio
911 1293 1054 1351 eiusmodi
1078 1310 1148 1353 vern
1172 1299 1234 1372 sit,
1257 1313 1318 1356 non

238 1392 350 1451 suiiieit
363 1387 706 1467 praedicutumsuhieoto
723 1403 896 1465 congruere,
911 1390 968 1447 nisi
982 1392 1070 1449 etium
1085 1408 1120 1449 eo
1133 1393 1220 1451 modo
1238 1409 1318 1452 oom-

238 1492 318 1563 petut
339 1502 398 1562 quo
410 1486 572 1543 'usseritum
1064 1474 1070 1491 '
1143 1512 1147 1518 »

189 1633 191 1637 .
298 1584 428 1659 Denique
441 1581 615 1657 exponibiiis
628 1584 796 1641 enuntiatio
810 1588 943 1658 tomum,
953 1598 1028 1657 qnae
1041 1586 1231 1659 specietenus
1244 1587 1316 1645 sim·

238 1681 306 1757 pier
324 1686 377 1755 est,
401 1695 501 1755 reapse
520 1684 619 1737 tutem
641 1682 821 1755 compositu3
842 1680 973 1755 soletque
990 1682 1112 1755 proinde
1124 1685 1315 1759 perspieniuu

237 1781 276 1838 tis
297 1780 393 1855 grutiu
408 1779 440 1835 in
454 1760 755 1851 aperte'oomposimm
770 1778 995 1851 propositionem
1011 1782 1098 1855 verti,
1111 1795 1187 1854 quoe
1207 1779 1318 1839 ideireo

237 1876 300 1933 eius
320 1870 466 1948 exponens
482 1879 681 1947 nuncupetur.
703 1873 816 1932 Harum
835 1889 928 1949 genus
948 1876 1054 1950 triplex
1072 1880 1255 1951 potissimum
1274 1894 1318 1936 ro·

238 1978 392 2031 consetur:
417 1968 580 2045 molimina,
606 1974 770 2047 exception,
790 1970 1019 2048 reduplieottoa.
1042 1974 1143 2034 Primo
1161 1982 1206 2034 est
1223 1992 1318 2035 enun-

237 2072 338 2145 oiutio,
352 2072 399 2128 oui
414 2068 590 2127 udmisoetur
602 2069 747 2144 pertinuit
759 2068 928 2146 exuiudens,
943 2068 1112 2148 diuturni,
1127 2076 1241 2131 tontum
1254 2079 1313 2132 ete.
1431 2103 1432 2106 =

237 2174 288 2228 ut:
311 2168 390 2228 Deus
402 2170 516 2227 tuntum
533 2172 578 2226 est
597 2172 745 2226 aeternus.
772 2166 935 2242 Exponitur
949 2183 1002 2242 per
1016 2166 1094 2227 hune
1106 2171 1314 2246 oompositnm:

235 2265 314 2324 Deus
332 2272 376 2325 est
390 2272 540 2341 ueternus3
561 2271 592 2324 et
612 2282 698 2326 omne
716 2265 812 2340 uliud,
833 2264 913 2339 quod
932 2265 1011 2323 Deus
1034 2269 1169 2342 nonsit,
1192 2274 1316 2327 nonest

171 2429 179 2448 ,
236 2369 398 2422 ueternum.
418 2362 519 2422 Altero
543 2369 605 2439 est,
627 2365 675 2421 eui
695 2364 877 2421 interseritur
895 2363 1039 2437 particula
1061 2365 1208 2439 excipiens
1227 2380 1316 2439 prae·

237 2465 282 2520 ter
301 2467 357 2520 ete.
371 2477 418 2518 ex.
436 2477 481 2537 gr.
494 2476 581 2519 omne
593 2475 644 2518 ens
664 2459 803 2536 liberum,
821 2467 934 2534 prueter
947 2459 1054 2536 Deum,
1074 2467 1119 2520 est
1138 2467 1244 2520 nntnru
1261 2477 1318 2521 sne

235 2565 354 2634 peceato
377 2557 547 2616 obnoxium.
578 2557 739 2631 Exponitur
762 2573 813 2632 per
837 2557 915 2615 huuc
935 2560 1148 2632 compositum:
1171 2558 1250 2625 Deus
1269 2565 1317 2618 est
1431 2570 1432 2575 ’

234 2655 374 2730 pereundi
392 2655 519 2729 nescius,
540 2660 570 2711 et
586 2661 681 2712 oetern
702 2656 802 2711 omnin
819 2656 899 2712 entin
921 2653 1012 2712 iiberu
1030 2669 1153 2732 peomne
1176 2662 1311 2728 possunt.

234 2751 363 2811 Advorte
384 2757 494 2825 tumen,
512 2765 599 2824 saepe
619 2765 669 2824 per
683 2752 909 2825 propositionem
923 2753 1105 2826 exeeptivom
1118 2753 1161 2808 itu
1172 2747 1316 2810 niiirmnri

235 2848 359 2924 aliquid,
380 2853 491 2906 utnon
518 2845 680 2904 uiiirmetur
702 2849 867 2922 oppositum
888 2847 925 2905 de
945 2864 991 2930 re,
1006 2863 1082 2922 quoe
1095 2849 1250 2924 excipitur,
1271 2848 1316 2906 id·

234 2959 292 3020 que
314 2960 333 3003 u
355 2948 452 3001 mente
469 2941 642 3017 proferentis
665 2942 781 3019 pendet,
801 2946 853 3018 qui
873 2945 995 3019 proinde
1015 2947 1045 3001 in
1063 2945 1116 3002 tnii
1134 2961 1205 3003 eoru
1224 2953 1318 3004 semet

234 3041 381 3116 explicare
404 3045 528 3098 tenetur.
551 3038 647 3114 Atque
668 3040 698 3097 iu
722 3040 778 3098 hoo
799 3044 984 3116 potissimum
1005 3043 1136 3099 cernitur
1155 3040 1317 3100 discrimen

234 3136 323 3196 huius
343 3137 557 3194 enuntiationis
581 3127 618 3194 ub
638 3133 810 3212 eoeclurivu,
833 3153 908 3212 quae
933 3139 962 3194 vi
985 3153 1039 3196 suo
1061 3153 1174 3212 semper
1195 3144 1315 3197 contro·

234 3236 312 3292 rium
332 3233 528 3308 pruedientum
544 3236 633 3308 parti,
650 3251 740 3309 quam
755 3235 896 3309 exeiudit,
912 3237 1052 3309 impertit.
1067 3235 1168 3295 Tertio
1187 3236 1316 3310 denique

120 3384 124 3392 .
233 3347 269 3390 eu
283 3337 328 3389 est
347 3345 423 3405 quae
436 3332 580 3404 partiouin
593 3330 797 3407 reduplicatum
817 3331 958 3407 nisscitur,
980 3336 1134 3408 quotenus,
1147 3335 1258 3408 prout,
1281 3334 1320 3392 in

234 3431 378 3504 quonium
401 3433 457 3486 eiu.
476 3429 557 3489 uelut
576 3431 601 3488 si
619 3429 719 3488 diens:
741 3429 849 3504 homo,
868 3435 1013 3504 quotenus
1033 3430 1140 3506 homo,
1161 3436 1207 3488 est
1226 3428 1315 3489 iiber.
1431 3454 1432 3477 r

233 3525 397 3599 Exponitur
417 3528 476 3586 sio:
497 3527 585 3588 homo
607 3535 651 3588 est
672 3527 757 3605 iiber,
779 3534 809 3586 et
830 3525 949 3586 tibertus
968 3529 1024 3602 ipsi
1045 3530 1183 3585 oonvenit
1201 3528 1316 3586 ratione

235 3621 438 3684 humanitatis.
