2892 4425
227 346 264 397 ti
556 342 800 400 nnsoassreas
821 356 983 403 serenatis

223 468 340 540 amne,
351 481 411 525 non
423 462 526 524 nitiert
535 462 575 523 ab
586 463 743 540 atheismm
755 480 843 541 quem
858 468 888 525 in
903 465 1052 544 theologis
1067 470 1193 529 natnraii
1207 470 1313 533 wain-

170 580 176 595 ·
222 563 361 623 tabimns.
375 563 410 621 in
424 576 563 638 praesem
581 576 637 621 eos
657 564 859 639 coarguimus,
874 566 960 639 quasi
976 562 1070 623 Deum
1089 572 1123 625 nt
1135 582 1187 625 ens
1208 584 1313 630 rernm

222 668 252 721 et
269 662 398 734 existens
418 659 587 735 anmittmo,
606 658 857 735 quemadmodum
880 660 977 719 verbis
995 662 1101 721 saitem
1121 664 1311 739 profitentur.

282 756 377 817 Obiio.
399 758 452 816 ΠΙ.
475 758 701 835 Argumentaiio
719 756 875 833 desumpta
895 774 914 817 a
932 758 1213 821 mnomiictionttns
1233 780 1313 839 qaae

222 861 423 933 exsurgerent,
441 857 467 914 si
480 856 558 918 Deus
577 871 646 914 eum
664 854 776 913 mundo
796 854 1036 931 contunderetur,
1059 864 1162 917 oontsu
1179 860 1314 935 μυω-

222 960 284 1013 stas
304 955 424 1013 minime
452 953 543 1013 raim.
565 952 641 1012 Nam
661 955 720 1029 ipsi
747 952 873 1017 libenter
900 953 969 1012 iiius
988 954 1169 1033 oouoaduut3
1192 972 1246 1017 nee
1267 968 1314 1019 ta·

223 1068 290 1110 meo
303 1058 537 1111 commoventur.
553 1051 591 1111 Ei
603 1066 676 1110 sane
688 1051 790 1111 vietor
801 1050 910 1109 Gousin
923 1049 996 1109 haee
1011 1050 1110 1110 haiom:
1125 1078 1139 1103 ι
1151 1053 1311 1117 Consoiso·

226 1172 239 1198 «
263 1150 321 1209 tiae
333 1145 413 1209 Dens
426 1164 485 1207 non
499 1156 544 1209 est
563 1148 760 1209 abstractione
775 1150 880 1207 mentis
892 1148 1074 1225 exsculptus,
1094 1164 1145 1209 rex
1160 1151 1312 1215 soiitsrins

227 1274 239 1297 ι
263 1247 340 1307 nitra
360 1248 537 1310 creationem
559 1250 590 1305 in
608 1246 748 1305 thronum
769 1248 932 1305 taciturnae
955 1246 1108 1305 cuiusdam
1129 1252 1312 1311 mantuus

226 1370 238 1394 ι
263 1345 429 1421 relegatam,
450 1352 481 1403 et
506 1347 539 1403 in
563 1344 729 1404 absolutam
759 1344 966 1419 existentiam,
993 1360 1069 1419 qnae
1094 1345 1188 1404 nihilo
1211 1350 1310 1423 ponus

227 1470 240 1491 a
264 1443 454 1501 assimilatur.
479 1441 537 1501 Seii
553 1448 600 1501 est
621 1442 702 1500 Deus
727 1457 816 1500 uerus
837 1456 898 1500 una
919 1446 949 1501 et
966 1442 1065 1519 realis,
1085 1442 1249 1509 subeuntia
1267 1446 1308 1505 si·

228 1567 240 1589 a
264 1540 324 1597 moi
345 1545 375 1598 et
392 1554 494 1612 musa,
512 1553 625 1613 semper
644 1537 1009 1619 mbstantia'semperque
1031 1554 1134 1616 eausa,
1153 1556 1222 1600 eum
1245 1556 1306 1601 non

228 1663 240 1687 ι
263 1638 302 1696 sit
319 1636 503 1711 substantia,
525 1637 583 1695 nisi
606 1638 638 1694 io
661 1643 807 1711 qnantum
831 1652 933 1712 musa,
954 1643 985 1696 et
1005 1652 1095 1697 eausa
1112 1640 1142 1697 in
1161 1646 1308 1715 qnantum

228 1759 240 1783 ·
263 1732 548 1809 substentantem,
575 1748 643 1793 enm
672 1736 712 1793 sit
734 1749 825 1793 consa
850 1734 1000 1811 munta,
1025 1750 1118 1795 unum
1142 1742 1172 1795 et
1198 1736 1305 1812 muita,

228 1856 240 1880 ι
263 1831 420 1891 aeternitas
443 1837 473 1890 et
495 1822 626 1906 usipus,
644 1832 774 1905 spatium
800 1836 830 1889 et
844 1847 1005 1907 numerus,
1026 1834 1152 1891 assentio
1171 1833 1305 1911 etrite,

228 1955 240 1981 ι
262 1929 455 1989 individuitas
479 1935 509 1988 et
534 1929 682 2005 mutius,
707 1930 906 2005 principium,
930 1930 1019 2005 fluis,
1047 1936 1078 1989 et
1100 1930 1254 2007 medium,
1275 1934 1307 1991 in

96 2092 103 2107 ‚
228 2052 240 2076 ι
264 2025 383 2104 fastigio
402 2026 543 2086 reaiitaiis
564 2028 689 2103 positus,
708 2034 738 2085 et
757 2028 787 2086 in
803 2026 905 2087 infimo
926 2028 1068 2089 realitatis
1087 2026 1192 2106 gradu,
1207 2028 1307 2089 infini-

217 2146 240 2174 ··
264 2130 312 2184 tus
331 2126 440 2199 partim
458 2123 621 2201 munitus,
647 2130 795 2199 postremo
817 2125 937 2201 triplex,
959 2124 1015 2185 hoe
1040 2132 1085 2185 est
1105 2126 1193 2187 simui
1214 2126 1307 2203 neos,

228 2247 240 2272 ·
265 2229 382 2299 natura,
405 2230 437 2283 et
458 2222 630 2283 humanitas
645 2225 667 2282 ¹.
695 2247 708 2274 ι

284 2322 378 2399 iteam·
396 2323 477 2382 Dist.
499 2321 699 2382 eneconem:
720 2321 786 2381 Non
811 2321 909 2415 seim,
929 2325 954 2380 si
975 2323 1081 2381 rationi
1111 2323 1248 2383 nuntium
1273 2338 1307 2384 se

223 2421 346 2480 omnino
365 2422 479 2482 meuse
498 2420 647 2494 iatemm,
665 2417 809 2493 omiserim
830 2421 856 2477 si
879 2421 1001 2478 tatonis
1025 2418 1137 2495 aiiqnid
1160 2421 1305 2496 retinent,

161 2500 165 2509 ¹
225 2535 261 2578 ae
273 2518 395 2594 proinde
414 2520 591 2595 principium
611 2517 717 2577 saitem
740 2515 980 2576 oonuodiotions
1000 2515 1175 2592 admittunt,
1197 2533 1283 2594 aequ.

230 2666 235 2678 ,
283 2616 416 2676 Portenti
433 2616 511 2676 titius
535 2617 653 2693 patroni
674 2617 825 2675 notionem
853 2614 907 2673 Dei
923 2615 965 2674 ita
985 2611 1166 2688 detonuerit,
1193 2621 1227 2673 ut
1247 2629 1305 2673 me·

225 2718 282 2776 rito
300 2713 430 2775 ‹inbitmi
452 2715 543 2789 possit
563 2720 662 2773 utrum
686 2730 722 2773 ea
744 2727 821 2789 quae
840 2712 962 2787 dieunt,
993 2713 1068 2772 serio
1096 2709 1243 2770 affirment
1275 2718 1305 2771 st

224 2813 296 2872 (inm
317 2811 407 2871 sobrii
433 2812 513 2887 siut,
540 2827 578 2871 on
606 2813 704 2887 potins
730 2810 843 2872 indiero
866 2809 1064 2869 veiamento
1085 2823 1304 2884 prorsnspere·

183 2895 191 2909 '
216 2911 386 2987 ‘gnanntes
411 2908 524 2968 ideireo
546 2909 737 2968 diminutione
755 2915 800 2969 est
820 2924 906 2983 opus.
928 2907 1005 2968 Nam
1024 2910 1050 2968 si
1069 2913 1193 2968 oonsiat
1217 2921 1304 2966 ensa
1380 2979 1382 2984 ι

225 3012 322 3065 mente
345 3005 542 3080 peregrinam
570 3010 643 3063 tune
663 3001 792 3080 medion,
821 3011 855 3064 nt
877 3005 1027 3064 heiieboro
1047 3012 1198 3080 curentur,
1225 3002 1302 3062 tradi

224 3103 340 3163 debent.
362 3102 414 3162 Sin
435 3117 505 3161 vero
525 3104 591 3161 sani
614 3101 711 3160 adhue
733 3107 814 3178 sunt,
836 3108 865 3160 et
882 3101 987 3161 snitom
1016 3100 1242 3162 eontradiotorta
1265 3101 1304 3159 si·
1383 3107 1393 3130 ·

225 3203 287 3261 mni
303 3217 373 3261 vera
384 3215 448 3260 esse
467 3215 527 3258 non
545 3214 631 3274 posse
651 3198 828 3277 largiuntur3
844 3205 915 3258 tune
926 3196 1057 3274 proterio
1069 3196 1148 3274 opud
1164 3198 1243 3274 ipsos
1257 3213 1304 3257 ra·

225 3379 237 3400 «ι
250 3357 272 3407 si
291 3355 448 3407 eoniondono
467 3368 481 3406 e
497 3355 639 3419 sparmrono
651 3355 709 3418 ogni
731 3355 897 3419 oppositione,
914 3356 972 3418 ogni
989 3355 1117 3418 diversiti,
1131 3353 1188 3418 ogni
1208 3367 1303 3418 separa·

200 3442 205 3450 ’
226 3459 238 3482 ι
251 3438 331 3500 mone,
347 3449 418 3500 oome
434 3435 517 3500 quetis
535 3436 562 3485 di
582 3438 692 3498 suggetto
706 3449 720 3485 e
733 3435 762 3485 di
775 3437 882 3498 oggetto,
899 3434 924 3484 rii
940 3448 1027 3498 sopore
1042 3449 1055 3486 e
1072 3433 1099 3484 cii
1117 3447 1207 3497 essere,
1224 3433 1250 3483 di
1260 3435 1306 3496 spi-

226 3538 239 3563 «
253 3519 302 3569 rito
318 3533 333 3568 e
351 3517 378 3567 ni
393 3520 490 3581 notiora,
507 3517 532 3567 (i'
542 3517 623 3568 ideaie
642 3531 657 3567 e
673 3518 752 3579 Γαίος
771 3516 785 3566 e
804 3515 907 3578 dunque
924 3515 1146 3566 indivisibiimente
1163 3516 1261 3566 i'essere
1274 3514 1305 3564 ed

225 3621 237 3645 r
251 3601 270 3650 ii
289 3613 375 3664 sumre
390 3600 503 3662 assoioti,
521 3613 537 3648 o
552 3600 667 3650 i’essenra
685 3597 812 3648 ooiiettira
829 3595 855 3645 di
869 3595 1000 3647 emendae.
1021 3588 1183 3646 Ei’assoiuta
1202 3593 1305 3644 identiit

226 3701 237 3723 u
251 3679 309 3731 deii’
319 3679 398 3730 ideaie
415 3679 484 3730 edei
501 3679 575 3742 reate,
592 3679 720 3730 i’assoiuta
739 3675 899 3728 indifferentis
920 3677 960 3726 dei
981 3675 1121 3740 differente,
1142 3673 1305 3725 deii’unitte

226 3781 238 3805 ι
251 3759 318 3811 detis
334 3759 494 3824 promritus
516 3760 597 3820 i’uno,
616 3757 721 3819 innita,
741 3757 787 3808 che
802 3755 854 3806 esi
874 3757 956 3818 tempo
974 3759 1052 3808 stesso
1072 3755 1221 3818 i‘nniverso,
1238 3752 1306 3804 iato

226 3862 238 3885 a
251 3841 330 3904 tuitii,
346 3841 363 3890 ii
383 3842 458 3891 tutto.
479 3860 491 3884 υ
513 3843 665 3891 Turesim
683 3837 739 3888 ioco
754 3838 877 3900 supensos
898 3839 989 3886 citato.
1280 3891 1285 3898 ,

284 3921 383 3986 ripaei
398 3923 513 3973 nmmos
533 3923 611 3972 iirsoi
626 3931 676 3970 mor
697 3916 783 3967 ΡΜ.
799 3915 834 3966 oie
856 3915 884 3966 in
899 3915 996 3980 peston.
1019 3929 1052 3966 ea
1072 3917 1176 3966 πωπω
1196 3915 1234 3964 ais
1256 3911 1307 3962 die

227 4013 312 4052 moe
330 4000 417 4052 siecle.
