2892 4425
438 391 516 436 PARS
536 391 655 436 ΛΜΗ
675 406 686 424 ·
708 391 925 437 Μῦῧῡῑθῦῐὰ
1161 386 1219 438 ²5³

137 498 386 562 111.Pessumdat
403 505 540 560 naturam
557 503 745 578 cognitionis,
764 503 848 561 ouius
869 500 983 560 obieeta
1004 505 1168 576 petatem
1181 519 1220 563 ex

137 615 215 675 penu
233 600 356 658 rationis
378 598 518 673 eruenda,
539 615 574 657 eo
593 598 684 657 ferme
703 599 872 675 modoque
892 613 999 658 aranea
1022 615 1058 658 ex
1081 601 1148 658 siau
1166 615 1221 662 suo

137 697 256 756 deducit
281 696 380 756 teiam.
407 695 484 754 Tum
506 697 595 754 etiam
616 697 738 754 invertit
759 695 891 754 ordinem
917 695 1165 774 philosophandi,
1189 700 1221 756 in

138 809 198 871 quo
216 809 275 853 nou
293 809 312 852 a
329 793 389 852 lieo
404 792 441 850 ad
459 807 505 851 res
526 799 641 851 crenus
657 783 883 868 descendimus}
906 793 957 852 sed
978 797 1082 852 eontra
1100 809 1118 853 a
1136 793 1222 854 rebus

139 893 245 952 eruatis
263 889 301 949 ad
316 890 409 948 Deum
426 889 626 949 ratiocinando
643 892 835 966 assurgimus.
855 890 907 948 iv.
921 889 1134 964 Turpissimum
1152 905 1221 950 eon·
1261 905 1265 912 ·

139 989 214 1048 tinet
227 980 458 1061 pantheismum,
467 992 502 1046 ui
513 988 546 1044 in
559 986 743 1062 Cosmoiogia
757 987 897 1062 diximus,
915 1001 1006 1062 eoque
1021 993 1114 1045 totum
1130 1003 1221 1063 quau·

138 1090 204 1144 tum
220 1091 265 1144 esi
280 1086 500 1160 superstruitur.
513 1085 611 1156 Quare
625 1091 709 1143 tauta
726 1083 907 1144 absurditate
921 1089 1024 1159 scatet,
1039 1089 1150 1159 quauta
1170 1083 1220 1144 de·

141 1181 328 1240 iirameutnm
345 1181 420 1240 iiiud
437 1187 584 1256 turpatur.

201 1277 307 1338 lisdem
332 1278 423 1337 terme
443 1277 635 1336 iueommodis
658 1283 779 1354 urgetur
804 1278 906 1354 Hegei.
932 1278 1030 1354 Nam,
1055 1278 1081 1336 Ι.
1111 1278 1220 1338 Eodem

141 1373 218 1434 iaiso
230 1375 422 1434 fundamento
434 1375 550 1449 nititur,
560 1390 618 1449 quo
628 1391 730 1434 omnes
743 1376 953 1452 rationalium,
968 1378 1108 1436 nimirum
1121 1380 1221 1436 omnia

142 1488 261 1533 osseos
283 1472 377 1531 fundo
400 1473 520 1531 rationis
541 1471 713 1530 derivanda.
742 1472 782 1530 ll.
807 1471 945 1531 Ordinem
967 1473 1090 1532 ideaiem
1109 1480 1138 1532 et
1158 1489 1220 1533 rea·

142 1572 214 1646 ian,
232 1586 279 1629 res
297 1570 370 1629 adeo
386 1567 531 1644 dinamus,
547 1584 698 1644 perperam
713 1571 791 1628 inter
810 1585 843 1628 se
859 1573 963 1630 miscet
982 1585 1018 1630 ao
1038 1577 1222 1632 monstruosa

142 1669 231 1745 piane
248 1671 360 1727 ratione
377 1666 541 1728 uouiundit.
561 1667 616 1725 ill.
632 1666 680 1726 Ab
697 1666 774 1741 idea,
792 1683 867 1743 quae
883 1666 965 1726 uuiio
986 1669 1015 1725 in
1034 1667 1146 1728 obisoto
1160 1683 1222 1727 ver·

143 1773 224 1826 setur
243 1771 273 1824 et
294 1764 332 1823 ad
350 1764 463 1824 auitum
482 1764 644 1824 subiectum
665 1766 820 1840 pertineat,
840 1767 1016 1840 principium
1037 1765 1131 1841 duait,
1147 1779 1223 1840 quae

143 1878 215 1922 saue
232 1863 262 1920 iu
281 1861 437 1920 chimaeris
455 1860 589 1920 habenda
610 1867 665 1920 est.
685 1861 755 1920 idea
773 1863 865 1936 euim,
886 1877 954 1922 oum
975 1864 1116 1922 visionem
1133 1868 1162 1921 et
1176 1877 1222 1922 re·
1272 1844 1276 1852 ’

143 1961 406 2038 praesentationem
428 1958 485 2018 sibi
505 1959 654 2034 implicet,
675 1958 822 2018 obiectum
846 1959 986 2034 aliquod,
1012 1960 1091 2034 quod
1111 1965 1222 2035 spectat

143 2065 176 2118 et
193 2057 355 2116 subiectura
368 2059 416 2116 oui
434 2056 595 2131 inhaereat,
613 2069 715 2116 revera
731 2054 868 2130 postulat.
885 2053 937 2113 lv.
954 2053 1111 2140 rosunum
1126 2055 1223 2118 ideam

145 2154 342 2216 abstractione
360 2160 528 2231 eoneeptam
547 2169 614 2215 eam
635 2152 780 2214 obieetiva
801 2152 932 2212 realitate
951 2151 1224 2227 consedentium

145 2254 177 2311 in
196 2268 248 2311 ens
268 2252 456 2327 obsoiuturn,
480 2252 560 2327 quod
582 2254 757 2327 principium
780 2257 810 2309 et
830 2265 919 2309 eausa
940 2252 978 2309 sit
998 2256 1159 2309 murorum
1178 2266 1223 2313 re·

146 2366 226 2425 rum,
246 2352 400 2409 eonvertit.
416 2350 481 2422 Qua
497 2348 535 2409 de
553 2364 585 2409 re
600 2349 659 2409 duo
680 2350 805 2408 incurrit
827 2346 966 2407 absurda.
992 2347 1135 2423 Primum,
1147 2347 1225 2409 reale
1295 2420 1297 2423 v

146 2462 185 2505 ex
201 2446 290 2507 timii
308 2447 469 2522 exsculpit3
492 2446 619 2520 deinde,
638 2446 799 2506 realitatem
822 2448 917 2521 ipsam
939 2447 1051 2503 entium
1075 2444 1226 2504 finitorum

145 2528 314 2621 propriam,
335 2552 479 2621 quatenus
499 2543 696 2603 ohsuaotione
719 2543 845 2603 iimitem
870 2558 922 2619 per
944 2558 975 2601 se
998 2543 1164 2619 eogitatar,
1192 2544 1224 2600 iu

147 2656 201 2699 eus
222 2639 370 2700 infinitum
389 2656 441 2716 per
459 2656 493 2699 se
517 2640 690 2716 subsistens,
707 2656 812 2715 nempe
831 2640 937 2713 Deum,
955 2639 1155 2699 uansiormat.
1181 2638 1226 2697 Ex

146 2752 208 2813 quo
225 2739 359 2814 emergit,
374 2744 408 2799 ut
423 2737 599 2813 ponthaisrni
613 2745 811 2797 commeatum
830 2737 886 2797 sub
904 2752 938 2796 oa
956 2736 1052 2797 forma
1071 2740 1225 2810 restauret,

147 2833 186 2894 de
204 2851 264 2911 qua
282 2836 313 2893 in
334 2835 518 2912 Cosmoiogia
539 2836 650 2895 dietum
671 2826 726 2894 est.

124 2950 130 2959 ’
207 2931 342 3008 Deniqm
364 2932 506 2993 adversus
530 2934 639 2992 cousin
662 2932 735 2993 haee
752 2932 915 2992 atterimus.
940 2933 967 2991 li
991 2932 1078 2993 Ratio
1100 2931 1153 2991 iiia
1174 2932 1241 2989 im·'

148 3030 311 3104 personatis
332 3036 363 3089 ot
386 3046 404 3089 a
426 3029 511 3089 uobis
527 3028 687 3106 distincta,
712 3046 789 3106 quae
811 3036 910 3091 tamen
930 3031 962 3089 iu
983 3029 1067 3089 uobis
1088 3036 1228 3105 appareat

148 3133 179 3186 et
193 3127 417 3205 iuteiiigentiam
432 3130 573 3203 cuiusque
587 3130 759 3203 eonstituat,
777 3128 975 3187 ideeiistioum‘
988 3126 1143 3204 quemdam
1157 3141 1231 3201 pau·

147 3223 306 3285 theismum
324 3226 462 3300 invoivit,
480 3226 584 3284 saitem
602 3226 776 3301 iampridem
800 3225 1111 3301 explosum-Avermis
1126 3224 1163 3283 de
1180 3238 1228 3283 re·

148 3324 229 3381 tione
250 3323 410 3402 universali
433 3330 631 3383 eommentum
655 3323 854 3399 redintegrat,
883 3329 935 3382 aut
960 3322 1108 3383 chimaera
1132 3327 1179 3382 est
1200 3328 1231 3381 et

148 3422 213 3479 siue
232 3427 330 3479 ruente
349 3434 450 3479 sonus.
470 3420 519 3479 Ad
540 3437 594 3480 nos
614 3426 725 3496 autem,
746 3428 779 3479 ut
798 3422 924 3495 pertinet
939 3420 1093 3496 ¹voluntas,
1111 3422 1153 3479 ita
1166 3436 1231 3497 per-

148 3518 225 3577 tinet
243 3518 455 3593 inteiiigeutia3
474 3532 573 3593 quae,
593 3524 628 3577 ut
651 3522 736 3593 patet
753 3534 790 3575 es
814 3515 977 3593 limitibus,
1000 3532 1075 3592 quos
1093 3520 1174 3577 omui
1193 3534 1231 3579 ex

149 3621 233 3689 parte
252 3613 441 3690 manifestat,
460 3613 544 3673 iiuita
563 3619 655 3673 estet
674 3615 868 3691 contingeus3
887 3614 955 3675 lieet
976 3616 1113 3673 veritates
1133 3630 1231 3676 neum·
1281 3664 1285 3673 .

150 3799 163 3823 α
181 3780 208 3829 ia
223 3779 375 3831 mordeam.
396 3782 458 3831 ideis
478 3794 529 3843 que
546 3782 682 3832 restetiii
697 3782 768 3831 iiieu.
783 3780 866 3844 diust,
886 3795 918 3831 on
938 3782 1089 3845 hypostatise
1109 3780 1178 3841 serm
1199 3793 1233 3830 on

151 3881 163 3903 ι
181 3862 216 3911 iui
237 3862 332 3925 impoee
349 3863 374 3913 io
389 3877 448 3913 uum
469 3863 596 3926 d'absoiu;
614 3863 697 3927 quand
712 3878 745 3913 on
767 3877 798 3913 ue
815 3864 964 3928 contemplo,
987 3876 1036 3927 que
1053 3860 1171 3912 i'absoiue
1186 3862 1232 3923 pri-

154 3960 166 3982 «
184 3941 279 3991 ration.
294 3961 306 3984 a
327 3945 487 4005 nrapmeno
504 3942 537 3994 de
552 3942 721 4008 Pitiosopdie
739 3958 782 4007 par
802 3946 835 3994 ns.
848 3946 964 3995 Wrnusr
980 3940 1232 3991 rannemundus

150 4020 182 4071 de
197 4021 310 4085 i’augiais
330 4036 375 4086 par
392 4026 426 4075 ii.
439 4024 468 4074 i..
485 4026 581 4086 Peiase;
601 4022 769 4088 Philosophia
784 4024 816 4076 de
836 4023 949 4075 i’uiuoiu
970 4021 1216 4071 cousinsauetsruu.
