2892 4425
244 356 284 409 80
573 357 815 405 fflssffllcss
834 359 995 407 mcum

244 487 279 533 se
295 471 467 549 propinquis
485 474 640 531 uteorum
657 469 927 531 omnesones
946 470 1040 531 oeulis
1061 486 1121 533 non
1140 478 1326 551 nunqnam.

244 578 306 647 tur,
326 568 448 630 eonderi
471 584 507 628 ee
525 582 604 647 noyn
622 569 729 627 iterum
746 568 895 627 tunctune
912 574 944 629 st
960 568 1150 645 dispositione
1169 589 1273 635 omnes
1289 577 1326 637 ii.

244 668 326 746 bros,
341 670 395 746 qui
407 665 615 727 bibiiotbeouur
631 666 762 743 eiiqusm
775 671 893 742 ornent,
912 667 1098 743 suppeditsre
1112 678 1243 747 possent
1263 674 1326 736 Β..

243 768 339 827 tiones
352 766 490 844 denique,
498 764 606 842 quibus
623 767 729 842 utitur,
747 764 785 825 ed
797 764 875 827 beno
888 765 1007 826 demum
1019 768 1210 831 reduountur.
1224 772 1327 834 Prinos

244 864 389 925 eiemmte
405 879 561 941 eorporom
577 878 616 924 ex
633 862 700 923 sitis
715 869 851 923 eonstne
868 870 1033 943 nequeunt3
1051 882 1136 928 senus
1152 850 1213 929 non
1225 878 1328 931 essem

244 964 352 1039 primm
370 961 450 1039 Ergo
471 960 578 1021 debent
598 975 663 1020 esse
680 960 837 1037 simpiiein.
860 959 933 1022 Gom
957 978 1028 1022 vero
1048 979 1108 1024 non
1128 968 1242 1043 possint
1261 984 1326 1029 esse

244 1060 389 1137 nibilom3
409 1064 496 1120 munt
514 1060 604 1119 entis.
623 1057 704 1135 Ergo
721 1063 808 1118 erunt
825 1061 904 1119 endu
924 1060 1081 1137 simpdiois.

306 1166 356 1218 oi.
375 1155 507 1218 Tandem
524 1156 661 1234 obymine
682 1154 811 1216 enitorss
831 1155 888 1216 boo
908 1164 1038 1235 systema
1059 1166 1193 1220 tuentur:
1214 1160 1325 1239 Corpo-

244 1273 312 1319 rum
334 1256 395 1319 doo
421 1260 493 1316 sunt
517 1268 644 1331 genere:
671 1254 766 1313 mixtu
790 1254 931 1315 nimbum
956 1262 986 1315 et
1014 1257 1171 1332 simpiiets.
1195 1256 1327 1335 Corpore

244 1354 390 1431 simpiioie
405 1352 556 1427 dicuntur,
579 1366 656 1427 quse
680 1356 744 1410 erte
771 1349 906 1429 ebymies
928 1353 959 1412 in
982 1352 1040 1413 siis
1061 1368 1184 1430 eorpore
1207 1354 1325 1416 betero-

244 1466 337 1529 genee
360 1448 466 1508 resoiri
488 1454 656 1523 nequeunt,
680 1447 784 1507 soltem
814 1448 911 1509 odboe
936 1448 1064 1509 resoiuts
1083 1466 1144 1509 non
1170 1458 1265 1528 sont,
1291 1460 1327 1513 ut

244 1563 294 1607 ex.
316 1562 363 1623 gr.
383 1544 609 1624 hydropsninm.
633 1544 729 1605 biixts
746 1560 817 1605 vern
835 1548 1036 1623 nominantur,
1059 1563 1137 1624 quoe
1153 1564 1191 1609 ex
1212 1550 1326 1627 simpit-

243 1644 327 1706 eibos
346 1644 457 1703 diremi
472 1645 587 1719 generis
605 1644 784 1721 eodeseunt,
807 1650 840 1702 ot
852 1658 900 1703 er.
916 1660 962 1721 gr.
978 1648 1039 1721 sir,
1059 1662 1138 1723 equo
1154 1652 1184 1707 et
1202 1648 1323 1709 simiiis.

244 1742 308 1803 iem
321 1757 392 1802 vero
406 1755 527 1817 eorpore
541 1741 697 1817 simpiiois,
711 1743 850 1820 quonism
864 1742 965 1803 direiii
979 1750 1127 1819 nequount
1141 1745 1198 1804 nisi
1211 1748 1243 1805 in
1256 1762 1325 1821 psr·

244 1839 350 1901 tiouies
365 1840 509 1916 minores,
528 1838 622 1898 donee
639 1838 678 1899 ed
700 1840 837 1899 minimos
856 1846 975 1901 ventum
999 1842 1039 1900 sit
1060 1854 1135 1917 quoe
1154 1858 1206 1919 per
1227 1843 1326 1904 medie

243 1937 369 2015 physion
385 1935 509 1997 olenus
527 1936 675 2012 dispartiri
696 1954 755 2013 non
772 1940 903 2016 possint3
921 1954 957 1998 ex
974 1938 1022 1999 bis
1041 1944 1191 2015 umquem
1211 1956 1248 1999 ex
1266 1940 1325 2001 eie·

244 2037 352 2096 mentis
375 2039 511 2095 oonstore
528 2034 588 2094 diei
607 2033 724 2094 debent.
751 2034 815 2095 iise
833 2038 924 2112 igitur
940 2038 1260 2111 minimeepnrtieuine
1281 2038 1326 2097 ui·

244 2134 337 2195 terius
358 2149 417 2193 non
433 2131 615 2208 divisibiies,
636 2131 796 2193 moieoniee
816 2134 982 2209 primitivos
1001 2132 1048 2192 oei
1066 2135 1157 2193 etomi
1175 2134 1325 2209 eppeiisu·

194 2227 199 2236 ’
244 2242 304 2296 tur.
319 2234 416 2294 Mixto
427 2249 500 2294 sero
519 2232 662 2293 resnitem
678 2249 715 2292 ex
732 2235 841 2293 unione
856 2234 1044 2312 simpiieiom,
1060 2248 1135 2310 quoe
1148 2241 1247 2294 utrum
1264 2239 1327 2298 sint

243 2334 378 2396 divense
398 2333 504 2410 speeiei
529 2334 606 2392 teter
629 2346 662 2391 se
681 2347 721 2392 on
743 2331 864 2390 omnino
884 2331 993 2390 simtiis
1014 2331 1113 2408 quood
1134 2338 1270 2392 notorem
1295 2341 1327 2396 et

243 2433 340 2494 soium
360 2429 530 2490 differentis
548 2435 666 2506 propter
683 2434 832 2488 tenturum
852 2431 981 2506 perdum
997 2431 1028 2489 in
1044 2445 1118 2507 qnos
1133 2429 1278 2508 moute,
1297 2434 1326 2492 si
1372 2475 1377 2482 -

243 2529 342 2590 medis
361 2533 568 2606 suppeterent,
590 2528 697 2588 resoisi
721 2531 858 2603 possent3
880 2526 910 2587 id
932 2529 963 2586 in
988 2527 1113 2605 physion
1132 2544 1192 2588 noo
1209 2534 1254 2588 est
1274 2529 1326 2590 sd-

243 2625 304 2688 bno
323 2624 520 2703 espioremm.
546 2623 601 2685 Vis
625 2623 751 2701 denique
776 2625 949 2700 quantem
973 2623 1170 2703 homogeneee
1194 2627 1325 2686 inrioem

239 2724 440 2803 oopuientnr,
465 2720 594 2782 omnino
617 2721 818 2796 moiseninris3
841 2733 877 2780 es
899 2737 994 2798 vero,
1018 2737 1078 2796 qun
1097 2723 1187 2782 noomi
1207 2721 1323 2784 betero-

244 2837 352 2899 genem
371 2824 527 2896 uniuntur,
549 2819 679 2879 eitinitus
696 2819 833 2898 ebymiee
855 2821 1035 2880 nominetur.

304 2916 509 2997 Argumenta,
535 2917 642 2992 quibus
664 2924 794 2992 systema
818 2917 874 2978 boe
897 2917 1102 2995 persuadetur,
1127 2920 1184 2978 trin
1206 2919 1327 2993 potissi·

244 3030 326 3077 mum
339 3030 404 3075 esse
416 3013 564 3074 videntur.
579 3013 724 3092 Primum,
739 3016 809 3091 quie
826 3017 857 3075 in
875 3015 962 3075 rebus
980 3015 1165 3076 sensibilibus
1182 3015 1324 3078 eundum

243 3120 289 3175 est
304 3113 516 3190 experientine3
533 3113 713 3188 experientis
730 3120 827 3174 noum
847 3129 906 3174 non
925 3113 1007 3174 eiind
1023 3113 1119 3190 donet,
1136 3114 1194 3173 nbi
1214 3113 1325 3174 resoiu·

241 3214 352 3272 tionem
371 3212 531 3270 mixtorum
551 3211 581 3268 in
602 3210 749 3285 simplicio
766 3217 795 3270 et
817 3212 995 3288 simplicium
1015 3213 1047 3271 in
1067 3219 1165 3287 pertus
1183 3213 1324 3272 minores.

243 3308 395 3386 Sseondo,
420 3309 490 3386 quis
512 3322 563 3385 per
588 3324 620 3368 se
643 3307 755 3369 snibeit
779 3309 818 3370 ed
845 3309 1045 3386 phoenomena
1064 3308 1211 3385 qnnebbet
1234 3309 1327 3386 expli·

242 3407 348 3470 enode
373 3407 494 3484 Tertio,
518 3409 587 3483 onie
608 3423 675 3468 oum
693 3408 754 3467 duo
774 3423 897 3483 eorpore
914 3407 1058 3484 simpiioiu
1080 3407 1119 3467 sd
1139 3410 1267 3467 mixtum
1286 3405 1329 3466 ei-

243 3506 432 3568 iormondom
453 3509 529 3568 inter
554 3523 586 3567 se
610 3510 774 3583 uniuntur,
799 3507 913 3583 pondus
934 3507 1063 3582 nemoris
1087 3509 1173 3567 mixti
1198 3521 1326 3582 sequere

242 3607 421 3681 oonspioitnr
443 3621 590 3666 summam
611 3604 772 3682 ponderum
795 3604 912 3665 iliorum
934 3603 1123 3681 simplicium.
1146 3603 1191 3663 iix
1209 3619 1269 3680 quo
1283 3605 1327 3662 in·

244 3703 337 3763 intur
351 3703 472 3764 eundem
487 3704 683 3767 subeundam
703 3719 772 3764 oum
787 3703 888 3764 eodem
902 3705 1070 3781 quontitate
1089 3716 1210 3764 monere
1226 3703 1258 3761 in
1273 3701 1327 3760 mi·

242 3808 316 3878 xio,
337 3817 413 3880 quoe
433 3803 516 3879 prins
535 3809 598 3864 oret
618 3804 649 3862 io
670 3800 864 3878 simplicibus.
