2892 4425
216 366 255 419 oe
474 304 479 309 ¹
543 364 784 411 mereremur
804 365 964 411 sreomnrs

215 482 279 540 eins
299 478 499 538 uomentem
519 472 663 550 euedeut,
686 490 788 535 verum
807 476 896 535 etiem
916 474 1011 535 meite
1030 482 1101 537 eunt
1114 480 1301 556 qnooipdu

215 576 377 635 noritutern
397 575 546 632 eriueunt.
569 570 698 632 literne
716 572 789 648 quid
810 572 892 633 eiiud
911 574 968 633 nisi
989 573 1119 635 hominis
1138 580 1301 639 novitatem
1402 656 1406 663 ,

215 671 375 732 ostendunt
392 671 521 746 origines
537 670 743 745 imperiorum,
763 668 998 746 immistionum,
1020 670 1214 750 populorum,
1229 690 1302 751 quo·

216 784 282 827 rum
308 767 369 826 iere
382 768 519 825 omnium
542 766 684 841 exordio,
707 768 911 843 incremento,
937 767 1153 829 vicissitudines
1176 769 1301 833 deduire

215 867 286 927 iicet
304 872 336 925 et
356 866 514 923 enerrnrei
535 864 612 937 Quid
631 863 709 937 opud
733 865 869 939 antiques
891 872 992 939 gentes
1012 868 1144 939 paucitas
1169 869 1299 943 eppiiou-

213 966 329 1023 tiouum
346 964 555 1038 principiorum
576 961 764 1020 retinentium
786 960 831 1019 vei
851 964 1030 1036 experientia
1046 946 1300 1039 corrigendorum?

216 1060 312 1119 Immo
330 1076 401 1119 vero
419 1059 491 1136 qnid
510 1059 675 1133 eiipuermu
697 1059 862 1133 notionum,
881 1075 1006 1134 querum
1025 1076 1084 1119 non
1104 1061 1227 1122 diffloiie
1247 1080 1297 1123 ox·

215 1161 409 1235 perimentum
429 1162 505 1232 eret,
518 1156 688 1216 omnimode
706 1172 827 1231 prorsus
845 1156 923 1233 epod
939 1164 1050 1217 veteres
1065 1160 1227 1235 ignorarint
1241 1162 1298 1221 Te-

215 1255 253 1316 ii'e
279 1262 325 1315 ert
350 1258 455 1315 noddo
481 1254 519 1314 de
543 1270 618 1313 rone
638 1254 751 1313 torridu
776 1253 953 1329 hubitebiii,
983 1255 1061 1331 quod
1084 1258 1173 1315 etiem
1198 1256 1298 1319 Ovidii

214 1360 345 1429 tempore
361 1352 571 1430 tguorehetur3
587 1351 625 1410 de
642 1350 739 1428 rigum
757 1351 871 1411 teiiuris
888 1354 919 1410 in
937 1368 970 1411 ee
990 1352 1139 1429 redeunte,
1152 1355 1231 1429 quod
1251 1356 1297 1415 vei

214 1454 281 1527 ipsu
296 1452 386 1512 Toiiii
404 1454 500 1509 eetete
517 1455 568 1508 eut
586 1451 650 1524 vix,
671 1456 724 1509 eut
744 1466 782 1510 oe
800 1450 849 1509 rix
869 1450 987 1525 quidem
1008 1458 1188 1525 oumpertum
1211 1459 1298 1530 eret3

215 1549 253 1609 de
273 1547 445 1624 antipodum
462 1549 630 1622 existentia,
648 1563 728 1622 quoe
744 1547 782 1607 ed
799 1554 931 1623 tempore
951 1548 1035 1607 nobie
1053 1548 1210 1608 edmodum
1230 1566 1298 1625 pro·

214 1648 326 1723 pinque
343 1644 493 1721 diepntete
513 1650 578 1720 ert3
604 1650 693 1721 etque
712 1646 771 1703 uiis
795 1645 947 1704 eiusmodi.
971 1645 1074 1705 Nonne
1092 1646 1165 1705 bueo
1183 1650 1298 1723 generis

215 1742 337 1803 hument
357 1744 453 1818 primo
470 1743 639 1818 intertium,
657 1742 763 1801 deinde
784 1742 1021 1817 adolescentium,
1040 1750 1118 1802 oerte
1137 1750 1299 1820 ortempe-

214 1840 380 1901 teiueiunti
396 1839 474 1915 Quid
493 1840 599 1916 piurei
620 1841 758 1900 inventio
777 1846 806 1899 et
826 1843 1005 1900 ineremente
1024 1843 1132 1900 ortium
1153 1849 1182 1901 et
1203 1846 1298 1903 soien-

213 1940 340 2015 tierum,
354 1953 480 2014 querum
495 1939 569 1997 eiiee
586 1953 644 1996 non
664 1937 737 1997 odeo
754 1940 873 2001 remotis
889 1937 1068 2013 temporibus
1087 1940 1203 2012 penitus
1217 1942 1300 2016 iguo-

83 2024 87 2032 ’
214 2041 312 2112 ruine,
332 2037 477 2096 recentius
494 2036 624 2095 detentee
640 2042 729 2111 sont,
747 2036 822 2095 eiiee
840 2035 926 2095 rudes
946 2034 1106 2095 edmodum
1125 2051 1184 2095 uon
1204 2037 1298 2097 mutto

165 2184 170 2189 .
214 2141 285 2194 ente
300 2134 441 2210 peuietim
465 2133 503 2192 ed
520 2132 726 2209 perfectionem
748 2134 836 2191 etiem
859 2149 938 2191 nune
955 2140 985 2191 et
1005 2133 1180 2208 pedetentim
1201 2133 1295 2193 eddo·

213 2240 337 2308 enntur3
355 2234 426 2291 setis
442 2247 587 2307 superque
604 2233 719 2307 generis
736 2230 871 2306 humeri,
885 2247 920 2289 ee
942 2231 1063 2306 proinde
1080 2231 1181 2292 mundi
1203 2233 1296 2306 ipsius

213 2331 266 2406 qui
284 2345 338 2405 pro
352 2328 412 2388 dne
428 2329 579 2388 homiuem
598 2327 702 2403 hebet,
721 2329 863 2404 originem
883 2343 940 2386 uon
962 2328 1048 2388 modo
1066 2345 1125 2408 oon
1145 2333 1294 2388 oeternum

213 2428 265 2488 sed
283 2429 371 2488 etiem
392 2443 451 2488 non
472 2427 631 2487 edmodum
645 2432 798 2486 uetustum
819 2442 883 2486 esee
901 2426 1063 2486 deciment.

274 2526 338 2586 Eoo
355 2533 560 2604 argumentum
578 2527 634 2601 ipsi
651 2525 798 2600 Lucretio,
816 2525 932 2600 Epicuri
949 2525 1139 2584 deiiremeute
1156 2526 1292 2600 secund,
1401 2561 1410 2570 ·

214 2626 277 2684 rim
299 2625 388 2701 ierit,
409 2627 461 2701 qui
481 2623 603 2700 proinde
620 2627 664 2683 sie
682 2639 788 2684 neuere
805 2641 862 2682 non
886 2624 1050 2682 dubitavit:

301 2768 446 2822 Praeterea
467 2766 491 2822 si
514 2765 594 2822 nuile
616 2765 671 2822 iuit
693 2765 824 2838 genitalis
846 2765 925 2837 origo

300 2855 397 2910 Terrei
415 2862 444 2910 et
465 2853 536 2910 coeli
558 2871 722 2927 semperque
743 2863 857 2911 aeterua
881 2853 976 2923 fuere,

300 2942 358 2999 Cur
377 2957 462 3014 supre
481 2942 586 2999 beilum
607 2943 773 3000 Thebanum
795 2953 823 2999 et
846 2942 944 2999 iuuere
965 2943 1064 3000 Troiae

301 3031 364 3087 tion
383 3031 453 3088 eiius
475 3031 524 3088 eiii
542 3047 653 3104 quoque
676 3048 720 3088 res
740 3033 865 3090 eeoioere
886 3031 1000 3105 pedire?

300 3121 365 3193 Quo
388 3128 431 3178 tot
450 3119 522 3177 iente
545 3118 636 3176 virum
654 3122 738 3179 toties
756 3121 897 3179 cecidere?
915 3137 967 3180 nee
986 3137 1105 3194 usquam
1199 3140 1202 3146 ·

302 3211 430 3269 Aeternis
448 3209 538 3268 iemee
559 3211 751 3268 monumentis
769 3211 875 3286 iuoiyie
898 3211 1019 3270 dorent?

299 3302 424 3368 Verum,
445 3305 479 3356 ut
498 3298 618 3371 opinor,
640 3298 725 3357 hebet
743 3301 894 3358 novitatem
915 3315 1026 3359 summu
1049 3313 1202 3374 recensque

299 3391 405 3446 Notene
426 3396 469 3446 est
490 3387 601 3457 muudi,
621 3404 712 3462 neque
734 3388 841 3462 pridem
863 3390 974 3449 exordia
998 3389 1098 3462 eoepit.

298 3479 393 3552 Quiete
408 3479 494 3536 etiem
518 3475 657 3551 quaedem
681 3493 758 3536 nuno
778 3486 852 3536 ertes
872 3479 1062 3552 expoliuntur,

299 3560 383 3624 Nune
402 3567 488 3625 etium
509 3575 678 3640 augescunt3
700 3583 777 3625 none
796 3565 892 3624 addite
913 3568 1033 3641 navigiis
1057 3575 1126 3626 suut

298 3657 404 3724 Mulie3
427 3654 510 3713 modo
529 3655 655 3730 organici
676 3656 790 3713 meiieos
813 3671 942 3728 peperere
963 3663 1113 3715 senoreti:

273 3803 368 3881 Atque
389 3803 443 3864 hoe
463 3803 541 3880 quod
562 3819 599 3863 ex
619 3802 741 3861 historie
769 3805 832 3859 tum
854 3802 980 3878 positive
1000 3805 1062 3861 tum
1084 3802 1219 3879 negetive
1240 3799 1287 3888 de·

212 3904 452 3979 monstravimus,
466 3904 605 3962 seientiee
621 3899 769 3961 naturales
790 3899 1063 3992 mire-confirment.
1085 3898 1160 3959 Num
1175 3915 1211 3960 en
1226 3913 1292 3975 geo·

273 4021 336 4068 iiie
357 4019 463 4068 intera
482 4027 572 4066 rerum
591 4014 633 4064 tib.
646 4021 669 4075 5,
691 4026 715 4061 r.
739 4019 784 4062 ert
802 4015 827 4061 et
847 4025 899 4074 son.
