2892 4425
218 391 300 480 ἨΒ
568 395 786 440 ΙΠΔΡῙΠΒΙΩΔ
807 395 981 438 GBNBMUS

245 513 305 564 rate
323 478 491 581 progressus
511 511 575 579 est,
603 510 636 562 nt
655 504 788 563 etneisnei
816 519 916 564 numm
945 503 1050 563 exinde
1073 504 1220 564 Aristoteii
1237 506 1301 582 (qui

245 610 322 663 uerte
340 601 396 661 hac
414 607 483 660 nota
500 602 578 660 inuri
595 600 709 676 nquit)
722 599 821 659 datam
841 600 947 659 dixerit
969 603 989 660 ¹.
1007 599 1157 660 Consimili
1176 602 1236 672 iere
1260 620 1308 663 ra·

244 703 322 761 done
347 701 493 761 Cartasim
513 713 614 760 causas
637 697 740 757 iiueiea
769 697 900 757 coneedit
927 697 1059 773 quidem,
1082 705 1113 756 at
1135 699 1246 759 nuiium
1270 717 1306 760 ex

244 803 314 875 ipsis
338 801 449 859 desumi
475 813 559 874 possa
581 801 784 873 argumentum
807 799 836 854 in
864 795 949 856 rebus
976 795 1157 855 naturalibus
1174 800 1309 874 opinatus

244 905 307 973 est3
337 903 486 972 propterea
514 893 592 971 quod
621 893 713 968 tinea,
740 909 813 969 quos
840 893 916 953 Deus
937 895 967 951 in
990 883 1091 952 'rerum
1120 895 1310 955 universitate
1353 972 1355 980 Ι

244 994 387 1053 molienda
407 993 525 1068 habuit,
538 993 601 1051 siue
617 994 779 1072 temeritate
793 993 959 1068 investiget!
973 998 1119 1068 nequeunt
1131 997 1156 1052 ².
1178 991 1309 1054 iiiterius

242 1092 366 1168 Spiuoza
391 1093 550 1166 prooessit,
578 1105 737 1166 musasque
762 1089 864 1148 iinaiss
888 1103 940 1148 ceu
969 1089 1119 1150 homiuum
1145 1100 1308 1152 commenta

241 1197 375 1249 naturam
391 1189 550 1248 evertentia
564 1189 675 1263 sprevit
691 1190 824 1264 ⁸;·qnam
844 1189 1015 1247 senoeutiam
1033 1191 1205 1248 recentiores
1230 1189 1307 1249 athei

241 1305 347 1365 magna
379 1289 567 1346 consensione
594 1293 791 1361 susceperunt.
817 1285 944 1362 Exque
973 1287 1031 1344 iam
1056 1285 1179 1363 intelligi
1213 1293 1308 1362 potest

240 1392 306 1446 utra
325 1387 423 1461 opinio
442 1384 540 1443 iaceat
559 1383 711 1443 atheismu.

299 1482 346 1543 nd
366 1481 420 1540 iios
439 1481 585 1540 cavendos
609 1495 739 1555 errores,
766 1483 908 1557 principio
935 1481 1059 1542 dicimus
1079 1497 1182 1542 musas
1203 1481 1308 1542 finaies

240 1598 298 1640 nou
316 1597 381 1638 esse
400 1579 612 1638 commentitias
627 1577 677 1638 sed
700 1579 808 1656 renies3
828 1579 914 1656 idque
934 1585 967 1640 ut
985 1587 1092 1657 puteat,
1107 1587 1153 1640 sat
1171 1587 1309 1642 cutmen·

239 1683 277 1739 tis
297 1680 388 1737 aciem
417 1677 455 1736 ad
483 1679 636 1752 nosipsos
667 1683 854 1754 uomumque
874 1677 1012 1753 operandi
1036 1677 1152 1738 mudum
1180 1677 1306 1738 flectere.

239 1779 357 1851 Quoties
376 1761 455 1834 enim
480 1781 513 1834 ut
532 1775 686 1834 rationales
703 1776 837 1852 ammes,
857 1789 968 1850 semper
993 1774 1032 1834 ab
1051 1775 1149 1851 aliquo
1175 1775 1309 1835 bonoad

212 1927 216 1938 .
239 1873 382 1952 mum
397 1873 560 1949 allicimur,
575 1872 655 1950 quod
672 1870 835 1932 octonibus
852 1874 959 1932 uostris
976 1875 1214 1951 praestituamus3
1230 1889 1309 1933 meu·

238 1974 332 2050 daque
360 1975 497 2047 impotem
524 1971 658 2030 ducimus
685 1975 774 2046 ento,
794 1971 844 2046 qni
867 1974 975 2030 temore
995 1968 1165 2046 nullumque
1186 1986 1308 2046 scopum

239 2070 294 2130 sibi
314 2085 476 2146 proponens
497 2069 692 2145 operationem
706 2067 884 2145 aggreditur.
904 2065 989 2128 Unde
1005 2067 1079 2128 iliud
1098 2067 1308 2130 effatumtstt·

235 2171 347 2248 ptentis
369 2172 414 2253 cst
429 2183 515 2246 opere
532 2171 656 2246 propter
663 2167 770 2244 stnemi

299 2266 383 2343 Quod
400 2282 469 2327 vero
494 2282 531 2325 en
553 2265 612 2325 dns
634 2280 652 2325 a
672 2266 733 2325 Deo
756 2264 840 2325 rebus
861 2268 967 2327 means
987 2268 1178 2343 praestituto,
1200 2268 1307 2343 optimc

238 2370 351 2429 desumi
373 2369 466 2443 possit
485 2368 560 2427 ratio
572 2365 610 2425 ad
631 2380 677 2429 res
690 2366 778 2424 mam
797 2364 935 2442 physicas
954 2363 1142 2441 explicandas
1161 2365 1308 2425 illustrau-

238 2469 357 2543 dasquc‚
369 2465 517 2525 euidenter
530 2455 614 2540 putet*
623 2463 818 2523 consideranti
833 2462 936 2538 Deum
948 2470 1048 2539 utpote
1061 2465 1306 2539 sapientissimum

237 2574 267 2625 ct
279 2583 338 2626 uon
350 2582 388 2625 ex
402 2566 564 2623 temeritate
579 2561 630 2620 sed
642 2576 679 2620 ex
695 2560 889 2638 intelligentia
908 2568 1086 2637 operantem,
1102 2560 1242 2621 direxisse
1261 2576 1307 2621 ras

237 2662 380 2742 quaslibet
401 2662 438 2721 ad
458 2660 547 2720 duem
567 2674 627 2718 non
650 2658 737 2717 modo
756 2658 966 2736 universalem,
989 2674 1091 2719 vetum
1112 2662 1200 2719 etiam
1220 2674 1307 2735 pecu·

237 2764 338 2822 iiarcm
363 2766 393 2819 et
415 2760 563 2834 proprium
585 2756 778 2834 singularum.
804 2755 895 2816 Porro
919 2756 950 2815 hi
974 2756 1048 2817 dues
1073 2759 1128 2816 etsi
1150 2757 1307 2833 aliquando

237 2876 291 2918 uos
312 2858 520 2931 iatsnt,·saepe
547 2860 644 2913 tamen
671 2853 851 2913 manifestari
871 2862 995 2929 possunt
1014 2860 1043 2915 ct
1065 2872 1165 2933 reapse
1184 2856 1306 2915 manife-

238 2962 352 3015 stantur
372 2953 417 3012 vei
438 2968 475 3011 ex
495 2952 644 3026 principiis
664 2951 868 3027 naturalibus,
892 2952 937 3011 vei
960 2956 1007 3013 ex'
1021 2956 1166 3013 constanti
1192 2962 1306 3015 creatu·

238 3070 336 3114 rarum
362 3051 545 3127 operatione,
569 3050 616 3107 rei
636 3066 672 3109 ax
693 3052 821 3125 ipsarum
841 3056 1005 3127 structura,
1031 3052 1077 3111 vai
1100 3052 1304 3131 dispositione,

238 3152 284 3212 vei
308 3150 419 3209 ordine.
443 3148 516 3207 Fine
536 3153 632 3206 auteur
653 3152 824 3226 perspecto,
848 3147 889 3206 nii
912 3148 1015 3208 meiius
1036 3148 1137 3208 haberi
1157 3156 1250 3225 potest
1270 3167 1306 3210 au

237 3252 331 3327 magis
349 3247 514 3308 conducens
534 3246 571 3305 ud
589 3247 703 3322 pienum
725 3249 920 3324 coguitionem
941 3262 1062 3323 eorum,
1082 3262 1236 3324 quaerero
1262 3254 1306 3309 at·

237 3352 330 3408 tinent
351 3351 381 3406 iu
404 3362 463 3423 qua
482 3346 610 3422 cognitio
630 3352 774 3405 versatur.
794 3344 838 3405 nx
862 3344 922 3405 tine
943 3348 1020 3405 euim
1041 3344 1181 3405 iudicium
1200 3344 1306 3420 pendet

296 3575 305 3616 t
324 3568 362 3617 Dc
378 3569 476 3630 Dicant
486 3570 522 3617 ‘st
536 3568 689 3629 Anpmcntis
703 3567 881 3615 scientiumm
894 3578 918 3615 e.
930 3570 954 3616 t.

292 3654 307 3697 t
322 3666 334 3690 ·
346 3649 384 3697 ita
394 3648 500 3711 denique
517 3648 598 3699 nutias
612 3659 721 3710 uuquam
738 3648 844 3697 rationes
862 3648 927 3697 eirea
944 3660 982 3696 ree
998 3646 1146 3697 naturaieea
1160 3646 1218 3708 tine,
1232 3660 1306 3709 quem

234 3752 244 3769 «ι
259 3732 324 3779 Dens
336 3731 381 3779 aut
399 3730 487 3779 natura
501 3728 549 3779 eiiii
561 3727 689 3792 proposuit
706 3726 875 3789 desumetnos3
888 3726 946 3789 quia
961 3740 1011 3777 nou
1026 3729 1121 3777 tantum
1132 3726 1249 3777 debemus
1262 3738 1304 3775 no

236 3831 247 3850 «
264 3809 301 3859 bis
318 3823 444 3874 nrogara,
462 3812 491 3860 ut
510 3811 563 3861 cius
576 3808 734 3859 consiliorum
749 3806 881 3871 participes
898 3820 942 3857 uos
954 3820 1007 3858 essa
1020 3810 1147 3871 putemus,
1164 3806 1207 3855 sed
1228 3806 1309 3869 ipsum

236 3910 248 3931 κ
263 3892 291 3937 ut
300 3903 397 3941 eausam
409 3890 552 3942 efficientem
570 3902 653 3939 rerum
665 3889 776 3938 omnium
788 3887 970 3938 considerantes
980 3890 1026 3937 ete.
1042 3908 1053 3929 n
1068 3890 1156 3938 Princ.
1167 3885 1235 3949 piil.
1249 3899 1265 3948 p
1285 3888 1305 3945 i,

235 3984 302 4018 num.
319 3979 357 4021 ts.

294 4059 307 4099 a
326 4052 410 4103 titinio,
426 4053 488 4113 part.
509 4058 530 4108 1,
544 4048 647 4111 append.
664 4048 695 4097 ad
710 4062 779 4110 prop.
798 4056 834 4096 ant

1419 3392 1433 3425 Ι
