2892 4425
231 353 287 403 174
555 358 794 401 ΙΙΊΔΡΗΒΙΕΔΕ
815 360 975 403 meluis

228 475 307 528 oerte
325 467 417 527 libera
434 482 494 527 non
510 473 571 544 est,
585 483 620 527 ea
637 470 715 527 noim
731 472 761 527 iu
779 469 914 545 obiectis,
931 474 1018 545 pmut
1035 484 1066 529 se
1085 470 1233 549 citerani,
1252 475 1302 535 de-

228 564 360 642 tegendis
373 566 420 624 vel
437 564 600 625 iudicandis
615 573 759 627 vantur.
783 568 816 626 ln
833 566 1021 627 rolltionlbus
1040 584 1125 643 vero,
1140 586 1207 629 cum
1225 572 1305 632 obic-

229 668 309 723 etum
334 665 525 739 proponitur,
551 678 668 723 necesse
691 664 823 740 prolecto
848 671 892 725 est
917 672 950 723 ut
970 666 1108 727 voluntas
1132 670 1227 742 ipsum
1254 672 1301 729 rel

228 768 348 837 appetet
366 763 412 821 vel
431 770 549 837 respuat
567 762 613 821 rel
628 764 743 822 consilii
763 762 895 837 capiendi
916 762 1154 823 deliberationem
1167 766 1300 826 diflerat.

227 858 364 936 Aliquem
383 862 473 937 igitur
493 868 590 921 actum
614 861 693 919 ilileo
711 862 793 936 gigni
815 876 930 919 necesse
951 867 1005 919 est.
1028 862 1111 934 Quod
1136 866 1160 919 si
1182 862 1302 923 libertas

228 959 259 1015 in
278 974 313 1015 eo
330 963 471 1034 ponatur,
486 958 566 1033 qood
585 956 700 1015 dnobus
720 960 875 1032 propositis
896 958 980 1017 bonis
1001 960 1173 1035 alterutrum
1195 961 1303 1036 eligere

227 1056 373 1131 integrum
393 1056 433 1113 eit
447 1057 608 1130 volontati3
623 1054 654 1113 id
667 1058 755 1114 etiam
773 1054 879 1113 falsum
895 1062 1024 1130 apparot.
1048 1056 1123 1116 Nam
1138 1056 1209 1115 haec
1224 1056 1303 1116 bona

228 1154 374 1213 velarunt
393 1154 543 1230 aequalia,
559 1154 606 1213 vel
622 1153 800 1228 inaequalia.
820 1152 852 1212 Si
868 1152 1033 1229 inaequalia
1052 1154 1208 1230 dicuntur,
1222 1155 1302 1229 quod

226 1254 324 1311 miuus
343 1256 389 1310 est
408 1252 476 1327 eligi
498 1268 516 1309 a
536 1252 687 1311 volontate
707 1267 767 1310 non
787 1258 901 1327 potesl3
923 1268 1007 1311 secus
1027 1252 1099 1311 haec
1117 1268 1175 1311 nou
1197 1256 1228 1310 in
1250 1252 1301 1311 bo-

226 1364 297 1408 num
318 1349 369 1408 sed
390 1351 420 1407 ln
442 1350 550 1407 malum
573 1348 707 1407 lerretor.
731 1348 781 1407 Sin
802 1356 888 1409 eruut
908 1351 1060 1425 aequalia,
1081 1350 1159 1425 quod
1179 1348 1301 1407 dililcile

226 1444 306 1505 lactu
318 1452 373 1521 est,
384 1445 526 1521 quaedam
541 1446 702 1506 exstabunt
715 1448 746 1505 ln
760 1462 936 1522 unoquoque
952 1445 1069 1505 homine
1082 1446 1300 1523 dispositiones,

227 1559 303 1618 quae
321 1546 384 1601 eius
403 1524 572 1601 electionem
593 1543 840 1604 determinabant.
863 1545 952 1604 Nulla
974 1551 1018 1603 cst
1038 1546 1128 1621 igitur
1148 1546 1225 1603 aetio
1248 1560 1301 1603 vo·

226 1639 348 1699 lunmtls
368 1640 470 1699 libere.
493 1641 623 1717 lienique
643 1642 681 1701 ad
702 1650 799 1703 motus
821 1649 956 1701 externos
976 1643 1054 1718 quod
1075 1644 1194 1718 attinet,
1210 1642 1241 1699 hi
1262 1642 1301 1700 ab

226 1736 352 1813 impulsu
366 1738 526 1798 voluntatis
539 1739 709 1814 procedunt.
733 1740 810 1817 Ergo
825 1738 907 1799 liberi
925 1756 988 1799 esse
1002 1755 1059 1798 non
1074 1746 1206 1815 possunt.
1230 1738 1301 1797 Nol-

225 1833 273 1895 lus
291 1838 382 1911 igitur
400 1840 433 1895 lu
453 1836 574 1895 homine
593 1844 639 1896 est
658 1844 742 1898 actus
762 1838 847 1897 liber.

284 1932 376 2009 Besp.
396 1932 445 1992 Ad
464 1936 608 2009 primum,
622 1934 700 2010 quod
717 1937 776 2009 ait,
791 1934 947 1993 dicendum
965 1940 1011 1993 est
1030 1935 1224 2009 coguitionem
1241 1948 1299 1991 non

225 2046 288 2090 esse
307 2032 429 2091 liberem
448 2032 546 2108 quoad
567 2034 693 2108 speciem
712 2038 743 2091 et
761 2034 933 2091 exercitium
959 2038 1060 2107 aelus,
1081 2031 1199 2106 quando
1221 2029 1299 2089 oble·

224 2135 305 2188 etum
319 2132 374 2189 rite
386 2134 567 2205 proponitur.
592 2134 631 2189 At
644 2129 736 2188 libero
758 2130 887 2205 prolecto
899 2136 944 2187 est
956 2129 1054 2204 quoad
1073 2128 1298 2203 applicationem

225 2229 319 2302 ipsam
340 2228 488 2287 inculcetis
505 2235 535 2285 et
554 2229 723 2286 attentionis
743 2227 878 2303 gradum.
901 2226 1018 2302 Optime
1037 2228 1114 2284 enim
1135 2231 1230 2301 potest
1251 2241 1301 2284 vu-

225 2324 323 2384 luntas
341 2326 605 2385 considerationem
626 2328 732 2384 meotis
752 2326 790 2384 ab
808 2325 922 2384 oblecto
938 2326 1088 2400 proposito
1108 2339 1230 2384 avocare
1246 2333 1300 2384 aut

222 2437 327 2486 oeneus
339 2424 378 2482 ad
390 2423 463 2482 illud
478 2424 712 2500 percipiendum,
728 2427 752 2482 si
768 2423 874 2482 sensile
888 2429 948 2498 est,
964 2438 1022 2480 non
1038 2421 1205 2497 adiungere.
1221 2422 1297 2480 Tum

223 2523 313 2581 etiam
332 2527 428 2596 potest
440 2523 630 2581 attentionem
652 2523 742 2579 animi
758 2520 795 2579 ad
809 2535 902 2578 uuum
925 2520 1021 2594 potius
1034 2535 1123 2594 quam
1136 2518 1216 2578 aliud
1230 2533 1298 2576 oon·

203 2617 413 2678 xsiderandum
433 2619 567 2693 flectere,
581 2634 706 2694 eamque
727 2617 771 2676 vel
793 2621 823 2676 iu
844 2633 904 2676 uno
921 2615 1143 2691 contemplando
1163 2617 1300 2692 colligere

223 2715 270 2774 rel
291 2718 322 2774 io
343 2717 429 2792 plura
440 2715 615 2792 dispergere.
638 2715 715 2792 lirgo
729 2717 782 2774 etsi
797 2717 925 2791 cognitio
944 2717 1056 2772 ratione
1070 2717 1114 2800 sul
1132 2713 1222 2772 libera
1239 2729 1297 2772 nou

222 2815 280 2889 sit,
300 2829 387 2888 saepe
405 2820 503 2872 mmen
529 2814 620 2872 libera
642 2820 687 2872 est
710 2816 824 2872 ratione
847 2812 1024 2885 volunlatls3
1047 2827 1064 2869 a
1084 2827 1143 2886 qua
1166 2813 1196 2868 in
1219 2816 1297 2870 statu

222 2909 391 2968 rellexiouls
409 2927 444 2968 eo
466 2910 570 2986 modo,
592 2927 678 2986 quem
700 2910 848 2983 diximus,
871 2907 987 2983 pendet.

283 3006 418 3089 Alterum
439 3024 509 3065 vero
530 3008 609 3082 qnod
630 3009 730 3084 addit,
748 3009 926 3068 contrarium
946 3007 1066 3066 omnino
1086 3005 1200 3080 probat.
1222 2989 1303 3063 Nam

222 3106 267 3181 sl,
287 3107 435 3179 proposito
458 3104 558 3180 bono,
579 3105 718 3164 voluutas
742 3104 866 3182 eligendi
891 3105 935 3162 vel
962 3102 1113 3180 respuendi
1135 3109 1187 3161 ant
1209 3105 1297 3161 etlam

222 3201 393 3261 electionem
417 3199 573 3260 dillerendl
593 3203 653 3259 rim
678 3201 767 3261 hebet
791 3202 992 3278 (quodetiam
1014 3201 1122 3260 falsum
1145 3207 1208 3276 est,
1230 3215 1298 3258 nam

223 3303 318 3374 potest
335 3315 353 3357 a
370 3303 475 3375 quovis
494 3305 562 3357 octn
581 3314 612 3356 se
628 3301 829 3375 temperare),
851 3307 929 3359 certe
946 3299 1024 3375 quod
1041 3313 1131 3357 unum
1150 3314 1185 3356 ex
1205 3295 1299 3354 tribus

222 3393 280 3454 illls
296 3395 402 3473 iactat,
421 3397 450 3456 ld
468 3413 506 3456 ex
526 3399 591 3456 eius
607 3396 715 3472 pendet
734 3397 888 3456 arbitratu.
912 3397 974 3455 Hoc
995 3402 1109 3471 autem,
1127 3402 1160 3453 ut
1177 3396 1299 3470 quisque

196 3479 320 3569 uidet,
341 3509 428 3554 usum
451 3495 594 3554 libertatis
613 3497 765 3569 importat.

280 3591 405 3650 Domum
424 3592 462 3651 de
482 3595 599 3667 optione
617 3595 694 3651 luter
712 3593 772 3651 duo
790 3592 866 3650 bona
887 3591 969 3650 ilnlta
988 3592 1107 3652 evidens
1126 3606 1297 3666 responsum

221 3693 276 3747 est.
299 3687 375 3749 Nam
395 3693 458 3750 sive
477 3698 511 3750 ut
532 3691 665 3766 aequalia
687 3693 750 3750 sive
770 3696 803 3750 ut
827 3692 993 3766 inaequalia
1012 3695 1229 3764 proponantur,
1247 3703 1297 3746 vo·

222 3785 320 3845 luntas
339 3801 393 3862 pro
409 3787 502 3847 lubitu
520 3786 566 3846 vel
590 3794 746 3863 utrumque
767 3788 912 3846 dimittere
934 3789 979 3846 vei
999 3788 1171 3847 alterutrum
1192 3786 1298 3862 eligere
1362 3819 1366 3824 -

141 3931 149 3940 .
221 3889 335 3960 potest,
355 3885 472 3944 etiamsi
494 3885 617 3943 interius
639 3901 702 3943 esse
723 3892 906 3946 contueatur.
929 3884 1029 3961 Neque
1052 3886 1083 3943 in
1106 3884 1162 3942 laoo
1187 3882 1297 3941 malum

222 3984 349 4059 appetit,
366 3983 509 4058 siquidem
528 3981 602 4041 lllnd
619 3981 738 4060 deligit,
754 3996 812 4041 non
830 3985 900 4057 quia
919 3982 1041 4042 inierlus
1060 3982 1151 4042 altero
1168 3984 1228 4055 est,
1246 3977 1297 4038 sed
