2892 4425
246 393 283 445 18
669 398 906 445 Plssliffl'ioss!

244 514 394 585 uersatur,
415 511 519 587 altera,
541 514 642 586 utputo
657 511 781 571 sclerum
795 514 920 571 naturae
933 524 1100 586 corporeae,
1122 510 1329 587 poemorum

243 607 345 668 mundi
359 607 564 685 adspectablils
576 624 736 684 eorumque
749 609 827 685 leges
841 610 1013 684 investigat.

303 705 445 783 Reliquae
463 722 536 765 uero
548 706 698 782 scientim,
718 722 796 782 quac
811 708 981 782 angustiore
994 703 1108 765 circulo
1126 708 1328 784 continentur,

244 808 274 863 et
288 820 347 863 nou
362 809 421 862 tum
437 803 583 889 generalis
597 806 754 879 principis,
767 819 856 879 quam
873 805 972 879 potius
984 802 1142 861 eorundem
1157 804 1329 879 applicatio*

244 916 296 959 nes
308 907 338 959 et
350 902 442 977 magis
455 906 590 961 concreta
610 917 645 960 an
665 900 826 977 peculiaria
839 900 953 959 oblecta
965 903 1136 976 respiciunt,
1157 918 1196 960 ex
1211 902 1329 963 adstru-

245 999 300 1057 ctis
312 1014 365 1057 ocu
379 1014 416 1057 ex
430 998 511 1058 ioutc
524 999 613 1058 rivuli
626 998 732 1059 deduci
746 1005 890 1074 possunt,
910 1000 1019 1074 quippe
1032 1014 1069 1057 ex
1086 1001 1124 1058 iis
1136 1015 1207 1058 snas
1220 1000 1327 1059 uitales

245 1095 325 1155 ideas
339 1102 369 1155 et
381 1098 537 1173 praecipua
551 1098 700 1157 axiomata
713 1102 896 1155 mutuantur.
913 1095 973 1169 Sic,
992 1102 1026 1154 ut
1037 1095 1214 1172 quibusdam
1227 1112 1327 1156 meru·

244 1192 301 1268 piis
314 1200 392 1271 utar,
409 1193 539 1254 Politice
553 1210 604 1253 seu
619 1194 742 1251 scientis
752 1192 977 1252 administrandi
990 1178 1213 1268 rempublicam,
1229 1193 1328 1255 Iuris·

238 1291 403 1368 prudentio
416 1309 468 1352 seu
481 1294 579 1369 legum
593 1291 765 1365 disciplina,
785 1306 823 1349 eu
840 1291 943 1349 morali
958 1290 1161 1367 philosophia,
1183 1291 1262 1349 unde
1274 1307 1326 1351 su·

243 1398 329 1449 munt
348 1392 502 1465 principia,
516 1389 697 1448 derivantur.
716 1388 864 1447 Botouleo
882 1403 936 1447 seu
956 1392 1078 1449 scicutla
1098 1389 1326 1465 vegetabilium,

245 1484 389 1562 Zoolopio
402 1502 453 1545 seu
466 1488 589 1545 scientia
602 1488 813 1563 animantium,
832 1502 849 1545 e
867 1486 997 1563 Physica
1009 1488 1173 1547 dimanant.
1189 1486 1328 1547 detone-
1435 1473 1436 1506 l

141 1576 148 1595 ¹
244 1584 306 1642 mlo
326 1589 355 1642 et
375 1580 568 1657 Mectoulco,
596 1588 696 1658 utpote
715 1600 752 1641 ex
772 1582 917 1659 Physicae
939 1600 975 1643 ac
997 1584 1138 1645 Mathesls
1150 1582 1330 1644 -uoooutnus

245 1679 451 1755 coalescentes,
468 1680 506 1739 ab
523 1679 627 1740 iisdem
646 1681 807 1757 disciplinis
824 1682 1060 1757 proficiscuntur.
1436 1751 1437 1774 χ

310 1784 360 1836 tt.
382 1776 519 1853 Superest
538 1784 571 1837 ut
590 1778 627 1836 de
647 1781 769 1856 optimo,
790 1782 841 1854 qul
859 1781 890 1837 iu
908 1782 980 1855 ipsis
997 1782 1147 1840 tradendis
1165 1779 1330 1840 serrandus
1436 1805 1437 1864 ]

245 1880 291 1934 est
308 1873 394 1951 ordo,
415 1875 527 1951 aliquid
541 1876 731 1953 eloquamur3
752 1878 803 1953 qui
817 1880 872 1937 etsi
893 1880 1016 1937 maximi
1035 1882 1174 1937 momenti
1186 1881 1246 1954 sit,
1267 1894 1330 1938 nou

248 1988 350 2048 purum
371 1979 469 2032 tomen
490 1988 507 2031 a
528 1974 673 2049 plerisque
693 1974 841 2035 turbatur.
869 1974 916 2034 Ad
937 1978 1042 2034 vitium
1064 1976 1120 2035 lunc
1139 1975 1328 2051 cavendum,

248 2069 320 2130 haec
337 2086 407 2146 prae
421 2070 513 2130 oculis
526 2072 629 2147 regula
644 2070 779 2131 nubenda
794 2078 851 2131 est.
874 2072 922 2155 lia
937 2072 1109 2150 disciplina,
1131 2090 1209 2149 quoe
1227 2072 1269 2132 od
1281 2090 1331 2133 ee·

248 2174 325 2229 leros
339 2168 458 2247 diripit,
475 2169 523 2230 oei
536 2186 575 2230 eu
588 2186 648 2248 quo
662 2169 744 2231 oliae
758 2173 913 2249 principio
931 2189 987 2232 suo
1001 2176 1187 2246 momontur,
1206 2172 1331 2249 praeire

246 2267 343 2328 dedet.
366 2267 455 2328 Cuius
468 2271 614 2346 praecepti
635 2273 793 2330 necessitas
809 2273 932 2348 emergit
950 2287 987 2328 ex
1002 2285 1049 2346 eo,
1069 2270 1150 2345 quod
1163 2286 1248 2329 secus
1267 2271 1332 2328 erl·

244 2366 365 2441 dentia,
386 2369 521 2443 sineque
535 2367 616 2427 nulia
632 2375 677 2428 est
690 2371 834 2445 scientia,
856 2385 875 2427 a
894 2367 1065 2454 notionibus
1077 2367 1232 2441 exularet,
1252 2382 1330 2442 quas

244 2465 382 2526 discendo
397 2468 613 2542 consequimur.
630 2465 695 2525 Nou
712 2469 792 2527 enim
806 2469 986 2527 consectaria
1001 2467 1160 2526 intellectui
1176 2465 1330 2525 euidenter

245 2571 342 2640 patere
356 2571 496 2640 possunt3
512 2567 569 2624 nisl
584 2571 670 2623 auten
683 2568 842 2641 priuclpla,
857 2566 935 2624 uude
947 2565 1063 2640 fluunt,
1081 2572 1168 2639 atque
1181 2579 1236 2639 eo,
1251 2577 1331 2638 quae

245 2661 346 2718 ordine
366 2661 567 2736 praecedunt,
586 2660 666 2720 clare
685 2663 844 2721 notuerint.
870 2661 914 2720 Ex
934 2676 995 2736 quo
1014 2660 1101 2719 tactio
1120 2639 1177 2719 er'it
1196 2659 1331 2724 iudicare

245 2773 404 2833 quamnam
423 2756 608 2832 disciplinam
629 2759 741 2832 praeire
760 2763 912 2832 oportent,
932 2772 1081 2832 unamque
1099 2757 1250 2833 subsepui.
1272 2758 1330 2818 Lo-

246 2858 313 2931 m'co
326 2855 426 2930 enim,
440 2869 517 2930 queo
530 2855 561 2912 ln
577 2869 611 2912 eo
625 2859 688 2928 est,
703 2860 738 2913 ut
749 2853 926 2913 documenta
938 2853 1056 2928 trudat,
1076 2852 1185 2927 qulbus
1199 2870 1281 2914 uncus
1295 2857 1331 2914 iu

247 2933 370 3011 veritate
383 2951 561 3026 capessenda
579 2957 697 3027 regatur
716 2966 877 3026 rerumque
890 2967 908 3010 a
922 2949 998 3010 ialso
1010 2955 1161 3025 secernat,
1175 2948 1257 3008 lnaud
1274 2950 1332 3012 du·

245 3051 326 3109 bium
340 3056 397 3126 est,
411 3051 483 3125 quin
498 3054 566 3107 ante
582 3049 708 3128 reliquas
722 3050 851 3126 prueclpl
867 3048 982 3109 debcm.
1003 3047 1062 3122 Qui
1077 3050 1155 3108 enim
1171 3046 1234 3124 liet,
1248 3053 1282 3106 ut
1296 3050 1329 3108 in

247 3146 361 3207 dllllclll
383 3147 420 3206 ad
440 3147 601 3206 ineundum
622 3146 811 3207 scientiarum
830 3146 905 3206 colle
924 3149 1045 3222 impune
1057 3144 1248 3222 gradiamur,
1268 3147 1331 3206 ulsl

248 3247 329 3322 prius
343 3247 463 3305 semitas
476 3244 546 3304 iiiuc
560 3244 721 3322 ducentes,
736 3246 846 3322 quidve
859 3247 891 3304 in
903 3246 1008 3304 itinere
1021 3242 1174 3303 erundum
1188 3284 1197 3319 ,
1219 3243 1333 3319 quidve

246 3343 425 3420 sequendum
440 3344 490 3419 sit,
511 3341 603 3418 probe
615 3343 808 3402 noverimus?
828 3341 964 3402 Proiecto
978 3343 1101 3401 scientla
1118 3355 1195 3416 quae
1208 3340 1334 3400 mudum

247 3440 420 3517 procedendi
445 3441 531 3500 docet
550 3455 734 3500 communem
754 3439 891 3500 omuibus
912 3441 1059 3512 scientiis,
1086 3444 1155 3497 aute
1174 3437 1247 3496 allas
1268 3443 1332 3496 tra·

247 3539 354 3598 cienda
373 3545 429 3599 est.
449 3538 589 3614 Apposlie
601 3537 803 3614 Augustinus:
822 3563 835 3588 «
852 3537 1004 3610 Quomodo
1018 3539 1093 3596 ratio
1113 3535 1337 3595 adollamim.

251 3661 263 3686 α
283 3635 378 3694 canda
390 3638 540 3712 transiret,
551 3637 608 3694 uisi
622 3639 704 3711 prius
719 3653 789 3696 suas
800 3637 916 3713 regulos
926 3641 957 3694 et
970 3639 1135 3712 praecepto,
1145 3636 1230 3710 quasi
1243 3646 1333 3707 quae·

251 3759 264 3785 ι
280 3734 348 3793 dam
364 3734 598 3794 machinamento
612 3734 816 3811 distingueret,
830 3740 957 3810 noiomi,
973 3734 1125 3810 dirigeret,
1139 3731 1333 3807 proderetque

251 3857 264 3881 «ι
281 3835 374 3906 ipsam
397 3832 603 3910 disciplinam,
624 3849 713 3908 quam
735 3833 917 3894 dialecticam
941 3834 1073 3892 vocanti
1094 3830 1174 3890 Haec
1191 3828 1275 3887 docet
1287 3826 1334 3884 di-

252 3955 264 3978 «
281 3945 383 4006 scere,
403 3933 434 3990 iu
454 3930 510 3990 hac
524 3947 556 3990 se
571 3933 644 3990 ratio
661 3932 862 4007 demonstrat,
883 3947 960 4008 quae
979 3934 1042 4006 stt,
1063 3928 1135 4005 quid
1149 3927 1240 4000 uelit,
1259 3925 1334 4004 quid

254 4053 265 4078 ι
284 4026 397 4104 voleat3
419 4027 481 4090 sola
496 4030 559 4090 rull
573 4032 695 4091 scientes
711 4031 823 4106 lacere,
838 4045 891 4089 nee
905 4029 1000 4088 solum
1016 4027 1092 4102 ruit,
1113 4025 1165 4084 sed
1177 4027 1264 4086 etiam
1279 4037 1333 4096 po-
