2892 4425
454 373 532 417 rans
552 370 670 415 aaran
690 386 703 399 ·
721 348 938 415 murronoo'u
1178 368 1231 420 iss

156 482 285 560 singull,
308 482 359 558 qul
380 479 461 541 illam
483 480 634 557 mallant,
655 480 902 557 quemadmodum
926 496 1057 541 seorsum
1077 484 1230 567 existunt,

157 580 199 639 ita
220 591 352 639 seorsum
372 584 546 654 operantur:
564 585 594 637 et
611 578 679 637 lieet
696 580 862 655 congeriem
887 594 976 639 unam
994 578 1170 657 silormant3
1186 586 1230 643 ta·

157 690 223 735 meu
244 678 385 752 notiones,
406 692 480 751 quas
500 676 632 752 eliciunt,
653 678 870 737 eommunieare
890 692 957 737 eum
979 676 1045 738 allis
1063 684 1230 755 nequeunt,

156 774 208 833 sed
223 776 345 850 quiaque
365 788 449 833 susm
476 773 631 834 dumtaxat
651 776 810 849 experitur.
867 839 873 853 .

218 870 382 947 Praeterea,
404 887 459 939 nos
477 873 667 947 eogitatlones
688 877 805 931 nostras
826 873 870 930 sle
886 871 1040 948 elicimus,
1059 878 1093 932 nt
1114 888 1163 933 eas
1185 876 1230 933 lu·

157 970 251 1027 rioem
271 968 474 1043 ooniernrnus,
496 974 583 1044 atque
602 967 770 1027 earumdem
790 968 966 1043 discrimen,
986 968 1230 1046 similitudinem,

157 1065 311 1125 relationes
331 1066 502 1125 iudicemus.
527 1065 561 1124 ld
575 1082 645 1125 uero
665 1080 752 1125 omne
771 1080 829 1124 non
847 1066 940 1125 solum
958 1068 1051 1143 exigit
1068 1073 1101 1126 ut
1118 1068 1231 1144 eogita-

156 1166 251 1223 tiones
272 1163 337 1222 iliae
359 1162 461 1223 eodem
486 1168 616 1238 tempore
636 1162 823 1239 habenulam
846 1161 896 1221 sed
922 1162 1008 1223 etiam
1040 1168 1073 1222 ut
1092 1178 1181 1224 unam
1203 1170 1233 1224 et

156 1261 497 1337 simpileemrealitatem
517 1260 659 1319 alliciant.
683 1258 772 1319 Seeus
792 1262 816 1319 si
839 1259 999 1324 subiectum
1023 1264 1054 1321 in
1078 1277 1138 1338 quo
1164 1264 1234 1321 reei-

156 1359 290 1434 piuntor,
313 1373 393 1416 mma
412 1359 539 1433 partium
554 1356 734 1415 admixtione
754 1362 881 1432 mustat3
894 1357 975 1417 nulla
990 1356 1144 1418 habebitur
1163 1372 1233 1417 sera

156 1455 309 1531 identitas,
337 1454 374 1514 nd
404 1470 492 1531 quarn
513 1453 600 1513 simul
621 1456 805 1531 pertineant,
828 1462 857 1515 et
883 1471 901 1514 a
926 1471 985 1531 qua
1010 1456 1097 1515 simul
1123 1457 1230 1532 perelpi

155 1556 279 1630 possint.
313 1552 413 1612 Partes
439 1554 516 1611 enim
541 1552 721 1629 materiales,
750 1559 784 1612 ut
814 1568 865 1629 per
896 1569 927 1613 se
950 1558 1050 1630 patet,
1075 1551 1232 1612 distinctae

155 1657 245 1727 sunt,
266 1658 354 1727 atque
375 1650 440 1723 ideo
455 1666 506 1725 per
526 1666 557 1709 se
585 1652 700 1710 nonnisi
727 1656 760 1709 ut
784 1649 936 1711 distinctae
960 1652 1074 1728 operari
1099 1657 1228 1727 possent.

154 1748 252 1823 Quare
273 1750 303 1807 ln
327 1763 361 1807 ea
384 1746 540 1824 hypothesi
556 1747 586 1805 ld
606 1747 684 1823 quod
708 1764 856 1824 unapars
879 1751 1051 1825 perciperet,
1069 1748 1127 1808 alia
1147 1749 1231 1825 igno·

156 1851 257 1920 rarat,
279 1852 440 1920 neutraque
465 1844 568 1904 ambos
591 1847 818 1922 eomparatlouis
845 1849 985 1906 termmos
1012 1848 1230 1907 internosoeret.

155 1943 235 2020 Ergo
258 1944 283 2002 si
309 1945 426 2003 interna
449 1944 629 2018 experientia
652 1946 833 2003 eontrarium
855 1942 939 2002 nohis
962 1942 1072 2019 dietat,
1092 1944 1230 2001 nimirum

154 2040 274 2117 aliquod
295 2057 387 2099 unum
409 2041 544 2116 idemque
566 2044 596 2099 io
618 2040 703 2099 nohis
728 2056 791 2099 essa
812 2042 986 2115 principium
1008 2038 1045 2098 ad
1063 2038 1142 2115 quod
1161 2038 1232 2097 alle·

129 2140 265 2198 *etiones
278 2138 346 2197 illue
358 2154 460 2197 omnes
479 2144 508 2197 et
526 2144 609 2197 aetus
628 2138 805 2214 referuntur,
822 2138 975 2212 ipsumque
988 2139 1118 2195 animum
1140 2136 1232 2193 uomi-

155 2252 272 2312 namus3
286 2237 448 2312 simplioem
462 2253 525 2296 esse
539 2237 670 2294 animum
690 2242 721 2294 et
741 2237 867 2312 partium
889 2235 1008 2294 omnino
1021 2239 1169 2309 expertam
1189 2232 1232 2292 ln·

154 2336 211 2394 teri
230 2333 381 2394 dehemus.

216 2431 295 2491 ldem
320 2433 457 2491 eonvinei
485 2438 580 2506 potest
606 2448 644 2491 ex
672 2431 849 2508 reflexione,
878 2446 966 2507 quam
995 2431 1111 2490 animos
1143 2444 1233 2504 supra

154 2531 284 2606 seipsum
303 2537 428 2590 exeroet.
457 2529 535 2590 Vera
564 2532 641 2589 enim
668 2529 788 2590 reflexio
813 2531 845 2589 iu
867 2545 898 2588 re
927 2531 1087 2604 composita
1114 2528 1233 2602 reperiri

154 2642 215 2686 non
236 2634 341 2702 potest.
363 2628 398 2687 ln
423 2629 585 2703 oomposito
606 2629 685 2686 enim
711 2628 813 2704 nequit
833 2624 909 2686 idem
934 2627 964 2686 in
991 2627 1117 2702 seipsum
1142 2622 1231 2684 ileeti.

155 2722 204 2784 Sle
223 2741 272 2784 ex.
293 2741 338 2801 qr.
359 2741 426 2786 eum
444 2725 564 2786 ehartne
584 2725 687 2787 lolium
707 2726 845 2802 plicatur,
864 2740 1024 2801 numquam
1040 2723 1140 2783 eadem
1164 2737 1234 2799 pars

154 2821 187 2878 in
211 2824 337 2897 seipsam
362 2823 458 2899 radit;
483 2823 535 2882 sed
558 2824 650 2884 nitere
673 2823 802 2883 deetltor
824 2839 913 2900 snpra
939 2823 1038 2883 ailam.
1062 2819 1163 2900 'Atque
1191 2821 1234 2881 ita

155 2917 274 2994 quidem
301 2919 427 2978 aldum
453 2920 483 2979 ld
512 2920 588 2998 ilat,
616 2924 697 2998 prior
724 2921 843 2980 chartae
867 2919 1060 2981 oonlormatio
1087 2927 1117 2981 et
1137 2919 1233 2998 figura

153 3031 275 3091 prorsus
295 3018 447 3075 amittatur
472 3033 606 3095 novaqrm
628 3025 768 3096 exsurgat
795 3021 922 3096 partium
946 3019 1107 3096 dispositio.
1139 3019 1235 3092 Quare

154 3113 182 3171 si
210 3111 313 3172 lolium
341 3113 414 3174 iliud
443 3117 623 3176 eonscientis
648 3116 813 3193 frueretur,
842 3117 912 3176 dum
940 3117 1125 3177 reflexionem
1152 3132 1233 3193 pera·

154 3215 255 3286 garet,
276 3225 427 3287 nunquam
446 3214 572 3288 priorem
589 3215 635 3272 sui
654 3213 899 3275 modificationem
920 3217 1089 3292 attingeret,
1110 3213 1161 3272 sed
1183 3227 1234 3272 no-

155 3320 224 3365 vam
244 3307 395 3384 indueret;
416 3324 504 3385 quam
522 3316 556 3369 ut
571 3309 706 3386 deinceps
724 3327 777 3387 per
797 3311 982 3372 reflexionem
1003 3313 1177 3388 perciperet,
1197 3309 1236 3369 oh

154 3405 287 3464 eamdem
309 3410 451 3467 rationem
475 3411 611 3484 exueret,
631 3413 719 3482 atque
739 3407 973 3484 ideonunquam
994 3408 1031 3467 ad
1052 3409 1162 3468 exitum
1184 3407 1236 3467 de·

154 3504 280 3562 veniret.
303 3502 360 3581 lt,
385 3506 565 3582 utquisque
592 3504 649 3564 sihi
676 3511 722 3565 est
745 3507 898 3581 conscius,
924 3508 1037 3582 integer
1065 3507 1182 3566 anlmus
1206 3508 1237 3566 in

154 3601 284 3676 seipsum
305 3601 402 3678 redit,
424 3616 553 3678 suasque
576 3618 678 3662 omnes
698 3601 927 3662 modidouloues
951 3602 1107 3664 reflexione
1129 3605 1238 3680 optime

152 3698 284 3774 atdngit.
319 3699 401 3772 Quae
429 3699 547 3776 quidem
579 3699 831 3775 modificationes,
858 3697 928 3759 dum
956 3707 1040 3760 aetus
1070 3699 1238 3760 reflexionls

153 3801 316 3870 exeroetor,
341 3813 399 3855 non
422 3797 510 3856 modo
531 3813 589 3858 non
608 3803 799 3873 evanescunt,
820 3797 870 3857 sed
888 3800 977 3858 etiam
997 3797 1155 3857 viridiores
1172 3813 1239 3856 eon-

153 3893 365 3969 stantioresque
385 3893 565 3954 alliciuntur.
584 3893 660 3971 Ergo
681 3909 740 3952 non
762 3896 953 3970 compositus,
975 3891 1027 3954 sad
1047 3893 1169 3970 simplex
1193 3899 1239 3953 est

156 3988 285 4048 animus.
