2892 4425
348 403 426 446 nans
445 401 558 446 manta
579 415 592 430 ·
612 399 794 444 nnnonoart
817 399 993 444 annuntiis
1149 394 1205 446 sta
1316 387 1322 397 '

131 512 212 590 quoti
232 513 369 589 quamvls
388 512 520 571 honitate
540 511 639 588 aliqua
661 514 793 587 constet,
815 517 913 569 tamen
936 497 1064 569 maxime
1088 525 1208 587 propen-

132 625 199 670 sum
211 612 250 669 sit
263 608 301 668 ati
314 608 442 668 maium:
464 611 496 666 in
517 608 574 666 hoo
588 610 677 666 eiiam
699 621 786 666 sensu
808 605 1048 666 absurdissimum
1062 623 1124 668 esse
1138 625 1207 668 con·

132 709 271 766 vincitur.
286 706 362 764 liam
374 721 428 764 ens
441 721 459 764 a
473 704 556 765 nulia
575 705 750 780 medactum
772 719 871 778 causa,
887 703 939 762 sed
958 707 1121 764 necessario
1141 712 1170 765 et
1190 721 1207 765 a
1261 776 1263 782 7

132 805 328 879 coexistens,
350 802 487 862 omnibus
505 801 732 877 perfectionibus
752 803 858 860 instrui
877 806 1002 877 oportet3
1024 803 1209 877 quemadmo-

133 900 203 960 dum
221 915 316 976 nuper
335 900 489 976 probatum
511 905 566 958 mi.
583 901 682 972 Quare
699 914 759 958 non
779 898 866 956 modo
890 897 997 956 bonnm
1018 915 1080 972 esse
1102 899 1208 977 debet,

132 1013 236 1056 rerum
255 999 343 1056 mam
357 1012 473 1056 suntme
498 996 661 1071 praeditum
680 996 821 1055 bonitate.
845 995 1024 1070 Principium
1045 1011 1114 1072 ergo
1135 997 1209 1056 iliud

136 1095 193 1151 erit
207 1094 300 1152 simui
321 1108 436 1152 summe
455 1095 566 1152 maium
586 1101 617 1153 et
636 1109 750 1154 summe
770 1093 896 1169 bonum,
913 1092 995 1169 qnod
1014 1093 1208 1154 contradicto-

136 1192 213 1249 rium
226 1207 291 1250 esse
308 1207 395 1250 nemo
414 1195 473 1250 non
494 1189 585 1258 sidu.
816 1197 818 1200 ’
1145 1212 1148 1220 ’

193 1288 347 1350 Accedant
370 1289 429 1348 huc
455 1291 583 1350 rationes
605 1305 728 1365 omnes,
757 1288 863 1364 quibus
890 1294 993 1347 contra
1018 1289 1209 1364 poiytheistas
1293 1349 1298 1368 f
1418 1303 1424 1314 ¹

134 1386 220 1462 ptura
239 1387 318 1445 entia
337 1389 500 1446 necessaria
519 1393 634 1446 exstare
653 1402 712 1445 non
734 1401 818 1461 posse
838 1387 1077 1472 monstravimus.
1094 1383 1150 1445 Sed
1171 1385 1210 1445 ad

134 1484 257 1543 niteram
276 1484 493 1560 disceptationis
512 1491 625 1560 partem
644 1485 809 1542 veniamus.

194 1581 298 1656 ltaque
315 1581 472 1642 abaciam
492 1580 576 1640 iliam
594 1579 781 1657 hypothesim
801 1595 896 1654 neque
915 1579 970 1654 ipsi
991 1578 1134 1640 maiorum
1155 1584 1210 1641 ori·

97 1740 102 1746 ,
136 1679 197 1753 pini
217 1678 406 1754 explicapdse
424 1693 488 1738 esse
506 1678 620 1753 utitem,
638 1677 778 1753 periaciie
799 1676 938 1736 iudicium
959 1683 1015 1737 est.
1037 1677 1113 1737 Nam
1133 1681 1210 1738 eius·

136 1777 216 1836 modi
237 1777 412 1852 principium
425 1791 539 1836 summe
559 1776 669 1835 muium
693 1774 739 1835 rei
762 1789 852 1850 aeque
872 1781 973 1850 potens
994 1775 1155 1836 adstruitur
1175 1791 1210 1836 ac

73 1879 79 1886 “
136 1876 311 1951 principium
324 1891 439 1934 summe
451 1874 574 1950 bonam,
589 1874 635 1933 vei
649 1877 760 1932 maiore
774 1871 947 1932 efficacitate
960 1873 1141 1950 praeditum,
1161 1873 1211 1934 rei

136 1973 261 2050 &nique
279 1973 429 2033 uenatore.
450 1971 563 2031 florum
578 1970 651 2030 nihil
665 1973 729 2030 sine
742 1968 921 2029 absurditate
934 1969 991 2028 diei
1005 1976 1111 2045 potest.
1134 1971 1210 2030 Nam

135 2072 162 2130 si
181 2071 309 2130 munda
326 2077 379 2130 aut
398 2071 483 2128 tertia
502 2068 630 2143 optionis
645 2082 714 2142 pars
733 2067 868 2143 eiigitur,
887 2082 986 2125 eorum
1001 2068 1211 2142 principiorum

136 2166 308 2229 uitetutrcm
329 2164 524 2243 praeualeret3
547 2170 634 2242 atqm
653 2163 720 2241 ideo
740 2167 857 2225 nonnisi
878 2163 954 2223 bona
974 2168 1027 2224 aut
1046 2165 1210 2224 maistan-

135 2272 199 2325 iurn
219 2272 316 2325 essent
334 2267 365 2322 in
386 2262 506 2323 mundo.
529 2262 580 2321 Sin
601 2266 696 2339 prime
716 2278 784 2339 pars
806 2265 983 2340 necomitam
998 2270 1070 2323 tunc
1091 2269 1210 2323 mutuae

137 2366 215 2423 uires
235 2369 266 2423 et
284 2362 448 2421 contrariae
462 2360 577 2423 iliorum
592 2360 801 2435 principiorum
816 2358 1033 2437 aoiiidarentur,
1047 2365 1135 2436 atque
1147 2360 1217 2421 ideo

136 2468 280 2538 quantum
301 2460 370 2519 boni
383 2460 507 2519 aiterum
526 2461 670 2534 gigneret,
685 2464 802 2519 mutum
823 2474 841 2517 a
861 2463 1043 2534 repugnante
1062 2458 1141 2517 maio
1161 2458 1210 2517 ‹ie-

137 2564 309 2633 struseetur,
331 2562 360 2616 et
379 2557 458 2632 qnod
477 2569 658 2631 consequens
678 2562 739 2631 est,
761 2550 847 2615 maiis
867 2555 944 2615 bona
963 2554 1145 2632 delentibus,
1167 2556 1211 2615 ni·

137 2655 181 2714 nti
201 2662 380 2732 exsurgeret.

198 2752 259 2811 Nee
279 2768 349 2812 vero
368 2752 459 2829 Bayle
478 2752 607 2811 iucmtur
628 2750 752 2828 aliquid,
767 2767 834 2810 cnm
845 2750 942 2828 ilngit
960 2751 1019 2811 duo
1037 2752 1087 2813 iiia
1104 2740 1211 2828 princi·

137 2852 188 2926 pia
207 2852 329 2909 intense
348 2848 450 2913 iustius
466 2849 613 2925 quoddam
632 2852 743 2925 iniisse,
759 2865 795 2909 ne
815 2849 987 2909 alterutram
1002 2866 1021 2909 a
1034 2852 1095 2911 suis
1108 2851 1213 2926 produ·

137 2946 238 3007 andis
251 2946 404 3007 effectibus
424 2946 623 3023 impediretur.
645 2946 722 3007 Nam
742 2950 905 3023 percontari
926 2948 994 3007 iicet
1013 2964 1049 3007 ex
1063 2951 1126 3025 ipso
1141 2966 1214 3009 num

116 3046 241 3134 pactio
260 3044 311 3103 iiia
330 3044 409 3104 bona
432 3046 496 3120 sit,
519 3061 557 3104 an
580 3060 674 3104 secus.
697 3045 728 3104 Si
749 3044 827 3105 maio
847 3052 911 3123 est3
934 3062 952 3104 a
977 3048 1118 3124 principio
1138 3047 1214 3107 bono

139 3145 282 3218 acceptari
303 3159 361 3202 non
381 3144 500 3218 potuit3
523 3142 665 3218 siquidem
687 3144 742 3202 hoc
762 3145 879 3203 nonnisi
902 3144 938 3203 ad
953 3144 1061 3204 bonum
1084 3145 1215 3205 determi-

139 3221 238 3297 natur.
253 3240 383 3316 itemque
403 3243 428 3299 si
448 3242 592 3316 principio
607 3240 685 3300 bono
698 3257 757 3299 non
776 3248 918 3317 repugnat
936 3245 1030 3301 sinere
1051 3248 1085 3301 ut
1102 3249 1217 3302 exstent

140 3338 236 3412 maia,
260 3341 318 3396 iam
343 3341 373 3397 in
396 3342 508 3415 origine
532 3339 675 3398 mulorum
700 3339 875 3413 explicanda
899 3342 1075 3417 principium
1101 3356 1216 3400 summe

139 3436 251 3494 mnium
271 3452 517 3511 supervacaneum
535 3439 600 3496 erit.
617 3438 733 3513 Optime
749 3440 826 3495 enim
847 3437 898 3496 iiia
918 3437 1060 3511 explicari
1080 3445 1217 3513 poterunt

139 3548 177 3590 ex
197 3534 385 3607 permissione
404 3534 539 3609 principii
553 3532 635 3610 boni,
649 3540 678 3593 et
693 3550 731 3593 ex
748 3534 833 3594 iinitu
848 3537 997 3594 activitate
1017 3552 1113 3595 rerum
1135 3554 1216 3596 crea-

139 3636 250 3705 tarum,
271 3646 347 3705 qnae
366 3629 488 3689 deiicere
506 3632 536 3687 in
550 3630 664 3707 agendo
684 3638 816 3706 possunt.
840 3630 891 3691 Sin
914 3648 982 3691 tero
1002 3640 1120 3709 paetum
1144 3634 1216 3693 iilud

139 3726 250 3786 bonum
264 3736 326 3803 est;
337 3728 467 3803 proiecto
482 3744 540 3787 non
555 3730 651 3804 potuit
664 3730 806 3805 principio
821 3746 935 3792 summe
948 3731 1026 3791 maio
1041 3746 1215 3807 congruere,

140 3826 219 3902 quod
240 3829 271 3885 ui
291 3834 414 3886 naturae
438 3829 468 3885 in
490 3826 600 3885 maium
620 3826 780 3901 propendet
806 3832 933 3887 tantum.
956 3827 1095 3887 Similiter
1119 3829 1142 3884 si
1164 3826 1215 3884 bo·

141 3939 213 3983 uum
233 3930 278 3982 est
297 3927 404 3999 pacisci
424 3930 458 3983 ut
477 3923 554 3983 moin
574 3922 692 3999 dentur,
710 3940 774 4000 seu,
789 3925 867 4001 quod
888 3927 983 3984 minus
1003 3926 1091 3983 etiam
1108 3929 1165 3998 est,
1179 3938 1213 3981 ea

141 4024 322 4100 permittere;
341 4030 461 4099 apparet
480 4026 585 4082 iterum
606 4014 781 4101 principium
802 4040 916 4083 summe
937 4022 1046 4082 maium
1066 4019 1102 4080 ad
1126 4019 1216 4081 malo-
