2892 4425
432 372 509 413 raas
531 372 649 415 masaa
671 388 683 402 ·
705 374 921 418 rsucxonooxa
1158 370 1212 421 itit

135 478 224 539 soriti
236 484 350 553 potest:
373 482 418 538 uis
437 496 498 556 quo
518 482 652 556 cogitosus
670 483 703 539 in
722 483 848 557 seipsum
872 480 960 557 raclii,
984 498 1071 559 aeque
1090 500 1216 563 suosque
1284 528 1294 537 .

137 576 366 653 modificationes
389 579 573 637 internoscit.
1045 622 1052 629 .

196 674 381 733 Conscientia
391 690 505 749 semper
519 675 691 734 relationem
709 675 887 752 quamdam,
907 680 951 735 uti
974 680 1140 755 cognitam,
1159 681 1215 739 sibi

137 772 280 848 implicat,
298 778 386 847 atque
406 772 472 830 ideo
494 773 531 830 ad
553 774 612 829 vim
637 772 863 832 intellectualem
885 777 988 849 animi,
1013 792 1070 835 non
1091 794 1159 836 uero
1178 778 1216 836 ad

137 869 272 928 sensilem
288 872 422 943 pertinet.
448 870 521 927 Nam
546 873 692 945 perceptio
713 870 865 929 relationis
888 888 955 931 cnm
977 872 1072 933 ideam
1095 890 1214 950 genera·

136 966 193 1023 iem
214 966 362 1040 involvat,
382 966 581 1025 sensibilitatis
605 970 720 1043 propria
743 984 806 1027 esse
827 986 885 1028 non
906 976 1011 1044 potest.
1033 971 1214 1047 Quapropter

137 1062 224 1121 bruta
248 1065 429 1139 animantia,
456 1070 555 1138 utpote
586 1065 774 1125 intellectuali
797 1070 827 1124 vi
855 1068 1014 1143 deamata,
1038 1072 1215 1131 conscientia
1282 1117 1297 1139 ,
1350 1144 1353 1153 ,

137 1162 258 1218 omnino
284 1167 400 1219 vacant.
427 1161 616 1233 Quinetiam
648 1162 736 1220 homo
757 1164 897 1239 quamdin
922 1166 950 1222 in
973 1164 1098 1224 infantia
1118 1182 1214 1226 mora·

137 1263 210 1331 tur,
236 1258 265 1313 in
289 1271 348 1333 qua
373 1258 595 1317 sensibilitatem
617 1266 731 1317 tantum
763 1267 792 1319 et
822 1262 1057 1337 imaginationem
1083 1271 1214 1339 exercet,

136 1355 313 1412 conscientia
334 1356 381 1413 soi
410 1356 544 1429 privatur
571 1363 600 1415 et
625 1358 764 1415 instincto
793 1362 907 1415 tantum
929 1358 1056 1417 ducitur.
1082 1358 1122 1417 At
1148 1374 1215 1419 cum

137 1450 174 1508 ad
194 1466 258 1509 eam
278 1449 397 1509 devenit
413 1457 552 1528 aetatem,
565 1455 597 1510 in
611 1468 670 1527 qna
691 1456 768 1511 uires
784 1452 993 1513 intellectuales
1008 1454 1130 1530 evolvit,
1144 1470 1214 1517 eon·

137 1549 287 1607 scientiam
308 1564 423 1624 quoque
449 1550 596 1625 explicat;
617 1565 693 1625 quae
714 1550 861 1627 gradatim
882 1551 1021 1612 distincta
1042 1556 1136 1631 magis
1152 1570 1215 1613 ma

38 1660 45 1673 '
137 1648 240 1722 gisqoe
263 1646 385 1721 evadit,
405 1647 477 1706 dum
497 1649 582 1723 plene
601 1648 759 1707 adolescat.

198 1754 248 1803 ao.
275 1745 397 1804 Factum
419 1744 638 1805 fundamentale
658 1752 687 1804 et
706 1748 835 1821 primum
858 1748 1051 1807 conscientiae
1072 1762 1130 1807 non
1151 1755 1214 1821 est,

136 1848 171 1899 ut
199 1841 348 1900 contendit
374 1842 480 1901 Consta
495 1885 514 1931 ,Ι
533 1842 757 1916 phaenomenon
786 1843 904 1920 aliquod
931 1843 977 1903 his
1007 1843 1102 1904 tribus
1124 1844 1215 1904 valoti

137 1940 322 2013 complexum
345 1939 515 1999 elementis:
542 1939 624 1998 linito
649 1938 736 2014 (quod
754 1938 886 1998 subiecto
903 1942 1062 2016 cogitante,
1083 1948 1216 1999 externo·
1311 1937 1313 1946 '

136 2052 195 2111 qne
211 2036 324 2095 obiecto
343 2038 549 2112 conducatur),
568 2036 695 2111 inlicito,
712 2043 742 2095 et
759 2043 888 2111 respectu
905 2052 964 2111 quo
986 2037 1058 2095 haee
1079 2036 1138 2095 duo
1152 2054 1216 2097 mu·

135 2140 189 2192 tuo
209 2116 371 2196 referantur
389 2138 410 2191 ¹.
434 2133 490 2194 Sed
511 2136 694 2209 perceptione
720 2135 898 2207 continetur,
921 2148 980 2208 qua
1003 2132 1165 2192 subiectum
1187 2150 1217 2192 se

137 2237 204 2290 actu
217 2234 349 2308 cogitem
365 2239 395 2290 et
407 2233 472 2290 ideo
487 2235 616 2290 existens
633 2231 836 2306 apprehendit.
851 2230 925 2289 Nam
944 2229 982 2290 ad
995 2227 1143 2288 infinitum
1158 2244 1216 2286 non

136 2320 191 2403 op'e
208 2331 400 2388 conscientiae
422 2329 473 2388 sed
496 2332 616 2388 rationis
642 2330 841 2404 assurgimus,
862 2343 937 2402 quae
962 2327 1146 2386 existentiam
1167 2341 1216 2385 su·
1294 2351 1302 2356 ·

137 2429 229 2501 premi
254 2429 329 2485 entis
350 2427 475 2486 limitum
496 2429 624 2501 expertis
645 2443 682 2485 ex
704 2427 904 2502 contingentia
930 2425 1041 2482 entium
1067 2421 1216 2481 ilnitornm

136 2523 264 2583 deducit.
296 2525 478 2600 Quapropter
505 2527 653 2583 incamum
689 2527 720 2581 in
748 2517 843 2599 primo
870 2527 937 2581 actu
968 2520 1161 2580 conscientiae
1187 2518 1218 2577 id

136 2623 307 2698 quaeritur,
328 2620 406 2695 quod
430 2621 549 2680 alterius
572 2620 720 2680 facultatis
742 2619 889 2680 obiectum
917 2617 1079 2676 coustituit.
1106 2613 1218 2674 lnilnid

137 2722 229 2796 igitur
246 2722 309 2778 sive
326 2719 461 2778 absoluta
479 2722 543 2777 sive
569 2719 691 2777 relativa
712 2717 858 2792 perceptio
877 2714 914 2774 ab
933 2720 1001 2772 actu
1023 2713 1218 2772 conscientiae

136 2819 258 2874 omnino
270 2814 445 2874 removenda
462 2823 517 2874 est.
533 2815 667 2874 Proiecto
679 2815 842 2874 subiectum
862 2814 994 2888 cogitans
1010 2810 1116 2887 redito,
1130 2795 1217 2886 que'rn

88 2908 90 2913 ’
136 2919 253 2972 exercet
271 2928 360 2988 sopra
382 2915 523 2988 seipsum,
544 2927 604 2970 non
625 2911 706 2971 aliud
727 2913 870 2986 attingere
892 2914 986 2984 potest
1006 2910 1064 2966 nisi
1082 2907 1124 2984 id,
1139 2905 1219 2984 quod
1264 2931 1269 2942 ·

137 3013 167 3068 in
186 3013 252 3087 ipso
268 3025 371 3069 resera
388 3017 444 3084 est,
465 3011 604 3069 nimirum
623 3025 706 3068 suam
723 3009 911 3066 existentiam
931 3021 1057 3082 suosque
1074 3011 1167 3066 actus.

196 3108 238 3166 At
254 3107 363 3167 nodam
379 3109 424 3166 sul
447 3109 632 3165 existentiam
649 3108 793 3181 clangere
807 3106 918 3180 nequit.
940 3103 1014 3162 Com
1034 3106 1111 3162 enim
1135 3110 1218 3162 actus

63 3258 68 3264 .
126 3204 265 3264 'reflexos
279 3205 423 3263 ducatum
437 3201 604 3276 subaudiat,
622 3205 803 3261 conscientia
819 3203 948 3260 exerceri
964 3215 1022 3258 non
1042 3205 1148 3275 potest,
1163 3201 1218 3258 nisi
1244 3253 1251 3260 .

136 3302 276 3378 cogitatio
296 3301 355 3360 alia
375 3303 494 3375 praeuia
513 3300 716 3373 subaudiatur,
737 3314 812 3374 quae
830 3302 859 3356 in
876 3297 989 3356 obiecto
1010 3295 1109 3371 aliquo
1128 3312 1145 3356 a
1168 3313 1218 3356 no·

199 3531 208 3571 t
228 3542 240 3565 ι
257 3525 292 3573 Le
310 3523 356 3572 iaii
373 3523 541 3573 londamcnlai
561 3522 593 3571 dc
610 3523 633 3570 ia
651 3521 795 3570 conscience
816 3521 853 3567 est
873 3529 906 3566 nn
926 3515 1086 3579 pirenomdne,
1105 3513 1219 3576 composd

137 3625 149 3646 o
166 3603 198 3652 de
213 3604 277 3654 irols
290 3606 391 3666 termes,
412 3604 508 3653 aaron:
527 3604 551 3652 ie
569 3602 619 3651 moi
637 3603 663 3650 el
681 3599 705 3649 ic
721 3612 771 3648 non
789 3597 850 3658 mol,
869 3597 966 3656 borum,
984 3595 1083 3655 limites,
1104 3591 1175 3654 tinis3
1189 3591 1221 3642 da

137 3705 149 3728 α
166 3683 233 3748 plns,
250 3683 323 3735 i’idse
338 3683 371 3734 dc
386 3683 494 3747 quelque
508 3685 578 3732 autre
595 3681 678 3742 chose,
693 3679 724 3729 de
741 3677 841 3738 i’inilnl,
858 3676 889 3726 de
905 3675 992 3726 i'uniie
1008 3677 1056 3724 etc.
1077 3676 1102 3723 ei
1119 3674 1150 3722 de
1166 3673 1221 3735 pius

69 3795 77 3802 ·
136 3785 148 3808 n
164 3776 255 3814 encore
275 3765 349 3815 l’idea
371 3764 405 3814 du
424 3764 526 3827 rapport
546 3762 580 3811 du
600 3762 649 3810 moi
670 3762 694 3808 ei
711 3758 744 3808 du
764 3771 813 3807 non
835 3756 883 3807 moi
894 3794 902 3820 ,
927 3753 1074 3805 c'csiddire
1095 3751 1129 3804 du
1149 3751 1221 3801 finit

137 3865 148 3887 ι
166 3844 253 3894 tinini
273 3844 317 3908 qul
340 3845 363 3894 le
383 3843 493 3893 contient
516 3846 542 3891 et
566 3841 611 3904 qui
636 3838 786 3902 l'expllque;
807 3849 835 3888 oo
855 3837 912 3888 sont
935 3835 958 3884 ii
981 3835 1016 3884 les
1036 3833 1098 3883 trois
1115 3834 1219 3889 termes,

138 3944 150 3966 r
165 3923 229 3974 dont
245 3936 273 3975 se
288 3937 405 3988 compost
420 3925 443 3974 ie
459 3923 504 3972 inii
519 3919 686 3972 ionrlsmeniai
701 3918 732 3968 de
750 3917 774 3968 la
793 3917 946 3968 conscience.
963 3935 974 3957 r·
991 3912 1094 3964 introii.
1108 3924 1125 3960 o
1140 3907 1220 3960 l'ltlsi.

136 4003 169 4053 de
185 4004 214 4054 lo
227 4002 296 4066 pili.
312 4003 357 4064 leq.
369 4010 393 4054 o.
