2892 4425
332 391 411 434 PARS
430 390 543 435 Tum
564 405 576 418 ·
597 389 778 432 sumtuose
802 389 978 433 minutiatis
1138 383 1195 434 dlll

115 505 172 576 esi,
198 501 228 560 ui
255 515 326 560 suae
348 495 472 559 nuturae
498 499 687 576 perfectiones
705 515 763 558 non
784 513 892 574 paucus
920 516 938 558 a
961 515 993 558 se
1016 497 1146 561 excludit
1167 507 1197 558 et

117 605 256 660 removet.
274 600 380 673 Restat
387 601 478 675 igitur
489 605 523 658 ut
536 598 678 658 eiusmodi
692 598 828 657 cumulus
841 597 1052 673 perfectionum
1064 601 1197 658 omnium

117 702 147 756 in
168 697 242 755 ilute
261 697 418 756 dumtaxat
444 700 607 757 necessario
632 696 778 773 possibilis
799 699 848 757 sit.
874 696 915 755 st
936 699 966 754 io
996 713 1031 756 co
1053 696 1196 773 quidquid

119 793 345 872 possibilem,
371 797 493 868 existit3
521 798 629 871 quippe
649 811 716 854 curn
739 795 800 854 Eas
824 793 1020 854 necessarlum
1050 797 1090 855 sit
1117 795 1197 854 solus

118 901 212 969 actus,
227 898 257 951 et
268 892 391 968 proinde
404 895 434 951 in
455 910 490 952 co
503 892 680 969 possibilitas
693 909 761 952 enm
776 895 883 952 uctnaii
898 895 1055 952 existentia
1073 893 1195 951 coniun-
1297 963 1303 978 .

119 991 215 1050 datur.
237 991 315 1067 Ergo
334 1007 388 1050 ens
409 993 605 1050 necessarium
623 991 801 1066 portentione
823 991 992 1068 plenissime
1008 987 1046 1048 s'b
1059 993 1196 1066 omnique

118 1087 233 1147 deiectu
252 1095 282 1147 et
298 1089 391 1148 limite
405 1103 498 1147 vacus
511 1089 679 1148 cumuletur
691 1095 816 1165 oporiet,
831 1103 895 1165 seu,
910 1088 989 1164 quod
1003 1086 1080 1147 idem
1097 1095 1196 1164 sonat,

120 1184 252 1244 indultus
272 1187 312 1245 sit
337 1201 454 1245 necesse
472 1191 527 1245 est.

179 1283 311 1358 lienique
329 1287 355 1341 si
372 1283 451 1342 Dens
472 1285 503 1341 in
524 1283 624 1359 aliquo
649 1284 833 1358 perfectionis
855 1299 959 1360 genere
978 1271 1196 1359 terminaretur,

121 1382 228 1440 limites
250 1381 392 1439 eiusmodi
414 1387 466 1439 aut
487 1380 526 1439 ab
551 1389 673 1454 externa
693 1383 799 1458 aitqua
825 1391 915 1440 causo
938 1383 1122 1457 suscepisset,
1146 1388 1198 1440 aut

121 1481 183 1553 ipse
207 1476 263 1537 sibi
290 1478 507 1553 quodammodo
531 1480 730 1554 imposuisset.
757 1479 898 1538 Neutrum
929 1479 987 1538 dici
1015 1485 1119 1554 potest.
1149 1479 1198 1538 sd

121 1578 247 1651 primum
261 1578 338 1634 enirn
352 1576 431 1653 quod
454 1579 569 1653 attinet,
583 1593 650 1636 cum
667 1577 749 1636 Deus
764 1579 928 1636 necessario
949 1581 1055 1650 exstet,
1077 1591 1095 1634 a
1116 1574 1197 1634 nulio

121 1673 264 1735 eruuore
278 1674 381 1748 psndet
396 1677 550 1750 principio.
564 1675 641 1752 Ergo
654 1675 899 1751 quemadmodum
912 1689 929 1733 a
942 1675 1022 1733 uuila
1038 1689 1126 1733 causa
1139 1689 1198 1732 rea·

116 1766 232 1831 'litatem
253 1773 493 1849 existentiamque
513 1775 639 1850 rennuit,
655 1776 699 1833 sic
717 1776 806 1833 etium
830 1790 847 1831 a
868 1773 950 1832 nuiiu
980 1787 1070 1832 causa
1090 1771 1198 1832 tinibus

56 1865 61 1876 '
122 1868 299 1944 quibuslibet
319 1873 443 1930 oodroeri
459 1875 577 1947 potnit
590 1873 691 1948 Neque
710 1873 763 1931 bos
785 1871 840 1930 sibi
866 1872 929 1946 ipse
953 1873 1116 1946 impertitus
1135 1870 1199 1930 esso

123 1965 263 2027 dicendus
281 1974 337 2027 cst.
354 1969 420 2027 Nou
434 1971 512 2027 enirn
530 1970 586 2028 sibi
604 1969 686 2028 dedit
708 1977 741 2028 nt
762 1975 853 2028 esset:
874 1968 947 2026 nihil
966 1971 1042 2028 enim
1064 1968 1198 2044 producit

124 2066 261 2138 seipsum.
279 2065 358 2125 lieno
379 2069 469 2142 igitur
488 2073 579 2125 semet
604 2067 796 2125 determinare
812 2072 841 2124 et
858 2064 999 2124 limitibus
1018 2065 1199 2141 adstringere

123 2163 244 2222 minime
263 2163 369 2238 potuit.
391 2161 476 2236 Quod
497 2164 575 2221 enirn
597 2163 654 2223 sibi
672 2179 731 2221 uon
751 2163 855 2223 tribuit
876 2153 910 2222 'ut
925 2165 980 2238 sit,
995 2161 1110 2222 allicere
1131 2178 1199 2238 pro·

124 2259 201 2319 fecto
222 2264 324 2334 nequit
342 2265 376 2319 ut
396 2260 451 2319 hoe
471 2262 517 2318 vei
539 2260 591 2319 ilio
612 2260 699 2318 modo
721 2264 772 2337 sit,
795 2268 881 2337 atque
898 2264 928 2320 in
947 2258 1004 2319 boc
1024 2258 1115 2336 grudn
1135 2276 1199 2335 per·

124 2355 259 2415 lectionis
278 2360 376 2432 potius
393 2373 482 2433 quam
496 2360 527 2415 iu
541 2358 600 2416 sito
613 2360 818 2418 constituetur.
835 2358 913 2417 Deus
934 2358 1023 2435 igitur
1036 2358 1093 2417 boc
1114 2358 1199 2432 ipso,

124 2454 204 2529 quod
217 2458 412 2515 accessorium
426 2472 478 2514 ens
500 2462 545 2515 est
562 2462 591 2515 et
606 2454 758 2532 iniectum,
773 2456 906 2516 inlinitus
923 2458 953 2517 in
969 2456 1076 2531 quoris
1094 2472 1199 2533 genere

124 2552 266 2612 realitatis
285 2556 325 2611 sit
343 2559 466 2628 oportet.
498 2604 504 2611 .
621 2621 626 2631 x

188 2658 257 2708 ato.
279 2650 356 2709 ilinc
378 2668 449 2711 vero
469 2653 600 2727 seqnitur
626 2659 659 2713 ut
678 2652 869 2727 perfectiones
893 2666 994 2710 omnes
1022 2652 1140 2709 remotis
1165 2650 1200 2706 ii·

124 2746 247 2807 mitibus
265 2754 296 2807 et
313 2748 473 2809 defectibus
493 2752 651 2809 contineat.
673 2751 738 2823 Qua
758 2753 787 2808 in
816 2766 846 2808 re
863 2747 1024 2808 notandum
1044 2747 1201 2823 diiigenter

124 2851 171 2904 est
187 2861 255 2905 oum
270 2844 301 2905 S.
315 2846 455 2906 Anseimo
474 2850 505 2906 in
518 2851 582 2906 eius
601 2848 781 2924 Monoiogio,
802 2848 1012 2923 perfectionum
1032 2846 1138 2921 dupiex
1154 2860 1200 2921 ge·

126 2958 183 3003 nus
203 2945 381 3004 considerari
398 2961 493 3021 posse.
522 2945 618 3005 Unum
645 2951 690 3004 est
714 2960 838 3020 eurum,
862 2959 936 3021 quse
950 2946 1079 3020 'proprio
1099 2958 1201 3003 couce-

127 3045 178 3115 pin
196 3039 344 3101 deiectum
366 3044 480 3103 nulium
501 3044 656 3102 includunt
683 3049 712 3103 et
732 3043 922 3103 nobilioribus
942 3059 1002 3102 non
1026 3048 1198 3119 repugnant.

127 3137 301 3199 Huiusmodi
326 3148 397 3201 sunt
417 3158 465 3203 ex.
485 3158 531 3219 gr.
558 3145 632 3217 otto,
655 3142 874 3219 r'rtiellr'pentr'u,¹
893 3140 1025 3216 libertus,
1052 3142 1200 3215 aliosque,

127 3248 203 3309 quae
218 3234 414 3312 perfectiones
440 3240 558 3299 omnino
581 3238 730 3317 simplices
753 3240 811 3299 diei
834 3244 966 3315 possunt.
995 3237 1128 3298 Alterum
1153 3254 1202 3314 ge·

128 3344 186 3390 nus
208 3338 255 3390 est
277 3334 408 3411 iliarum,
429 3354 505 3414 quse
524 3338 685 3396 realitatem
705 3337 821 3414 quidem
844 3336 962 3411 babent,
984 3342 1015 3394 at
1041 3336 1202 3395 admixtam

128 3418 303 3506 delentibus,
318 3438 348 3489 et
361 3446 380 3490 s
395 3435 525 3494 subiecto
544 3438 592 3494 cui
608 3437 711 3495 insunt
730 3434 884 3493 nobiliores
898 3434 1088 3509 perfectiones
1104 3432 1202 3507 expel-

128 3529 205 3590 iunt.
225 3529 392 3589 Cuiusmodi
414 3539 485 3591 sunt
502 3548 550 3591 ex.
573 3548 616 3610 gr.
640 3535 783 3607 cetensio,
807 3536 919 3606 motus,
947 3532 1079 3607 aliaeque
1106 3532 1202 3591 consi·

129 3626 229 3703 miles3
251 3643 327 3704 quae
340 3627 449 3688 idcireo
469 3644 530 3687 nou
548 3630 696 3707 simplices
714 3630 765 3689 sed
785 3632 899 3688 mixtae
916 3630 1116 3688 nominantur.
1139 3629 1203 3686 lam

128 3740 200 3783 reru
213 3741 313 3784 earum
327 3732 442 3786 tanturn
456 3731 618 3803 superiores
631 3733 662 3788 in
677 3732 795 3805 proprio
809 3734 949 3804 conceptu
964 3744 1014 3787 seu
1028 3722 1202 3803 formaliter

129 3821 192 3881 Deo
210 3830 397 3901 competunt3
418 3828 590 3901 posteriores
610 3844 681 3887 rero
700 3843 760 3886 non
783 3830 898 3903 proprio
912 3827 964 3886 sed
992 3822 1203 3901 praestantiore
1307 3895 1309 3905 Α

130 3920 258 3995 quadarn
278 3922 391 3981 ratione
410 3940 484 4000 seu,
504 3931 537 3984 ut
558 3925 617 3983 dioi
640 3928 731 4001 solet,
756 3927 916 3986 eminenter
935 3922 998 3983 Deo
1019 3919 1201 3993 tribuuntur,

133 4020 163 4077 iu
188 4026 330 4095 quantum
354 4022 491 4083 nimirum
511 4038 530 4085 s
550 4026 669 4099 proprio
690 4030 831 4099 conceptu
853 4023 1018 4083 desciscunt
1040 4022 1069 4139 et
1090 4012 1204 4127 resiitrr·
