2892 4425
433 378 511 426 naas
532 377 651 423 sarm
671 393 684 407 ·
706 377 923 422 renouandam
1160 372 1215 425 1⁷5

140 492 212 569 onia
230 494 457 549 consentaneum
480 490 541 573 ipsi
555 495 600 548 est
619 496 648 549 et
665 488 786 547 bonnm.
809 489 854 547 Ex
876 488 966 548 iibero
985 492 1075 565 igitur
1094 491 1215 551 arbitrio

141 590 244 648 eisetio
256 592 328 646 tane
342 585 501 645 voluntatis
519 578 634 661 pendet.
656 586 719 647 lioe
739 588 829 662 igitur
847 602 913 646 oum
931 592 1058 663 constet,
1074 588 1110 645 de
1130 588 1214 647 iiber·

141 691 202 745 tate
224 687 312 744 etiam
336 688 470 745 motuum
492 692 678 743 externorum
702 685 866 760 constabit,
890 684 1031 760 siquidem
1057 684 1086 743 hi
1112 686 1214 746 voiun-

142 786 211 843 tatis
233 784 358 857 imperio
380 788 589 856 temperantur.
617 783 696 841 Nihil
722 786 813 860 igitur
836 781 945 842 Coiiins
969 786 1072 841 eontra
1096 782 1215 869 liner-ta·

142 889 200 940 tem
221 882 341 939 evincit.

202 977 298 1038 ontio.
314 978 367 1038 iv,
388 978 532 1037 Voiuotas
549 977 758 1037 determinatur
776 978 814 1036 ab
828 979 932 1036 uitimo
949 978 1058 1037 iudicio
1072 982 1211 1053 prantieo.

141 1078 220 1153 Ergo
237 1076 329 1135 libera
349 1092 409 1135 non
426 1083 489 1150 est;
504 1075 648 1150 siquidem
667 1076 785 1135 aliunde
804 1076 1075 1134 determinationem
1096 1078 1212 1151 aouipit.

202 1174 291 1249 liesp.
313 1172 354 1233 lJt
366 1174 473 1233 solatio
487 1172 682 1251 intedigatur,
697 1172 903 1249 explicandum
917 1178 961 1231 est
979 1174 1058 1246 prius
1074 1173 1145 1248 quid
1158 1174 1215 1233 hoo

141 1272 207 1330 iooo
224 1274 342 1331 nomine
363 1270 462 1333 iudieii
484 1272 603 1346 practici
627 1278 794 1345 usurpetur.
819 1273 920 1347 itaque
941 1268 1081 1329 indicium
1102 1269 1214 1329 inteiie·

140 1375 207 1428 etus
227 1371 307 1427 otroa
331 1368 441 1444 aiiqnid
467 1368 660 1444 appetendam
686 1370 732 1428 vei
756 1368 949 1444 respuendum
970 1368 1063 1428 dividi
1086 1368 1162 1427 soiet
1183 1371 1222 1427 in¹

140 1467 352 1544 speculativum
371 1472 402 1525 et
415 1468 589 1541 practicam.
608 1466 825 1541 Speeuiativum
841 1466 947 1526 dieitur
962 1466 1051 1543 iiind,
1065 1482 1124 1541 qno
1137 1464 1213 1525 oble·

140 1571 220 1639 etum
241 1564 503 1623 assentationum
517 1581 581 1623 esse
597 1565 645 1622 vei
664 1566 792 1639 maiam,
808 1580 842 1623 ao
859 1565 979 1640 proinde
995 1564 1117 1641 dignum
1134 1565 1213 1640 quod
1276 1548 1284 1564 “

142 1667 297 1737 appetetur
312 1662 359 1721 rei
376 1663 535 1721 reiioiatnr.
556 1661 721 1721 Praetioum
740 1679 810 1721 vero
829 1648 1059 1738 id'nominatur,
1075 1678 1132 1738 qno
1149 1668 1215 1738 post

139 1758 287 1817 oaieainm
304 1767 517 1819 momentorum
536 1760 699 1819 indicamus
715 1761 884 1821 obiectum·
877 1778 907 1819 rn
923 1761 1031 1819 iniibus
1050 1777 1146 1819 rerum
1164 1761 1214 1820 ad·

141 1859 268 1931 innotis,
282 1872 333 1915 seu
351 1864 384 1916 nt
400 1857 458 1917 diei
474 1858 563 1932 soiet,
580 1857 628 1917 hie
644 1864 674 1916 et
690 1874 769 1917 nuno
785 1857 920 1918 omnibns
938 1861 1090 1989 inspectis,
1105 1858 1213 1933 eligen-

139 1954 211 2013 dum
231 1970 296 2013 esse
314 1954 360 2013 vei
380 1956 586 2030 respuendum

196 2051 263 2109 Iam
284 2066 354 2110 veru
373 2051 584 2129 Beiiarminns,
600 2069 660 2113 una
674 2069 741 2111 enm
763 2053 847 2129 aiiis,
869 2052 1002 2111 eonoedit
1022 2050 1140 2127 quidem
1159 2066 1212 2110 vo·

139 2149 284 2208 inntatern
301 2148 339 2207 ad
358 2148 524 2226 eligendum
542 2150 657 2226 prodire
676 2166 734 2208 non
753 2166 838 2224 posse
857 2152 920 2208 sine
938 2146 1119 2224 praecedenti
1138 2148 1214 2205 iudi·
1275 2144 1279 2153 '

138 2248 187 2306 eto
199 2249 346 2323 practico,
360 2247 440 2323 qnod
453 2249 546 2322 ipsam
567 2247 605 2306 ad
619 2248 788 2307 alterutram
807 2249 933 2322 optionis
954 2253 1064 2321 partem
1079 2244 1210 2304 inoiinat.

140 2343 292 2402 Indoiatnr
307 2359 376 2403 vero
387 2344 576 2404 vehementer
590 2344 751 2404 libertatem
767 2344 872 2404 exinde
886 2343 1041 2402 debilitari.
1058 2341 1213 2402 Contendit
1339 2425 1341 2435 Ι

140 2443 219 2499 enim
238 2443 333 2517 ipsum
355 2441 494 2500 indiciam
513 2446 674 2516 praetienm
694 2444 814 2501 rationis
834 2457 851 2500 a
870 2440 960 2499 iibera
980 2439 1107 2516 quadarn
1127 2443 1213 2500 omis-

139 2539 224 2596 sione
247 2537 407 2600 voiuntatts
428 2541 519 2614 oriri,
539 2555 576 2599 ax
596 2555 656 2615 qna
674 2539 709 2597 iit
729 2546 762 2599 ut
782 2538 902 2600 attentio
923 2542 1013 2598 animi
1034 2537 1124 2596 iibere
1143 2537 1213 2596 diri·

139 2640 227 2710 gatar
242 2634 280 2693 ad
294 2649 333 2714 ea
345 2637 570 2710 oontempianda
585 2639 714 2711 motiva,
729 2654 763 2696 ex
783 2637 888 2712 quibus
905 2653 994 2696 unum
1009 2637 1105 2712 potius
1124 2651 1213 2711 quam

140 2730 221 2790 ailad
242 2732 383 2790 indicium
406 2735 567 2807 practicam
587 2733 729 2793 dimanet.
753 2735 849 2807 Quare
870 2737 901 2792 in
925 2734 981 2793 hae
1001 2733 1144 2794 sententie
1163 2731 1212 2792 do·

139 2829 308 2888 terminatio
327 2846 365 2889 ex
386 2830 495 2890 indicio
518 2834 549 2888 in
573 2832 755 2892 voluntatem
779 2831 896 2892 inducta
919 2848 976 2892 non
995 2831 1140 2892 anteeedit
1162 2830 1214 2891 sod

137 2926 325 3002 sabaqnitur
344 2922 516 2987 exercitium
536 2929 704 2992 libertatis..

196 3023 277 3084 liaeo
294 3027 444 3101 responsio
460 3029 533 3086 satis
551 3043 695 3103 superque
712 3021 915 3088 difficultatem
932 3028 1066 3103 elideret,
1082 3034 1113 3088 at
1128 3028 1213 3088 nobis
1277 3089 1282 3102 ,

136 3119 300 3195 expeditior
317 3127 347 3180 et
360 3125 457 3182 rarior
476 3123 593 3184 ridetur
607 3124 744 3184 doctrina
758 3127 870 3201 Sumit,
885 3129 935 3202 qui
949 3133 1046 3187 tuetur
1063 3127 1092 3184 in
1111 3127 1214 3201 primis

135 3231 197 3274 non
211 3205 276 3276 esse
289 3222 484 3280 neoessartnm
506 3227 541 3281 nt
561 3221 701 3280 iudicium
721 3224 882 3297 pruotioum
902 3223 1063 3298 quamlibet
1082 3223 1214 3282 voiunta-

134 3315 174 3374 tis
188 3313 360 3393 eiectionem
377 3323 560 3394 antevertat,
573 3335 641 3378 enm
659 3335 761 3379 revera
776 3319 925 3382 suiiioiens
943 3322 981 3380 sit
995 3321 1136 3380 indicium
1150 3335 1213 3395 spe·

134 3412 319 3488 curativum,
340 3420 447 3490 atque,
468 3431 503 3475 eo
522 3416 678 3476 dumtaxat
699 3416 862 3492 dirigente,
885 3433 1091 3492 saepenumero
1111 3418 1213 3477 eterno

135 3516 306 3586 peragatur.
329 3511 441 3571 Deinde
458 3513 609 3590 adiungit,
624 3515 740 3572 etiamsi
762 3512 902 3572 iudicium
920 3515 1082 3589 praotienm
1099 3515 1213 3574 eiectio·

133 3619 202 3664 nom
227 3606 408 3683 volontatis,
429 3609 509 3685 qnod
530 3611 703 3686 pierumque
727 3610 870 3687 obtingit,
893 3611 1067 3688 antecedat3
1088 3611 1126 3671 ab
1148 3613 1213 3687 ipso

133 3707 233 3760 umen
253 3703 437 3764 voiuntatem
456 3709 578 3766 minime
597 3708 804 3783 determinari,
826 3711 934 3784 quippe
953 3724 1048 3784 qnae,
1070 3724 1105 3768 eo
1125 3712 1212 3768 otiam

131 3796 272 3874 iubente,
294 3806 389 3874 potest
408 3804 441 3860 in
460 3806 623 3878 oppositam
643 3811 756 3880 partem
777 3803 856 3866 flecti
878 3823 929 3883 pro
950 3807 1051 3866 inbito.

193 3894 335 3957 Doctrina
351 3898 425 3958 haee
440 3909 636 3962 consentanea
650 3905 746 3978 magis
760 3910 883 3970 naturae
898 3905 1013 3966 videtur
1026 3912 1056 3962 et
1068 3905 1222 3972 consona·

133 3993 193 4053 tiae
211 3991 425 4069 phoenomenis
445 4000 566 4058 omnino
587 4000 777 4060 conformior
801 4001 929 4062 Naturae
945 4001 1062 4078 quidem
1080 4006 1124 4061 ost
1143 4015 1216 4060 oon
