2892 4425
255 368 310 419 198
586 372 805 415 urrarnrsrca
827 372 1001 415 annnaanrs

252 486 311 558 cit,
336 497 501 540 mensuram
523 483 662 555 accipere.
686 479 766 538 Finis
790 484 887 539 autem
908 483 983 539 entis
1012 482 1241 556 circumscripti,
1265 498 1330 542 eum

253 582 365 640 linitam
387 586 521 639 naturam
539 578 674 654 pcrireere
689 578 804 652 debem,
817 576 977 637 subiective
991 593 1041 636 seu
1057 584 1144 653 prout
1157 579 1253 652 ipsum
1266 577 1330 637 atu·

253 680 304 752 cit,
327 677 441 734 nonnisi
465 675 555 734 limite
576 675 734 734 adstrictus
757 680 786 733 et
806 674 1016 732 determinatus
1035 680 1089 732 est.
1147 690 1153 697 ·

208 794 214 806 „
311 773 371 831 Neo
392 772 460 833 huie
482 774 596 833 veritati
619 772 778 848 quidquam
800 772 882 831 obest
912 769 990 848 quod
1021 778 1153 830 creatura
1181 772 1332 831 rationalis

251 870 381 947 profane
403 870 508 929 habeat
531 870 623 929 Deum
651 872 767 945 ipsum,
788 872 837 946 qui
857 876 934 927 certe
955 868 1087 927 infinitus
1110 874 1164 926 est.
1187 867 1262 926 Nam
1282 869 1331 927 illa

253 984 309 1027 non
326 968 409 1027 aliter
423 985 510 1045 quam
532 968 613 1027 linite
634 967 779 1027 obiectum
801 967 857 1026 hoe
878 969 1075 1043 consequitur.
1093 966 1218 1025 Proinde
1237 970 1330 1043 actio,

252 1082 309 1142 qua
331 1068 425 1141 ipsum
450 1068 567 1141 attingit
589 1073 618 1125 et
646 1066 684 1124 ad
710 1082 797 1142 quam
820 1068 955 1125 activitas
976 1068 1037 1124 eius
1061 1064 1263 1123 intellectualis
1283 1080 1330 1123 or·

252 1163 348 1222 dinem
371 1162 475 1237 habet,
497 1166 538 1221 ita
559 1163 702 1221 obiectum
727 1163 798 1221 illud
820 1164 954 1239 respicit,
975 1168 1008 1222 nt
1028 1161 1188 1221 subiectire
1209 1168 1238 1220 ct
1256 1162 1329 1221 enti·

252 1268 311 1319 tate
328 1278 379 1319 sua
399 1262 481 1319 linita
500 1263 548 1318 sit.
577 1261 660 1319 Vires
684 1266 781 1319 autem
805 1260 909 1336 agendi
935 1276 1100 1318 mensuram
1129 1259 1286 1319 desumunt
1313 1276 1331 1319 a

253 1358 326 1434 line,
348 1375 405 1417 non
434 1364 519 1431 prout
543 1357 591 1415 hic
619 1360 647 1414 ln
669 1374 700 1415 se
724 1364 786 1432 est,
808 1358 857 1415 scd
882 1364 968 1433 prout
989 1357 1139 1432 adeptione
1160 1359 1274 1432 eapitur
1296 1373 1330 1415 ae

253 1454 413 1513 subiectum
436 1453 545 1527 allicit,
568 1454 645 1530 quod
669 1456 746 1512 circu
773 1457 867 1530 ipsum
890 1457 1057 1530 operatione
1077 1472 1132 1515 sua
1150 1461 1295 1514 versatur.

315 1560 362 1609 ³9.
385 1551 583 1626 Conpositum
606 1551 634 1609 id
656 1552 776 1626 dicitur,
795 1552 873 1627 quod
893 1569 930 1610 ex
956 1551 1088 1627 pluribus
1111 1557 1225 1610 constat
1242 1552 1329 1610 simul

254 1650 375 1725 innotis,
398 1649 474 1724 quod
497 1665 566 1707 vcro
588 1652 629 1707 ita
649 1656 707 1726 est,
733 1654 766 1707 ut
787 1650 975 1725 expluribus
996 1664 1053 1707 non
1078 1649 1239 1724 coalescat,
1263 1650 1331 1707 sim·

253 1747 318 1821 plcx
340 1746 510 1821 appellatur.
543 1746 584 1803 Ex
610 1762 668 1822 quo
697 1746 787 1822 liquet
815 1753 988 1821 conceptum
1012 1746 1156 1822 simplicis
1183 1762 1240 1804 nou
1268 1762 1332 1805 esse

253 1845 371 1901 omnino
392 1850 545 1919 negantem
568 1851 595 1902 et
617 1846 646 1901 in
665 1845 728 1903 sola
746 1846 871 1920 partium
889 1846 1056 1903 exclusione
1081 1846 1187 1919 situm,
1210 1844 1260 1902 sed
1281 1860 1330 1919 po·

252 1943 384 2000 sirionem
411 1941 575 2017 includere,
602 1944 742 2000 nimirum
778 1944 869 2016 ipsam
897 1944 972 1999 entis
1001 1942 1181 2015 realitatem,
1207 1958 1243 2001 ex
1272 1959 1331 2018 qua

251 2041 380 2099 exclusio
402 2041 541 2115 partium,
557 2057 607 2099 seu
628 2041 744 2115 negatio
760 2041 987 2115 compositionis,
1010 2046 1150 2116 emergat.
1166 2039 1237 2098 Cum
1258 2056 1330 2098 vero

252 2139 372 2211 simplex
395 2140 573 2214 composito,
597 2144 627 2196 ui
650 2143 830 2212 potensest,
852 2144 1033 2214 opponatur3
1049 2154 1085 2195 ex
1104 2138 1227 2195 diversis
1247 2154 1327 2195 com·

254 2237 336 2310 positi
351 2236 499 2310 speciebus
514 2236 668 2294 diversitas
683 2238 769 2295 etiam
790 2238 931 2310 simplicis
953 2238 1117 2295 innotescit.
1143 2237 1234 2294 Porro
1252 2253 1330 2295 com·

252 2335 376 2407 positum
397 2335 502 2408 triplex
523 2336 644 2410 eogitari
668 2340 779 2408 potest:
798 2333 893 2406 reale,
913 2333 1057 2409 topicam,
1082 2332 1327 2410 rneroptystcam.

257 2431 383 2489 Primum
406 2439 465 2506 est,
485 2431 561 2506 quod
580 2448 613 2489 ex
636 2431 767 2504 partibus
794 2433 908 2490 realiter
929 2432 1069 2505 diversis3
1089 2433 1229 2506 alterum,
1250 2433 1330 2507 quod

252 2545 285 2584 ea
305 2529 435 2603 partibus
455 2529 516 2586 sola
535 2531 710 2604 cogitatione
730 2529 895 2602 distinctis;
916 2532 1031 2587 tertium
1051 2529 1128 2604 quod
1145 2547 1180 2588 ex
1199 2529 1330 2604 partibus

252 2625 435 2683 distinctione
458 2624 571 2683 formali
600 2626 807 2683 discriminatis
831 2629 971 2701 exsurgit.
1000 2628 1106 2685 lterum
1133 2629 1329 2700 compositum

254 2722 327 2778 reule
348 2739 408 2779 csse
429 2729 521 2795 potest
544 2729 594 2780 aui
614 2722 779 2794 essentiale,
797 2730 828 2780 ut
850 2723 948 2798 bomo,
971 2725 1020 2797 qui
1042 2740 1077 2781 cx
1100 2726 1199 2781 anima
1219 2731 1248 2782 et
1264 2741 1328 2782 eor·

253 2835 321 2892 pore
341 2825 471 2893 constat3
498 2825 548 2877 aut
574 2819 697 2892 modale,
722 2828 755 2878 ut
775 2820 938 2879 substantia
960 2822 1053 2880 modis
1074 2821 1192 2897 allecta,
1217 2839 1263 2880 ex.
1281 2838 1327 2897 gr.

253 2915 355 2988 globus
376 2914 537 2990 eburneus,
555 2919 603 2991 qui
626 2935 659 2975 ex
684 2919 778 2993 figura
800 2919 922 2976 rotunda
952 2926 979 2977 ct
1001 2919 1085 2978 ebore
1108 2920 1328 2992 conformatum

253 3019 303 3068 aut
325 3012 447 3087 denique
469 3014 629 3088 inteprole²
660 3016 738 3090 quod
762 3034 796 3074 ex
819 3017 950 3090 partibus
971 3034 1029 3075 non
1052 3019 1087 3076 ad
1111 3021 1151 3075 rei
1172 3021 1328 3077 essentiam

252 3109 302 3167 scd
317 3109 353 3166 ad
370 3112 562 3185 quantitatem
585 3113 794 3186 pertinentibus
815 3115 961 3191 coalescit,
983 3134 1029 3174 ex.
1047 3133 1091 3190 gr.
1109 3132 1213 3189 corpus
1228 3115 1330 3173 huma·

253 3223 341 3281 num,
368 3207 445 3281 quod
473 3211 560 3267 variis
583 3209 727 3268 eonllatur
749 3213 896 3270 membris.

313 3311 361 3360 4ο.
384 3303 580 3378 Compositum
611 3310 721 3366 ratione
753 3312 924 3382 quantitatis
948 3310 1039 3385 (quae
1067 3312 1095 3366 in
1123 3309 1177 3367 hoc
1199 3311 1329 3368 cernitur

252 3400 327 3474 quod
349 3417 392 3457 res
411 3406 557 3475 atrgmenti
578 3404 621 3460 vcl
643 3405 817 3464 decrementi
839 3410 877 3464 sit
898 3409 1028 3483 compos)
1053 3408 1206 3482 dupliciter
1228 3407 1329 3465 haberi

252 3505 361 3570 potest:
387 3504 437 3555 aut
451 3515 504 3571 ope
522 3502 633 3558 numeri
656 3519 704 3559 seu
727 3503 904 3561 collectionis
919 3509 1076 3580 unitatum,
1092 3512 1143 3562 aui
1157 3521 1211 3578 ope
1232 3512 1331 3562 exten-

252 3598 340 3653 sionis
365 3612 413 3654 seu
438 3599 589 3671 positionis
614 3601 740 3672 partium
763 3607 845 3658 extra
867 3609 974 3676 partes
1005 3603 1078 3660 ilinc
1102 3604 1252 3678 quantitas
1276 3619 1327 3660 cx·

252 3694 345 3767 surgit
367 3691 494 3750 eliscrcin
519 3694 562 3752 rel
586 3698 735 3754 ceratinae.
762 3696 851 3755 Porro
878 3703 1048 3758 eutitianum
1077 3717 1140 3757 esse
1164 3706 1257 3772 potest
1283 3701 1328 3757 vel

253 3793 365 3863 proprie
385 3791 507 3865 dictum,
528 3793 605 3866 quod
630 3796 717 3851 etium
740 3795 982 3855 rnoidrraait'cren
1012 3804 1129 3870 vocant,
1154 3797 1198 3852 rel
1220 3798 1329 3868 impro-

251 3889 311 3960 prie
330 3887 453 3962 dictura,
469 3889 545 3962 quod
567 3891 713 3963 appellant
727 3892 894 3968 pataream,
913 3896 962 3953 sed
982 3896 1083 3952 melius
1102 3895 1245 3951 diceretur
1260 3910 1330 3950 con·

252 3988 375 4061 liguum.
400 3986 528 4047 Primum
550 3994 604 4061 est,
627 3989 744 4064 quando
764 3998 870 4066 partes,
894 4011 968 4068 (pirae
992 4001 1111 4051 extenso
1135 3994 1245 4066 insunt,
1268 4008 1327 4048 non
