2892 4425
470 368 546 409 PARS
567 367 686 409 uam
707 380 719 395 ·
741 366 956 411 eslcnctoerl
1192 363 1247 413 165

238 482 286 533 tc.
306 475 348 533 At
362 473 517 533 audiamus
533 475 642 550 quibus
652 472 822 535 'rationibus
840 474 1000 535 aduersarii
1014 479 1156 535 nituntur.
1169 476 1249 535 licer-

174 570 247 631 nalll
263 570 542 631 denurnstrationem
562 574 671 645 proprii
691 574 818 635 nominis
836 572 947 631 nudam
963 573 1102 647 adeum,
1115 572 1169 633 sed
1186 590 1250 633 ram

173 672 247 729 satis
269 686 300 726 se
319 668 442 743 probare
471 668 650 727 arbitrantur
671 669 813 743 exemplis
836 670 1006 745 nonnullis,
1026 670 1134 745 qtdbus
1153 678 1249 729 osten·

173 768 250 827 dunt
269 770 299 825 in
323 768 405 827 omri
436 769 620 840 perceptione
648 772 750 827 metra
774 766 953 827 obiectorum
986 767 1107 827 realium
1130 770 1250 842 reperiri

174 863 391 937 persuasionem
404 868 515 921 certem
533 861 571 919 de
584 862 753 921 eorumdem
768 864 934 938 esemona,
949 878 1025 937 quae
1044 864 1188 938 supinari
1202 880 1251 923 ne·

174 962 239 1034 quit
258 960 315 1017 nisi
339 974 390 1033 per
402 957 556 1017 iudicium.
579 958 621 1017 rt
638 958 669 1017 lri
687 974 792 1019 reuera
807 962 901 1019 &em
927 959 1090 1019 verberant.
1113 960 1251 1021 Fatemur

175 1057 254 1116 enirn
272 1071 338 1115 mm
358 1058 573 1130 pemumlonem
591 1054 693 1115 adesse
710 1062 800 1131 sique
815 1072 852 1115 ex
870 1056 977 1115 iudicio
997 1056 1096 1133 allqm
1116 1058 1147 1115 in
1163 1056 1251 1115 ncb'n

177 1152 339 1228 procedere.
359 1152 400 1213 rit
416 1151 486 1211 lrlnc
500 1168 559 1211 non
573 1152 655 1213 alind
672 1152 775 1213 inierri
794 1160 900 1227 potest,
917 1154 973 1211 nisi
991 1152 1130 1213 iudicium
1147 1155 1251 1213 mene·

176 1250 255 1311 dicte
271 1252 353 1324 sapei
369 1256 436 1324 post
452 1252 682 1325 perceptionem,
695 1250 858 1325 etquidem
872 1251 1046 1309 nemanc-
1061 1248 1102 1311 At
1119 1252 1252 1325 quaestio

177 1361 236 1405 non
250 1350 281 1405 in
301 1346 618 1421 marmorearum
639 1353 848 1421 concerpat,
866 1346 916 1407 sed
933 1352 1065 1407 venator
1083 1348 1113 1405 ic
1136 1346 1193 1407 hcc
1211 1361 1251 1407 un

177 1444 317 1505 iudicium
329 1445 403 1505 idad
424 1460 494 1505 oum
513 1447 695 1519 perceptione
707 1448 774 1521 lpse
786 1444 1000 1519 conlaudatum
1020 1444 1097 1520 qnod
1119 1446 1174 1519 ipsi
1192 1460 1250 1505 nnn
1351 1502 1353 1505 .

178 1542 323 1618 poian,
348 1558 403 1603 nec
424 1542 549 1616 prolem
572 1550 704 1617 possunt.
1261 1587 1264 1601 2
1376 1576 1379 1583 ·

120 1666 124 1672 ·
235 1640 284 1701 Ad
307 1639 416 1701 &mle
439 1646 538 1702 sutem
557 1639 636 1717 qnod
661 1642 791 1716 attinet,
814 1643 840 1703 is
863 1641 939 1701 dens
967 1644 1094 1701 rationes
1121 1638 1249 1701 adim.

179 1738 277 1797 Prima
289 1744 348 1811 eet,
367 1737 448 1813 quod
466 1736 576 1797 indicia
592 1754 643 1811 per
657 1741 904 1813 comparationem
920 1738 1021 1801 miella
1042 1737 1121 1799 ideas
1141 1736 1252 1797 carrin-

179 1842 243 1895 rent
261 1835 442 1909 mattea,
468 1835 591 1909 proinde
611 1835 789 1897 anteactam
810 1837 980 1897 relationem
1004 1840 1080 1895 inter
1102 1852 1152 1895 eas
1174 1835 1252 1895 dete·

179 1939 301 2009 gerent,
321 1948 380 1991 non
400 1932 583 1993 individuam
600 1941 631 1993 et
649 1939 826 1995 conmissa.
849 1933 980 2007 Deinde,
1001 1934 1081 2009 quod
1101 1936 1127 1993 sl
1146 1931 1254 1992 indicis

178 2032 299 2106 quaevis
318 2046 357 2089 err
375 2032 592 2104 comparatione
613 2031 814 2105 procederent,
830 2030 978 2090 abstracta
991 2032 1136 2091 concretis
1155 2031 1185 2087 ln
1207 2044 1252 2087 co

178 2127 513 2211 gnoscendcpraeirent,
533 2127 575 2187 et
585 2127 618 2187 id
633 2130 827 2203 experientiae
840 2135 870 2187 et
891 2128 996 2187 rationi
1017 2140 1179 2201 repugnare
1191 2126 1251 2199 ait;

177 2240 303 2301 quarum
322 2225 414 2286 altera
436 2232 534 2285 monet
561 2227 671 2301 primes
695 2228 876 2302 cognitiones
899 2228 929 2284 ln
950 2225 1096 2284 poneretis
1120 2225 1252 2296 remu,

179 2321 271 2382 altera
294 2324 408 2382 nonnisi
430 2341 466 2386 ea
481 2323 528 2382 his
542 2323 800 2384 ebsnmmmeltci
823 2339 917 2398 posse.
936 2323 1014 2398 Ergo
1036 2323 1130 2396 prima
1149 2322 1254 2379 mentis
1341 2345 1344 2353 f
1436 2385 1443 2394 ‚

179 2421 310 2493 operatio
329 2433 388 2481 non
408 2421 637 2496 apprehensione
657 2424 842 2495 continetur,
861 2420 913 2482 sed
931 2421 1054 2492 indici03
1074 2433 1128 2476 nce
1143 2415 1252 2476 indicia

56 2550 68 2565 κ
86 2532 90 2537 ·
178 2515 315 2589 caldeis,
336 2516 387 2578 sed
406 2520 504 2591 potius
522 2517 605 2578 ideae
623 2535 662 2578 ex
678 2518 804 2578 indiciis
816 2519 1000 2578 deriuamur.

241 2612 348 2673 Verum
370 2614 426 2674 irae
444 2613 631 2676 dilllcultetes
649 2631 688 2677 as
704 2616 837 2691 neglectu
865 2621 1019 2676 accuratae
1039 2612 1169 2690 analpsls
1187 2627 1254 2685 ope-

79 2758 83 2764 .
180 2711 326 2771 rationum
347 2719 513 2773 msuarnm
530 2714 678 2774 orientur.
696 2711 774 2774 llam
792 2714 975 2785 existentiae,
997 2725 1073 2784 qaae
1085 2706 1253 2768 lmmmiste

179 2813 408 2883 mgeoscuotur,
429 2815 481 2868 aut
502 2823 626 2885 corpora
648 2817 736 2884 aust,
755 2817 807 2870 aut
828 2810 954 2871 animus.
976 2807 1031 2866 illa
1051 2805 1216 2866 releruntur
1237 2819 1255 2864 a

178 2903 325 2978 sensibus,
337 2905 389 2965 alc
400 2909 577 2968 conadeatla
588 2910 753 2985 attingitur.
767 2908 809 2968 At
824 2909 887 2966 siae
907 2905 1009 2966 aenens‘
1028 2907 1092 2964 siue
1105 2905 1254 2964 comelan-

180 3001 221 3059 tla
241 3001 453 3080 consideretur,
477 3005 566 3064 ambo
590 3005 737 3066 obiectans
764 3005 896 3064 relemnt
916 3011 1002 3080 prout
1025 3009 1088 3076 eat,
1112 3017 1148 3060 ac
1171 3006 1256 3076 prout

181 3095 219 3156 ad
238 3101 453 3173 percipiendum
475 3110 584 3164 movet.
606 3103 759 3164 Oblectnm
775 3109 874 3164 autern
899 3119 957 3162 non
978 3102 1061 3162 aliter
1074 3105 1183 3173 exstat,
1198 3099 1256 3158 nbi

180 3200 214 3252 ut
234 3195 381 3270 singulare
399 3205 430 3258 et
447 3206 630 3276 comedam,
646 3216 701 3261 nec
718 3203 790 3275 alal,
809 3207 954 3276 quatenus
974 3199 1035 3260 tale
1051 3204 1109 3272 est,
1126 3197 1256 3271 cogitan-

180 3298 240 3350 tem
256 3309 307 3366 per
326 3311 358 3352 se
375 3296 509 3370 impellit.
533 3297 649 3359 Primus
670 3300 760 3375 igitur
781 3305 864 3358 aetus
886 3298 1073 3374 cognitionis,
1098 3297 1161 3354 slve
1181 3292 1256 3352 dire·

178 3395 244 3448 etse
257 3392 320 3449 elec
337 3391 627 3468 memoriarum
644 3403 813 3456 concretam
830 3402 861 3454 et
878 3394 1059 3469 complexam
1079 3391 1208 3466 altingit.
1222 3387 1257 3448 ld

179 3491 295 3546 tantum
323 3487 409 3548 docet
430 3493 608 3565 experientia
627 3499 658 3550 et
677 3495 764 3552 ratio.
790 3493 899 3551 Verum
922 3491 994 3550 laser
1020 3490 1189 3550 edversario
1213 3486 1257 3544 nil

178 3581 394 3660 suiimgantur.
420 3587 486 3646 Non
510 3592 589 3648 enlm
610 3589 647 3648 de
670 3589 774 3648 ordine
794 3590 971 3666 cognitionis
996 3588 1155 3664 gweredm
1178 3599 1257 3644 snm·

117 3710 140 3745 ·,
180 3687 247 3754 ptaa
267 3681 317 3740 iric
337 3683 484 3759 loquimur
499 3685 596 3761 (qnam
609 3687 736 3746 latemur
753 3702 773 3746 a
791 3688 936 3746 concretis
950 3684 1104 3746 exordium
1117 3683 1257 3755 sumeret,

179 3777 232 3835 sed
256 3781 403 3856 loquimur
422 3783 459 3842 de
482 3785 545 3841 solo
571 3783 673 3842 ordine
692 3787 869 3862 cognitionis
894 3780 1039 3840 mentalis.
1065 3781 1198 3838 lamvero
1228 3779 1258 3833 ln

180 3872 237 3931 hoe
253 3877 355 3936 ordine
375 3879 414 3937 ab
434 3880 649 3939 universalibus
661 3886 690 3938 et
712 3879 868 3940 abstractis
888 3881 1003 3940 animus
1021 3879 1135 3951 incipit,
1155 3889 1258 3949 quem-

181 3970 340 4033 admodum
367 3979 398 4034 in
421 3978 603 4052 praecedenti
627 3979 813 4056 paragrapho
837 3979 1058 4054 explicavimus.
1092 3971 1175 4045 Quod
1200 3987 1258 4047 quc
