2892 4425
477 354 554 399 raas
574 352 678 398 earn
698 370 710 383 ·
727 354 927 402 uoauonouru
996 420 1001 429 ι
1199 348 1236 402 tt

160 467 268 527 fictitii
285 472 315 525 et
334 458 467 524 absoiuto
486 463 621 523 reaiismo
637 461 819 541 Scheiiingii,
833 467 919 525 novis
938 462 1094 527 uerborum
1110 464 1237 544 ambagi·

161 566 217 625 bns
236 572 267 623 et
286 553 513 623 obscuritatibus
532 562 708 622 inuoiutum.
1271 620 1277 633 Ι

221 662 355 737 maique
371 660 461 737 Belga
473 661 605 736 quidum,
617 661 736 718 nomine
746 658 874 735 Aureus,
890 662 944 719 etsi
956 654 1122 739 Spinonem,
1139 660 1238 725 Schei-

162 762 244 837 itng,
266 760 356 836 Hegei
380 760 511 835 aiiosque
532 756 724 833 reprehendat
747 756 950 834 pantheistas3
976 760 1117 819 eiusmodi
1139 767 1237 821 tamen

160 858 326 917 docuinam
347 855 592 915 transoendeutaii
613 854 751 913 methodo
771 852 871 931 oiiert,
890 870 965 931 quae
987 854 1025 915 nin
1047 857 1149 917 iisdem
1171 872 1238 918 ora·

161 959 242 1016 tione
258 955 399 1030 discedit,
420 960 565 1013 renotem
583 955 703 1012 omnino
721 956 875 1013 consentit.
896 952 1005 1013 Statuit
1023 956 1101 1013 enim
1120 970 1172 1015 eus
1190 971 1238 1016 uu·

162 1068 295 1133 promum
314 1053 396 1111 reiut
412 1051 520 1127 dupiici
540 1050 704 1125 praeditum
721 1052 887 1127 categoria,
908 1030 1038 1109 corbino·
1055 1053 1193 1112 nimirum
1209 1058 1240 1113 et

161 1152 290 1227 infiniti,
315 1150 352 1208 ad
372 1164 461 1225 quam
481 1151 611 1208 revocari
629 1148 756 1208 debeant
776 1149 895 1222 spiritus
912 1153 942 1207 et
957 1163 1099 1223 corpora,
1123 1164 1158 1207 ex
1177 1152 1240 1225 qui·
1273 1150 1276 1155 ’

162 1249 220 1309 bus
233 1257 332 1308 rerum
345 1250 521 1307 universitas
538 1253 770 1323 coagmentatur.
788 1247 845 1306 iios
861 1262 931 1305 vero
945 1252 1056 1305 orentes
1071 1246 1144 1305 nihii
1159 1247 1240 1307 aiiud

40 1368 44 1372 ·
150 1362 228 1406 ¹esse
246 1345 336 1421 dicit,
354 1347 412 1403 nisi
431 1344 549 1403 divinae
566 1351 689 1414 naturae
710 1342 957 1404 manifestationes
974 1346 1142 1421 oppositas,
1166 1360 1239 1423 quu-

163 1458 231 1502 rum
248 1446 347 1502 unitas
366 1448 396 1501 et
414 1442 550 1501 identitas
571 1456 708 1518 suprema
727 1440 806 1500 Deus
823 1443 885 1516 ipse
905 1444 960 1517 sit,
981 1458 1067 1518 quem
1086 1445 1138 1518 qui
1157 1458 1174 1503 a
1195 1459 1239 1503 re-

165 1556 231 1600 rum
249 1541 384 1616 congerie
401 1538 634 1614 discriminarat,
656 1541 684 1597 is
700 1540 731 1597 iu
751 1536 931 1597 duuiiamum
950 1540 1121 1600 incurreret.
1143 1540 1241 1613 Quare

165 1640 280 1714 saepius
302 1636 431 1696 inculcat
454 1640 595 1695 naturam
616 1641 647 1694 et
668 1638 808 1712 mium
832 1634 970 1712 quiddam
996 1636 1130 1696 divinum
1154 1652 1240 1713 esse,

165 1734 259 1794 Βοιιιιι
284 1750 354 1793 vero
378 1736 518 1804 unitatem
545 1740 575 1792 et
597 1734 777 1793 identitatem
800 1750 900 1793 eorum
923 1737 1080 1812 omnium,
1105 1750 1181 1811 quae
1203 1734 1241 1795 nd

166 1832 217 1892 iiia
238 1832 298 1893 duo
316 1841 418 1892 rerum'
436 1847 543 1909 genera
564 1838 751 1891 revocantur.
778 1832 959 1909 Quapropter
980 1832 1071 1893 Deum
1092 1849 1146 1893 noo
1169 1848 1241 1909 pure

166 1931 367 2005 spirituatem,
393 1944 447 1988 uec
469 1944 542 2004 pure
562 1944 734 2003 corporeum
757 1928 816 1987 dici
842 1944 946 2005 posse;
972 1930 1023 1989 sed
1045 1932 1162 1989 tertium
1188 1930 1240 1989 aii·

165 2026 249 2103 quid,
267 2027 347 2103 quod
360 2042 379 2085 a
392 2026 608 2102 Scheiiingiana
625 2023 834 2101 indifferentia
851 2022 1055 2101 disserentium
1072 2028 1123 2085 vix
1140 2034 1191 2087 aut
1204 2044 1242 2087 ue

165 2128 218 2184 vix
237 2125 354 2200 quidem
377 2123 497 2181 diiierre
516 2122 643 2182 arbitror
657 2125 679 2179 ¹.
704 2124 865 2199 Aegrorum
886 2138 957 2182 sune
979 2124 1144 2199 insomnia,
1168 2140 1243 2199 qnae

166 2228 335 2298 contemptu
352 2224 566 2298 exciperentur,
584 2223 641 2280 nisi
658 2237 796 2296 praesens
812 2223 951 2281 mentium
966 2219 1161 2280 humanarum
1180 2236 1242 2279 ver-

165 2322 228 2396 tigo
248 2325 278 2379 et
296 2317 429 2380 debilitas
447 2319 486 2379 od
504 2321 611 2378 seriam
631 2319 862 2379 confutationem
882 2325 1007 2396 cogeret.

372 2522 550 2577 Ponitetmi
567 2523 731 2593 peuerutim
746 2521 869 2592 inspecti
887 2517 1036 2591 retiatotto.

229 2718 259 2768 7.
277 2709 425 2786 Principio
438 2710 765 2787 itaquePuntheismum
776 2713 934 2788 generatim
949 2713 1128 2788 impetimus,
1138 2715 1246 2789 ipsum·

167 2823 224 2884 que
239 2811 448 2885 cuiuscumque
465 2810 577 2871 formae
594 2813 644 2886 sit,
663 2810 701 2869 ad
719 2826 781 2869 rem
797 2809 876 2885 quod
894 2811 1007 2884 attinet,
1026 2825 1092 2868 oum
1109 2825 1182 2870 sane
1200 2827 1244 2870 ra-

101 2905 111 2918 '
166 2908 247 2964 tione
266 2907 452 2966 vehementer
473 2923 604 2982 pugnare
622 2908 759 2967 dicimus.
781 2908 866 2982 Quod
890 2908 1008 2984 quidem
1033 2909 1169 2983 periuciie
1195 2909 1244 2968 de·

168 3008 324 3062 monstrari
348 3012 465 3081 potest,
488 3007 514 3064 si
541 3005 587 3065 vei
614 3006 670 3064 hoc
694 3022 787 3066 uuum
811 3007 1025 3068 consideretur:
1051 3023 1085 3066 eo
1104 3007 1244 3085 figmento

166 3107 212 3160 tot
230 3102 473 3162 contradictiones
497 3104 624 3163 conferri
649 3105 761 3179 simui,
789 3111 821 3164 ut
847 3106 972 3167 arduum
996 3105 1081 3180 piune
1105 3108 1144 3166 sit
1167 3105 1245 3165 aiiud

166 3201 343 3275 excogitare,
363 3200 442 3276 quod
460 3202 518 3275 ipsi
536 3203 567 3258 in
584 3201 735 3260 delirando
754 3203 941 3262 assimiletur.
962 3203 999 3260 Et
1018 3219 1049 3261 re
1069 3217 1140 3262 saue
1156 3218 1245 3279 vera,

166 3299 192 3353 si
208 3297 352 3373 mundns,
366 3304 400 3357 ut
416 3305 517 3362 rentur
536 3297 729 3374 pantheistae,
747 3315 813 3358 cum
831 3298 893 3358 Deo
910 3316 1002 3360 unum
1020 3315 1139 3376 prorsus
1157 3300 1247 3360 idem·

226 3443 237 3485 1
252 3439 336 3487 coum
354 3437 387 3486 de
403 3437 504 3487 Piritos.
515 3437 574 3499 soit
587 3439 604 3488 ὰ
619 3442 768 3489 Parisinus
787 3440 823 3490 tes
841 3453 916 3503 areop.
932 3439 969 3490 du
982 3432 1186 3503 pouoeruemeut
1197 3443 1245 3491 eto.

166 3517 228 3566 Prae
243 3515 360 3566 omnibus
380 3519 471 3569 reicere
485 3520 593 3569 suiiiciet
609 3521 671 3569 iaaac
691 3519 778 3581 verba,
795 3531 859 3582 quoe
875 3521 963 3570 arroior
979 3518 1053 3570 habet
1072 3520 1199 3569 roiumiue
1215 3531 1249 3569 se
1339 3531 1342 3540 ¹

166 3596 249 3647 eundo
267 3598 338 3648 citati
354 3600 437 3661 operis
454 3613 508 3663 pag.
522 3609 581 3651 268:
596 3620 608 3644 α
622 3603 655 3650 i.e
675 3599 766 3650 monde
781 3600 871 3664 entier,
886 3601 1012 3650 constans
1026 3601 1062 3650 iea
1077 3603 1199 3664 rapports,
1211 3601 1249 3650 eat

167 3695 180 3719 ι
192 3689 224 3726 en
242 3677 317 3738 Dieu,
333 3691 407 3741 paroc
424 3693 475 3742 que
493 3693 538 3730 son
551 3693 651 3730 esseuoe
666 3681 703 3730 est
718 3679 750 3729 de
766 3679 882 3730 i’esseuoe
896 3679 990 3740 divine,
1008 3683 1034 3730 et
1044 3693 1094 3743 que
1106 3680 1248 3730 i'erisienoe

166 3776 180 3800 a
192 3769 224 3807 en
239 3758 322 3808 tontes
340 3760 429 3809 choses
445 3761 518 3823 u'est,
539 3771 636 3810 comum
653 3773 716 3811 nous
734 3773 812 3810 avons
830 3773 873 3822 ru,
890 3773 939 3824 que
956 3761 1073 3812 i’esseuoe
1090 3759 1246 3823 dereioppee.

140 3852 144 3859 ·
168 3855 181 3880 ι
194 3839 230 3887 ce
245 3838 308 3888 u’est
325 3837 390 3889 dono
407 3854 457 3903 quo
477 3853 522 3904 par
540 3841 604 3890 suite
624 3840 683 3889 d'un
701 3841 884 3890 raisonnemeut
900 3854 947 3903 peu
967 3839 1083 3903 proiond,
1100 3841 1176 3903 qu'un
1190 3843 1249 3904 peut

167 3935 179 3959 ιι
191 3916 254 3966 taire
270 3917 296 3967 ia
308 3917 453 3969 distinctmu
472 3923 541 3970 entre
558 3921 673 3971 i’essence
689 3923 714 3971 et
728 3921 868 3971 i'eristeuce
886 3920 1000 3972 eiieotive
1017 3920 1052 3970 du
1071 3920 1170 3982 monde,
1183 3933 1246 3982 pour

167 4015 179 4039 ι
192 3996 254 4047 iuire
272 4001 367 4050 rentrer
386 4000 410 4050 ia
424 3999 544 4063 premiere
563 4001 625 4051 dans
642 4001 758 4052 i'essente
772 4000 803 4050 de
822 4001 883 4052 Dieu
899 4013 929 4052 en
951 4001 1066 4051 exuiuuni
1086 4000 1182 4050 i’autre.
1200 4021 1210 4041 n
