2892 4425
712 336 842 379 wGiCA}

610 545 746 615 CAPUT
777 542 946 613 intirim

398 718 435 761 DE
448 717 595 763 ventuius
609 717 778 773 naumsoua
791 718 937 761 ῊΠΜΔΝΑΕ
954 717 1060 773 Quoan
1073 717 1162 761 {HM

704 806 854 853 sranius.

305 935 387 995 iisnc
399 936 636 1013 disceptationum
656 943 782 1013 quotuor
793 934 924 995 articulis
942 936 1177 1010 complectemur.
1203 935 1314 1010 Primo,

246 1036 306 1093 veri
324 1036 482 1110 notionem,
502 1038 665 1112 mentisque
686 1034 723 1093 sd
742 1049 844 1093 verum
864 1036 982 1091 nitentis
1000 1039 1110 1109 stutus3
1129 1032 1225 1091 tribus
1244 1048 1313 1091 sero

155 1150 162 1169 ¹
245 1134 362 1211 retiquts
374 1132 411 1193 dc
423 1134 470 1195 his
483 1134 638 1210 reperitim
652 1137 816 1209 quiescite
830 1134 992 1191 cacumin
1005 1138 1077 1191 sunt
1090 1131 1312 1207 explicabimus.

665 1329 847 1387 nauicunus
868 1328 890 1386 i.

417 1527 499 1603 Quid
513 1532 577 1587 ueri
592 1531 683 1606 nodo,
702 1534 731 1590 et
746 1528 912 1606 quotuplex
928 1532 1033 1589 mentis
1047 1533 1141 1589 statas

674 1635 879 1714 circu‘a'psam.

305 1825 355 1877 is.
379 1818 546 1893 Veritatem,
570 1826 603 1879 ut
621 1821 745 1895 quisque
763 1819 818 1877 sibi
838 1825 883 1879 est
902 1821 997 1892 testis,
1021 1834 1080 1877 uon
1104 1817 1190 1877 modu
1213 1835 1316 1877 conee-

241 1912 363 1995 pir'btu,
387 1914 439 1975 sod
456 1918 544 1975 mam
563 1918 676 1991 rionis,
696 1916 803 1993 quibus
825 1916 867 1975 iiii
890 1919 1071 1977 extrinsecus
1090 1920 1317 1993 exprimuntur,

245 2021 274 2073 et
290 2019 437 2089 praetereo
455 2011 574 2073 obtectas
596 2016 666 2089 ipsis
686 2013 812 2073 tribuere
831 2016 1059 2073 consuescimus.
1075 2013 1123 2073 Sic
1140 2031 1242 2073 verum
1254 2032 1317 2073 scr·

128 2192 134 2199 ,
246 2128 371 2187 monem,
386 2126 471 2171 verus
492 2126 548 2187 res,
562 2128 646 2171 verus
663 2112 741 2171 ideas
761 2114 957 2173 nominamus.
974 2112 1050 2171 Hinc
1067 2112 1197 2188 proiecte
1210 2113 1318 2172 dianio

244 2216 289 2270 est
310 2212 340 2270 in
363 2212 513 2270 veritatem
537 2209 673 2287 topicam,
696 2209 837 2270 moralem
856 2217 888 2270 et
905 2209 1136 2288 metaphysicom
1151 2214 1173 2269 ¹.

305 2307 419 2368 Veritus
439 2307 534 2384 logica
552 2313 708 2384 conceptus
729 2307 840 2384 afficit,
868 2311 1041 2384 poniturque
1061 2313 1092 2370 iu
1111 2312 1316 2370 convenientia

244 2407 418 2482 cognitionis
439 2423 505 2466 cum
526 2405 646 2466 obiectis
668 2422 744 2482 quae
764 2410 986 2483 perspiciantur.
1012 2407 1086 2466 iiam
1106 2425 1141 2467 ca
1157 2410 1317 2483 cogitatio,

244 2521 320 2588 quae
340 2505 453 2566 obiecto
471 2512 626 2581 consonat,
650 2521 718 2564 vera
740 2503 879 2581 habetur,
902 2522 978 2582 quac
998 2513 1101 2565 contra
1125 2506 1239 2564 obiecto
1254 2485 1317 2564 dis·

243 2603 338 2678 sidet,
361 2603 436 2663 fuiss
455 2611 649 2679 nuncupatur.
672 2603 720 2664 Sic
743 2621 811 2664 cum
833 2606 898 2679 quis
919 2605 1009 2663 soiem
1029 2607 1139 2680 cogitat
1157 2612 1192 2676 ut
1210 2621 1319 2680 mrpus

248 2703 368 2760 immani
387 2701 551 2778 praeditum
570 2701 781 2777 magnitudine,
797 2705 954 2778 cognitioni
974 2705 1189 2779 inminentes,
1209 2705 1320 2778 quippe

246 2799 490 2875 quemadmodum
514 2802 718 2876 cognoscitur,
745 2803 787 2859 ita
809 2810 853 2860 ost
874 2801 1030 2861 obiectum.
1056 2803 1164 2861 Cunus
1189 2805 1320 2878 cognitio

246 2896 320 2956 fuiss
336 2897 423 2972 foret,
444 2899 470 2955 si
486 2912 554 2956 cum
575 2896 721 2972 Epicureis
740 2898 784 2958 soi
803 2900 978 2975 cogitaretur
997 2915 1061 2959 esso
1077 2899 1199 2975 podatis.

250 3033 254 3040 -
305 2994 506 3072 Metuphysica
523 2997 631 3054 veritas
650 2999 767 3072 ponitur
784 2997 815 3054 in
829 2997 885 3055 hoc
904 2997 983 3074 quod
996 2997 1140 3056 obiectum
1161 3013 1197 3056 es
1216 3001 1319 3056 omnia

243 3092 361 3170 habeat,
386 3109 461 3169 quae
478 3093 515 3154 ad
538 3094 700 3153 naturalem
720 3096 783 3154 eius
807 3097 1041 3155 constitutionem
1065 3097 1221 3171 pertinent.
1243 3095 1320 3155 (ium

245 3193 322 3250 enim
341 3189 470 3268 aliquid,
491 3207 538 3252 es.
561 3207 605 3268 gr.
628 3181 750 3268 aurum,
771 3209 872 3252 verum
894 3211 957 3253 csso
976 3195 1124 3269 dicimus,
1138 3193 1210 3254 nihii
1236 3193 1321 3254 siiud

245 3291 366 3349 innuere
389 3289 549 3367 volumus,
574 3291 632 3350 nisi
654 3305 714 3350 rem
740 3291 820 3350 iiiam
845 3293 881 3351 iis
902 3297 1035 3352 constare
1057 3295 1158 3365 notis,
1178 3307 1254 3367 quse
1278 3291 1321 3352 ad

244 3388 306 3447 eius
321 3391 455 3446 naturum
475 3389 707 3448 constituendam
726 3395 868 3464 spectant.
883 3389 922 3450 at
940 3391 1079 3466 quoniam
1091 3392 1201 3449 veritus
1215 3391 1321 3466 cugni-

129 3491 131 3496 '
244 3487 319 3545 duni
339 3487 522 3562 potissimum
532 3485 689 3562 tribuitur,
709 3494 739 3546 ct
757 3505 803 3546 res
823 3489 853 3546 in
872 3485 1148 3548 tuntam'ciusmodi
1170 3489 1321 3548 notionum

245 3582 383 3666 induunt,
397 3586 427 3643 in
441 3593 587 3663 'quantum
607 3586 644 3645 ad
666 3587 771 3645 mentis
792 3589 926 3646 notitiam
948 3587 1049 3662 aliquo
1063 3573 1175 3645 ratione
1187 3585 1325 3663 ¹referuu·
1372 3578 1378 3582 ’

306 3753 396 3802 iiiseo
413 3752 576 3802 recentiorum
595 3751 695 3814 partitio
708 3752 822 3814 congruit
835 3752 985 3802 adamussim
1001 3751 1203 3812 comestoribus,
1222 3750 1268 3815 qui
1280 3763 1325 3800 se·

243 3829 341 3881 ritatem
352 3831 474 3882 trifariam
487 3830 667 3894 portiebsutm:
680 3833 708 3880 tu
721 3831 837 3894 meeum,
852 3836 881 3882 tn
892 3831 1076 3905 stenthopdo,
1091 3835 1121 3882 ta
1131 3830 1323 3894 cossoscmdo.

248 3909 354 3962 Primum
371 3911 443 3962 rebus
462 3911 540 3960 inesse
558 3909 706 3973 msombsnt,
722 3909 824 3960 situum
842 3913 927 3975 signis,
945 3913 1042 3962 tertiam
1056 3913 1199 3973 cognitioni.
1218 3911 1326 3972 emtor,

247 3989 267 4039 si
287 3990 369 4053 lubet,
385 3993 476 4040 sueres
490 3990 681 4053 Metopapecae
699 3994 716 4040 i.
732 3999 756 4052 i,
776 3991 847 4043 initio
864 3993 1037 4055 disputationis
1052 3997 1161 4042 octutsc
