2892 4425
240 356 298 407 176
564 361 804 406 munemundus
825 360 986 407 sericinis

237 487 311 533 sona
329 474 440 549 magle,
461 476 612 546 propterea
630 471 708 547 qnod
728 472 768 531 nil
788 471 907 531 firmum
926 488 962 531 ee
981 478 1077 531 ratum
1095 470 1197 559 efferri
1217 481 1315 549 potest

238 586 308 646 cur,
321 569 503 646 speculativo
518 569 674 629 dumtaxat
688 570 796 629 lodiclo
813 562 1016 645 praelucente,
1032 569 1168 629 voluntas
1184 572 1215 629 ln
1231 571 1316 631 obie-

237 674 318 726 ctum
338 666 406 726 ferri
424 672 564 743 nequeat3
579 682 647 725 curn
661 667 700 725 ed
718 668 890 727 rationalem
906 668 1075 727 electionem
1089 670 1161 726 satis
1176 668 1314 729 uideatur

238 768 361 824 retlonls
374 764 535 840 dictamen,
549 781 609 839 quo
622 746 768 823 obiectum
784 772 816 825 ut
830 765 958 840 optabile
968 772 1162 841 proponatur.
1179 768 1313 841 Itemque

237 878 297 922 non
317 870 437 938 apparet
455 879 524 939 cnr,
545 864 640 936 posito
660 862 770 921 iudicio
788 866 934 938 practico,
955 863 1093 922 uoluntas
1113 866 1209 937 ipsum
1229 868 1312 939 sequi

122 1007 131 1021 ,
237 960 383 1037 adigetur.
406 960 480 1019 Narn
495 960 640 1019 oblecmm
654 959 728 1018 illud
742 963 796 1018 etsi
810 960 1004 1035 appetendum
1020 960 1181 1034 iudicetur,
1196 977 1311 1036 semper

236 1063 348 1117 famen
361 1063 594 1133 repraesentatur
617 1064 769 1131 tamqnam
795 1056 937 1117 limitibus
962 1064 991 1116 et
1015 1056 1235 1132 imperfectione
1259 1059 1311 1119 adr

238 1156 380 1231 mixtum5
394 1162 482 1231 atque
495 1155 560 1213 ideo
572 1171 687 1230 semper
700 1154 846 1214 voluntati
861 1154 1033 1231 relinquitur
1048 1155 1172 1215 facultas
1184 1155 1310 1231 idipsum

238 1254 393 1329 respuendi
413 1253 469 1313 sub
489 1252 546 1312 lmc
566 1253 669 1311 saltem
688 1252 929 1313 consideratione.
952 1252 1084 1329 Denique
1101 1256 1125 1311 si
1145 1270 1196 1329 per
1214 1257 1311 1329 ipsum

237 1351 446 1411 Bellarminum
467 1353 499 1407 in
517 1353 674 1417 omissione
695 1349 787 1409 libera
804 1349 906 1409 haberi
925 1357 1018 1426 potent
1036 1352 1206 1410 exercitium
1227 1350 1311 1411 llber-

238 1451 310 1509 tatis
327 1451 391 1507 sine
410 1447 598 1522 praecedente
617 1448 727 1507 iudicio
744 1450 892 1523 practico,
915 1464 972 1507 non
993 1448 1109 1507 videtur
1128 1464 1180 1507 cur
1200 1452 1311 1507 exerei-

237 1548 315 1605 tium
330 1545 491 1604 voluntatis
505 1547 536 1602 in
554 1552 621 1604 actu
640 1548 767 1619 positivo
784 1544 924 1605 iudicium
942 1544 1014 1605 lllud
1032 1550 1160 1621 requirat
1178 1562 1310 1606 necessa·

239 1646 299 1719 rlu;
312 1642 467 1717 utrobique
485 1645 563 1701 enirn
579 1658 652 1702 usus
669 1642 811 1703 libertatis
827 1643 970 1720 hebetur,
986 1648 1016 1701 et
1032 1642 1096 1702 ideo
1113 1642 1214 1703 eedem
1234 1647 1311 1703 ratio

238 1739 370 1800 utilitato
622 1743 629 1756 “
1366 1740 1372 1745 “

297 1837 350 1896 Est
368 1844 464 1897 antem
483 1838 691 1913 phoenomenis
707 1842 902 1902 conscientiae
918 1840 1112 1916 conformior,
1133 1856 1168 1899 eo
1186 1840 1310 1915 quodsi

237 1937 382 1995 internam
402 1936 581 1997 consulimus
595 1940 820 2015 experientiam,
837 1938 1024 1999 manifestum
1043 1938 1112 2014 fiet,
1127 1939 1189 1997 solo
1207 1954 1309 2013 specu-

237 2035 329 2095 latiro
349 2034 475 2113 iudicio,
489 2034 569 2114 quod
586 2036 899 2112 obiectumtamqnam
921 2039 1097 2112 appetitione
1115 2036 1236 2113 dignum
1259 2052 1310 2095 no-

236 2133 282 2193 bis
306 2132 431 2211 offerat,
452 2151 538 2212 posse
563 2150 617 2193 nos
641 2150 696 2209 pro
723 2134 865 2193 arbitratu
891 2134 1001 2194 bonnm
1027 2132 1100 2193 illud
1129 2134 1235 2209 eligere
1262 2133 1309 2193 rel

237 2250 389 2310 respuere;
403 2236 547 2312 itemque,
561 2234 670 2294 iudicio
688 2236 793 2309 quovis
814 2236 942 2310 practico
961 2235 1136 2309 imperante,
1150 2247 1234 2308 posse
1254 2247 1310 2291 noo

236 2333 405 2392 milonem
424 2333 561 2392 cohibere
582 2333 628 2391 vel
649 2334 736 2390 mam
758 2335 788 2390 in
810 2333 987 2392 mnirariem
1010 2337 1200 2390 commutare.

296 2429 391 2490 ontio.
406 2431 445 2490 V.
460 2429 498 2488 ad
513 2436 638 2488 mentem
652 2429 915 2489 Leibnitianorum.
934 2428 964 2488 Si
978 2429 1117 2488 iudicium
1133 2427 1307 2502 praecedens

235 2526 399 2588 intellectus
420 2526 601 2587 voluntatem
622 2541 680 2584 nou
699 2526 922 2601 determinaret,
943 2531 1097 2602 possetque
1118 2524 1188 2584 haee
1207 2526 1236 2583 in
1254 2539 1307 2600 op-

234 2627 362 2700 positum
382 2624 468 2699 ferri3
483 2623 604 2684 daretur
617 2626 794 2685 rationatum
809 2627 872 2683 eloe
889 2625 1000 2683 ratione
1014 2622 1188 2694 sufficienti,
1203 2637 1308 2697 nempe

235 2721 396 2782 voluntatis
411 2721 513 2781 electio
525 2725 591 2780 sine
604 2725 727 2781 motivo.
750 2721 840 2797 Atqui
855 2722 885 2781 ld
900 2720 1059 2782 absurdum
1075 2725 1130 2780 est.
1151 2719 1229 2796 Ergo
1248 2727 1306 2780 etc.

156 2897 163 2906 .
293 2812 383 2897 Iiesp.
405 2821 489 2898 Nepa
509 2824 660 2880 maiorm
683 2821 757 2881 Nam
779 2823 854 2879 ratio
876 2818 1025 2879 sufficiens
1046 2820 1206 2895 generatim
1220 2833 1307 2877 sum·

233 2921 285 2990 pta
303 2933 379 2991 uon,
401 2924 436 2976 ut
455 2917 621 2977 chnitiani
643 2919 767 2994 vellent,
789 2935 827 2977 ea·
843 2926 906 2994 est,
926 2915 986 2993 que
1007 2919 1119 2992 posite,
1142 2918 1307 2985 necessario

234 3014 411 3072 rationalem
425 3016 574 3090 exsurgit3
588 3007 640 3074 'scd
653 3031 688 3074 ea
706 3022 767 3090 eet,
781 3032 839 3091 qua
856 3017 967 3092 posita,
983 3017 1159 3075 rationalem
1174 3015 1241 3088 poni
1256 3028 1307 3087 po·

232 3116 290 3169 test
308 3117 459 3185 propterea
472 3111 550 3185 qnod
565 3110 603 3171 ad
615 3114 712 3187 ipsum
734 3112 807 3172 nihil
827 3112 917 3171 deest.
941 3112 995 3171 llis
1016 3111 1177 3186 omatibus,
1191 3107 1307 3168 eviden-

233 3213 277 3266 ter
297 3213 420 3283 epparet
438 3208 540 3267 adesse
557 3208 606 3267 hle
625 3212 770 3270 rationem
791 3211 939 3270 electionis
957 3208 1151 3268 sufficientem
1169 3224 1205 3268 ex
1224 3213 1307 3282 parte

231 3309 295 3362 tum
316 3304 421 3363 obiecti
440 3311 504 3363 turn
526 3305 659 3365 subiecti.
688 3307 722 3365 ln
747 3307 861 3366 obiecto
883 3308 961 3364 enirn
985 3312 1029 3364 est
1054 3305 1170 3363 bonitas
1194 3319 1307 3378 semper

231 3400 347 3477 aliqua,
362 3417 438 3477 qnae
458 3401 569 3464 suflicit
587 3404 626 3462 ad
646 3407 808 3479 appetitum
828 3404 1039 3463 inclinandum.
1062 3403 1097 3460 ln
1113 3401 1243 3460 subiecto
1262 3407 1307 3460 est

231 3498 277 3556 uis
297 3503 419 3558 actuosa
439 3507 469 3559 et
490 3501 631 3577 electiva,
653 3519 729 3577 qnae
750 3502 929 3560 voluntatem
954 3516 1005 3576 pro
1027 3498 1118 3558 lubitu
1140 3497 1178 3557 ad
1199 3498 1304 3556 alteru·

230 3598 308 3653 tram
330 3597 456 3670 optionis
475 3605 587 3672 partem
601 3599 797 3657 determinare
810 3604 920 3674 polest,
935 3613 1082 3675 quaeque,
1098 3613 1132 3656 eo
1145 3599 1210 3672 ipso
1228 3594 1307 3671 quod

229 3691 352 3751 electiva
368 3700 433 3769 est,
452 3694 625 3755 indifferens
646 3699 770 3772 requirit
789 3695 945 3755 obiectum.
1208 3723 1213 3735 v

289 3790 384 3850 Oblic.
400 3791 452 3852 Vl.
475 3793 622 3852 Voluntas
634 3797 764 3869 potentia
785 3793 928 3869 quaedem
942 3800 997 3854 est.
1022 3792 1112 3869 Atqui
1130 3792 1260 3867 potentia
1275 3795 1318 3848 ut·

229 3895 314 3966 agat,
335 3892 517 3949 extrinsecos
536 3896 604 3966 eget
621 3891 830 3966 determinem
850 3891 992 3967 quidquid
1009 3897 1105 3950 autern
1124 3891 1308 3948 extrinsecus

229 3983 441 4046 determinatur
462 4003 521 4046 non
541 3994 586 4047 est
606 3987 741 4048 liberum.
765 3989 842 4062 Ergo
863 3989 1000 4048 uoluntas
1021 4003 1079 4046 non
1100 3992 1144 4046 eet
1162 3985 1265 4046 libera.
