2892 4425
233 361 292 416 Μ
441 395 444 401 ,
558 367 801 416 minuerunt
820 369 982 414 nundinum

237 475 1321 558 .<nm)mmvit,aomenagnrampaamempnau

238 601 251 628 a
273 582 304 637 et
321 575 410 635 ovida
428 576 553 636 oouaiiia
574 582 604 637 et
626 576 780 638 libidinem
802 593 921 638 meeum
940 583 970 636 et
993 577 1089 638 alieno
1110 579 1320 640 inminente-
1429 581 1430 592 ³

237 700 251 726 ι
273 675 430 735 arandum
450 677 474 732 ¹.
490 699 504 726 ι
519 673 630 735 Contra
649 677 732 752 impii
754 691 825 736 veru
844 681 946 735 mreut
964 677 1129 750 enaritate,
1149 682 1197 750 et,
1218 679 1246 735 ai
1266 677 1318 736 vd

235 771 371 832 admuioa
389 777 505 832 tanturn
528 775 727 833 oonaeientiae
745 772 963 834 oonsideremua
982 779 1012 832 et
1032 771 1257 847 insuperabilem
1281 773 1319 834 ii-

235 869 315 946 iarn,
333 885 394 946 qua
413 871 522 947 iugiter
541 872 769 947 excruciantur,
791 870 908 930 futurae
928 885 1038 947 poenae
1057 871 1318 946 praeaenaionem3
1430 945 1431 948 Ἴ

236 969 329 1028 ritum
346 967 495 1028 infelicem
510 974 540 1027 et
558 983 765 1028 aerumnosum
779 967 907 1045 degunt,
925 983 1014 1045 qaam
1032 983 1088 1026 nee
1104 967 1245 1028 oonriain
1261 983 1320 1027 nau

234 1064 375 1142 splendor
394 1064 529 1125 aularum
550 1079 606 1124 nee
624 1063 811 1126 theatrorum
830 1071 934 1126 oaotoa
955 1065 1046 1124 tenire
1065 1069 1236 1140 poterunt..

50 1177 61 1186 “
144 1215 155 1234 .
256 1229 262 1252 ¹
295 1162 378 1222 Haeo
394 1161 513 1238 quidem
531 1164 633 1222 omnia
646 1161 852 1223 difficultatem
870 1177 979 1238 magna
998 1177 1036 1222 a
1055 1165 1138 1237 parte
1155 1163 1317 1238 mmm„
1431 1163 1432 1166 ¹

237 1259 290 1320 aad
313 1260 402 1338 longo
421 1275 441 1319 a
458 1259 644 1320 De-tdaimit
667 1262 812 1320 aontmtia
835 1275 956 1336 samua,
976 1262 1028 1335 qni
1053 1264 1138 1334 putat
1159 1275 1227 1320 eum
1247 1259 1320 1320 iuda

236 1359 358 1420 omnino
377 1357 466 1419 autri.
487 1357 595 1435 Negari
614 1359 693 1418 enirn
713 1373 817 1418 revere
836 1373 896 1416 non
911 1363 1008 1434 potent
1027 1360 1197 1434 contegere
1210 1373 1320 1448 μμ,

236 1473 375 1533 numero,
391 1463 425 1518 at
438 1459 469 1516 in
483 1456 583 1533 iugari
602 1456 660 1516 hoe
680 1459 760 1516 ritae
772 1456 922 1516 enrrieuio
943 1459 1038 1516 virtus
1052 1471 1112 1514 non
1124 1454 1213 1514 modo
1233 1468 1319 1532 prae

238 1557 306 1616 mita
330 1559 448 1629 emeat,
469 1569 573 1615 aerum
597 1555 688 1614 etlam
714 1553 824 1630 perfide
844 1553 882 1614 ab
902 1555 1000 1631 impiis
1024 1555 1225 1630 opprimatur,
1245 1569 1319 1614 oum

237 1658 343 1714 oontm
366 1652 471 1712 uitium
496 1667 636 1727 prospera
660 1657 762 1711 ututur
786 1651 916 1712 fortuna.
937 1651 1069 1727 Itemque
1088 1653 1190 1728 negari
1214 1653 1320 1728 neuun

238 1747 347 1810 multoe
359 1763 424 1807 eoae
436 1749 489 1824 qut
501 1755 622 1825 egeant,
633 1750 684 1825 qui
696 1755 797 1808 tamen
811 1748 899 1826 longe
912 1749 1027 1808 metiari
1040 1755 1119 1808 aorte
1131 1754 1203 1808 aunt
1213 1747 1318 1826 dignu

238 1845 395 1923 pluresque
414 1849 518 1907 muira
536 1843 624 1905 rebua
643 1845 781 1906 omnibns
801 1845 968 1920 mundare,
985 1847 1037 1922 qui
1057 1846 1235 1922 aupptioium
1254 1863 1319 1907 ma·

239 1949 359 2019 rentur,
380 1947 533 2020 propterea
557 1942 636 2021 quod
656 1944 767 2019 rapinis
789 1949 818 2004 et
837 1943 919 2003 or'nni
941 1943 1122 2020 flagitiorum
1142 1959 1248 2021 genera
1266 1944 1319 2006 de-

239 2041 397 2102 ieutantur.
419 2041 537 2102 Praeter
556 2043 649 2118 igitur
665 2057 701 2101 en
720 2057 797 2118 quaa
817 2043 1016 2117 reposuimus,
1032 2040 1144 2119 aliquid
1163 2041 1245 2102 aliud
1265 2041 1319 2104 ud·

239 2140 368 2202 dendum
388 2148 451 2218 eat,
472 2147 506 2201 at
524 2140 686 2202 difficultas
704 2143 826 2200 omnino
846 2146 1010 2210 evertatur.¹

300 2240 375 2302 Dioo
388 2244 488 2317 itaque
500 2240 606 2301 exinde
619 2256 679 2300 nou
692 2240 824 2300 divinam
837 2241 1053 2317 prouidentiam
1066 2240 1319 2315 interamnano

241 2340 368 2402 aiterum
387 2354 493 2401 aevum
506 2337 578 2399 huie
590 2354 794 2399 ouoomeurum
807 2354 871 2399 eoae
884 2338 1033 2399 evidenter
1053 2339 1179 2399 ostendi
1202 2337 1245 2398 Ut
1262 2340 1319 2415 igi·

241 2444 291 2501 oar
312 2438 383 2498 dum
406 2436 508 2497 tabule
529 2442 697 2513 spectatur,
721 2443 833 2496 rectam
858 2434 999 2497 iudicium
1023 2436 1093 2496 iatri
1116 2438 1240 2515 nequit,
1261 2438 1320 2497 nini

207 2558 213 2567 ·
243 2539 384 2598 enituaet
396 2535 503 2595 uitium
522 2534 593 2595 nodi
608 2535 716 2595 solutio
729 2535 947 2610 consideratam
962 2536 1005 2595 aio
1025 2534 1062 2593 de
1079 2536 1225 2610 praesenti
1240 2535 1320 2609 vite,

242 2652 333 2713 quam
353 2634 470 2695 imolae
490 2636 555 2694 iure
573 2633 789 2708 aaaimilamua,
809 2631 1064 2692 sermocinandum
1084 2638 1139 2711 eate
1160 2630 1260 2691 Danao
1277 2631 1320 2691 ia·

244 2732 325 2794 beuti
346 2732 403 2793 hoe
422 2747 496 2793 aevo
510 2738 643 2808 peraeto,
658 2736 753 2791 statuo
774 2729 871 2789 nantia
886 2729 1054 2805 advenerit,
1068 2732 1098 2787 in
1120 2745 1179 2805 qno
1201 2729 1320 2789 tandem

244 2834 375 2908 praemia
395 2846 430 2891 ao
448 2844 560 2906 paenae
579 2844 633 2906 pro
654 2828 838 2907 singulorum
862 2828 972 2889 merida
994 2826 1080 2903 piene
1103 2827 1320 2905 retribuentur;

244 2939 332 2989 nemo
352 2933 435 3004 putet
453 2943 486 2985 aa
505 2926 624 2987 divinae
637 2930 766 2988 imtitiae
785 2932 815 2987 et
835 2924 1033 3003 providentiae
1052 2924 1191 2985 ordinem·
1204 2927 1323 3001 penitus

244 3027 451 3088 internoviaae.
472 3024 529 3083 iiie
548 3026 626 3085 enim
647 3041 707 3085 non
730 3026 891 3102 praesentis
914 3026 992 3083 uitae
1015 3024 1161 3101 aogmata
1182 3026 1322 3084 terminu

245 3127 312 3200 tur‚
326 3122 379 3182 aed
397 3120 437 3181 ad
456 3120 578 3180 aiteram
591 3123 697 3201 etiarm
712 3138 789 3199 qaae
808 3122 868 3183 dno
887 3124 1016 3183 onritura
1034 3128 1095 3197 eat,
1110 3138 1142 3181 aa
1161 3121 1322 3199 protendit.

306 3220 372 3294 Qua
390 3221 427 3278 in·
443 3234 475 3277 re
494 3218 634 3295 prudenti
653 3218 811 3281 admodum
835 3222 1004 3281 oeconomia
1024 3219 1103 3280 Deus
1123 3222 1216 3281 utitur
1235 3226 1266 3280 et
1285 3220 1324 3281 ad

245 3322 379 3378 noatrum
394 3316 504 3377 bouum
519 3317 605 3377 valde
617 3319 854 3397 aeoommodata,
872 3336 941 3381 oum
956 3319 1113 3396 perfectam
1127 3320 1323 3395 praemiorum

247 3430 282 3476 ae
302 3432 462 3493 poenarum
483 3415 719 3477 distributionem
745 3420 776 3476 in
802 3416 935 3478 futurum
957 3417 1070 3479 differt.
1092 3416 1170 3477 Hine
1189 3418 1268 3477 enirn
1294 3419 1324 3477 in

245 3514 350 3590 primia
369 3514 634 3575 luculentissimum
648 3514 819 3590 suppeditat
835 3522 994 3574 eventurae
1007 3518 1085 3575 vitoe
1103 3520 1322 3593 argumentum.

246 3609 327 3671 Nihil
348 3614 427 3670 enim
445 3592 611 3705 euidentius
631 3615 722 3671 menti
744 3620 806 3689 est,
827 3628 917 3689 quam
939 3613 1020 3673 aliud
1042 3630 1148 3673 aevum
1171 3612 1241 3673 huie
1261 3628 1324 3671 ease

248 3726 464 3786 aueoesaurum,
476 3717 510 3770 ut
520 3710 574 3770 Dei
587 3713 700 3771 iustitia
711 3714 828 3788 penitus
842 3713 997 3788 impleatur
1009 3718 1038 3771 et
1050 3718 1200 3787 appareat.
1210 3710 1325 3770 'deinde

248 3824 424 3887 magnopere
444 3812 581 3870 iuvamur
600 3809 639 3870 ud
658 3812 791 3870 animm
811 3826 848 3871 ea
869 3814 992 3871 terrenis
1013 3798 1098 3870 reboo
1119 3808 1324 3884 avocandum,

309 4028 318 4070 t
338 4022 375 4071 De
392 4024 471 4073 Pron.
489 4035 512 4070 e.
531 4023 573 4071 Vi.
648 4018 655 4025 '
