2892 4425
359 369 435 413 raus
457 371 570 414 renum
592 387 603 398 ·
625 371 805 416 turoneum
829 371 1007 416 arruniurs
1040 377 1043 386 ·
1164 361 1219 414 uui

144 477 254 538 Deinde
278 495 315 538 ea
339 481 524 540 ratiocinatio
547 494 584 538 ex
610 480 746 556 analogia
774 479 970 556 quorumdam
999 483 1123 538 naturae
1150 476 1222 538 effe·

144 585 263 654 ctuunr,
285 581 337 655 qui
357 587 420 638 arte
440 578 570 638 humana
588 579 780 654 perficiuntur
799 581 907 655 quique
927 577 1150 654 intelligentiam
1165 593 1224 652 pu-

145 676 334 753 stuiunt„ad
355 676 432 736 idem
454 677 492 736 de
512 677 624 736 mundo
646 677 830 735 inferendum
855 680 1088 753 argumentatur.
1111 675 1221 735 Verum

145 774 175 833 id
195 773 273 833 citici
294 776 413 850 nequit,
435 775 578 851 siquidem
602 775 704 833 mundi
723 790 783 833 non
805 791 907 833 omnes
927 779 1043 850 partes,
1064 780 1093 832 et
1116 788 1220 833 causas

144 878 310 948 perspectas
331 872 484 931 habemus.
506 872 553 931 Ab
574 871 730 946 effectione
752 875 843 947 igitur
865 887 1022 932 causarum
1046 871 1130 930 nobis
1151 877 1221 930 nutu

144 969 181 1028 ad
209 969 349 1030 obscuras
375 977 404 1029 et
427 987 486 1028 uon
510 977 594 1032 notas
616 971 805 1046 expiicandas
831 973 935 1046 pergit.
959 969 1090 1045 Denique
1111 971 1163 1044 qui
1185 984 1220 1029 eo

144 1073 269 1128 utuntur
292 1075 482 1145 argumento,
505 1069 542 1128 ab
563 1071 744 1144 experientia
766 1069 882 1145 quidem
905 1068 1058 1127 exordium
1079 1073 1217 1142 sumunt;

144 1165 279 1242 deinceps
302 1183 373 1225 uero
395 1169 488 1241 ipsam
512 1165 655 1226 deserunt
674 1166 770 1225 atad
799 1183 851 1225 eus
878 1167 1073 1225 necessarium
1101 1179 1219 1241 progre-

144 1263 279 1337 diantur,
300 1281 338 1322 ex
356 1280 415 1339 quo
433 1265 524 1323 soiius
544 1267 666 1322 rationis
685 1281 776 1340 purae
795 1264 972 1322 adminiculo
992 1263 1138 1322 infinitum
1157 1263 1219 1322 eius

145 1362 350 1437 perfectionem
366 1361 508 1420 inferunt.
527 1361 605 1438 Ergo
621 1367 827 1438 argumentum
843 1361 1163 1438 physicctheoiogicuxn
1180 1361 1218 1420 ad

144 1459 339 1534 ontuiogicum
362 1459 529 1535 reducitur,
550 1462 597 1519 cui
619 1461 713 1518 sutum
738 1460 774 1520 ud
795 1459 1038 1520 introductionem
1060 1459 1218 1535 quamdam

145 1548 277 1615 inscruit.

205 1655 294 1730 Resp.
318 1657 472 1733 Largimui
492 1657 600 1716 Kantio
623 1673 700 1733 quae
720 1665 834 1718 eontra.
847 1663 1051 1733 argumentum
1073 1655 1218 1733 nntoiugi·

143 1752 210 1812 'eum
226 1753 324 1813 affert.
348 1756 411 1813 iioc
426 1759 504 1814 euim
523 1772 625 1816 revera
641 1757 787 1816 faiiaciam
805 1771 863 1814 nou
883 1757 975 1814 ierem
994 1755 1135 1830 offendit,
1151 1770 1217 1830 pru·

145 1857 244 1927 pterea
264 1854 398 1928 quudex
419 1844 523 1913 ordine
545 1856 630 1914 ideaii
652 1855 690 1914 ad
711 1847 817 1913 realem
838 1855 976 1914 transilit.
999 1855 1032 1911 in
1055 1854 1119 1913 idea
1139 1855 1217 1911 enim

144 1952 220 2009 entis
238 1932 490 2027 summe'periecti
510 1955 664 2012 existentia
680 1959 796 2012 tantum
814 1952 914 2010 ideaiis
934 1954 1108 2010 continetur.
1131 1949 1216 2024 Quod

144 2049 169 2106 si
184 2063 218 2106 ea
231 2052 349 2109 notione
365 2052 450 2109 reaiis
464 2051 552 2109 etiam
566 2052 721 2109 existentia
735 2051 845 2108 includi
860 2051 947 2125 vetit,
962 2057 1033 2116 tune
1049 2065 1101 2108 eus
1115 2049 1216 2108 huius-

143 2145 222 2205 modi
247 2163 360 2207 summe
385 2149 545 2225 perfectum
573 2150 604 2207 iu
629 2155 707 2208 statu
734 2149 803 2207 reaii
830 2131 1005 2225 su'ppouitur
1033 2163 1067 2205 ac
1094 2146 1216 2222 proinde

143 2246 298 2305 manifesta
317 2246 351 2305 iit
369 2250 502 2322 principii
523 2250 635 2323 petitio.
657 2246 698 2305 At
716 2264 787 2305 vern
806 2248 991 2306 vehementer
1009 2262 1150 2322 negemus
1168 2261 1215 2305 er·

111 2337 113 2340 ’
143 2349 314 2419 gumentum
335 2346 562 2421 eosmoiegicum
577 2349 607 2403 iu
622 2346 821 2421 ontoiogicum
843 2346 968 2405 refundi.
992 2345 1123 2403 Maxima
1136 2346 1214 2403 enim

143 2445 295 2517 utriusque
313 2450 358 2502 est
379 2442 558 2502 differentia.
582 2444 816 2519 Cusmoiogicum
840 2446 917 2503 enim
938 2457 997 2500 non
1019 2458 1055 2500 ex
1076 2441 1142 2499 idea
1163 2441 1215 2500 aii·

142 2556 219 2616 quo,
240 2541 293 2599 sed
313 2558 349 2600 ex
371 2542 441 2601 reaii
461 2544 615 2601 existentia
633 2544 744 2601 entium
766 2544 995 2618 contingentium
1016 2539 1149 2599 sensibus
1169 2540 1215 2598 vei

142 2640 320 2697 conscientia
345 2644 567 2715 perceptorum,
591 2642 776 2699 existentiam
802 2656 953 2716 supremae
979 2654 1086 2697 causae
1109 2654 1160 2713 per
1184 2653 1216 2697 se

20 2776 33 2785 .
142 2737 286 2793 exstantis
304 2735 439 2812 deducit,
461 2744 579 2813 propter
599 2741 809 2797 connexionem
831 2756 919 2815 quam
938 2740 1013 2796 inter
1032 2737 1170 2796 effectum
1186 2742 1221 2825 et¹

142 2848 261 2891 causam
283 2835 460 2893 intercedere
480 2852 597 2895 neeesse
615 2844 668 2896 est.
692 2837 788 2909 Quare
804 2823 1028 2913 principiorum,
1043 2834 1149 2911 quibus
1162 2837 1214 2893 iu·

141 2932 264 3005 nititur,
287 2934 411 2991 aiterum
432 2936 463 2992 iu
484 2936 641 2995 existentia
664 2936 734 2994 reeii
755 2938 866 2995 entium
888 2942 1068 3009 creatorum,
1091 2933 1214 2992 aiterum

140 3029 172 3084 iu
192 3026 283 3088 effato
302 3032 481 3091 causalitatis
502 3035 590 3092 situm
614 3040 669 3092 est.
691 3034 887 3107 Quamobrem
912 3048 969 3091 non
994 3034 1214 3091 ratiocinatione

137 3140 236 3199 paru,
253 3128 305 3203 sed
327 3131 425 3188 mixta
445 3133 630 3207 continetur,
652 3137 700 3202 et,
721 3132 799 3207 quod
820 3148 1000 3207 consequens
1018 3137 1077 3205 est,
1099 3136 1213 3189 tautum

141 3222 242 3283 differt
262 3226 300 3285 ab
320 3235 493 3304 argumento
512 3230 698 3307 ontuiogicc,
718 3236 859 3306 quantum
884 3231 1116 3306 argumentatio,
1138 3244 1215 3304 quae

140 3322 219 3382 circu
234 3324 380 3385 realitates
392 3336 556 3403 exercetur,
566 3328 668 3387 differt
683 3330 720 3387 ab
734 3344 854 3404 eaquae
868 3332 897 3385 iu
912 3328 982 3387 sciis
995 3328 1066 3387 ideis
1079 3328 1211 3386 vertitur.

199 3422 260 3480 Nec
282 3441 351 3483 vero
370 3426 453 3484 obest
472 3426 568 3503 quod,
590 3429 747 3485 existentia
763 3430 839 3485 entis
861 3428 1015 3485 necessarii
1033 3428 1076 3483 sic
1095 3424 1214 3483 demon-

139 3526 251 3595 strata,
278 3523 315 3582 ad
340 3528 452 3584 ceteras
475 3527 539 3583 eins
563 3524 740 3583 derivandae
767 3513 976 3601 perfectiones,
1000 3540 1048 3582 ex.
1076 3538 1122 3600 gr.
1145 3522 1215 3581 inii·

140 3620 282 3696 uitatem,
304 3621 358 3681 itur
382 3622 501 3699 gradus.
532 3622 649 3697 Optime
677 3624 754 3680 euim
782 3629 935 3698 postquam
964 3628 1077 3681 exstare
1103 3620 1214 3697 uiiquid

139 3718 293 3794 probatum
316 3729 378 3796 est,
400 3738 418 3780 e
439 3720 605 3780 conditione
626 3727 747 3780 naturae
771 3723 881 3796 ipsius,
903 3738 977 3797 quae
1000 3722 1127 3780 eiusdem
1149 3719 1213 3777 idea

138 3820 323 3896 continetur,
344 3826 443 3879 cetera
464 3822 526 3879 eius
548 3820 690 3880 attributa
711 3820 815 3881 deduci
839 3830 970 3897 possum.
992 3823 1073 3893 Quae
1095 3818 1211 3894 quidem

138 3917 280 3979 attributa
301 3921 331 3977 iu
350 3905 465 3979 tantum
490 3926 523 3977 ut
544 3920 632 3978 realia
656 3926 891 3996 cognoscuntur,
914 3915 1104 3995 inquantum
1127 3922 1212 3975 autea
1322 3996 1326 4003 Ι

138 4018 319 4091 subiectum,
337 4018 372 4075 ad
391 4019 469 4093 quod
491 4020 650 4094 pertinent,
668 4019 743 4077 reaia
761 4036 822 4078 esse
840 4024 1030 4077 monstratum
1046 4020 1098 4073 est.
1115 4014 1212 4086 Quare
