<?xml version="1.0" encoding="UTF-8"?>
<!DOCTYPE html PUBLIC "-//W3C//DTD XHTML 1.0 Transitional//EN"
    "http://www.w3.org/TR/xhtml1/DTD/xhtml1-transitional.dtd">
<html xmlns="http://www.w3.org/1999/xhtml" xml:lang="en" lang="en">
 <head>
  <title>
</title>
<meta http-equiv="Content-Type" content="text/html;charset=utf-8" />
  <meta name='ocr-system' content='tesseract 3.04.00' />
  <meta name='ocr-capabilities' content='ocr_page ocr_carea ocr_par ocr_line ocrx_word'/>
</head>
<body>
  <div class='ocr_page' id='page_1' title='image "./institutionesph01libegoog_0289.png"; bbox 0 0 2892 4425; ppageno 0'>
   <div class='ocr_carea' id='block_1_1' title="bbox 442 358 1234 417">
    <p class='ocr_par' dir='ltr' id='par_1_1' title="bbox 442 358 1234 417">
     <span class='ocr_line' id='line_1_1' title="bbox 442 358 1234 417; baseline 0.003 -3"><span class='ocrx_word' id='word_1_1' title='bbox 442 358 446 366; x_wconf 84' lang='lat'><em>&#39;</em></span> <span class='ocrx_word' id='word_1_2' title='bbox 468 370 547 415; x_wconf 79' lang='lat' dir='ltr'><strong>naas</strong></span> <span class='ocrx_word' id='word_1_3' title='bbox 567 370 672 415; x_wconf 77' lang='lat' dir='ltr'><strong>casn</strong></span> <span class='ocrx_word' id='word_1_4' title='bbox 691 386 703 401; x_wconf 92' lang='lat'><strong>·</strong></span> <span class='ocrx_word' id='word_1_5' title='bbox 721 370 921 417; x_wconf 77' lang='lat' dir='ltr'><strong>cusaouoers</strong></span> <span class='ocrx_word' id='word_1_6' title='bbox 1201 365 1234 417; x_wconf 92' lang='lat' dir='ltr'><strong>tt</strong></span> 
     </span>
    </p>
   </div>
   <div class='ocr_carea' id='block_1_2' title="bbox 118 479 1255 3090">
    <p class='ocr_par' dir='ltr' id='par_1_2' title="bbox 154 479 1240 637">
     <span class='ocr_line' id='line_1_2' title="bbox 155 479 1240 563; baseline 0 -24"><span class='ocrx_word' id='word_1_7' title='bbox 155 479 1240 563; x_wconf 67' lang='lat' dir='ltr'><strong>ptampmtscosationcsnonremaiiqncmostranospcsitam,</strong></span> 
     </span>
     <span class='ocr_line' id='line_1_3' title="bbox 154 575 1047 637; baseline -0.003 0"><span class='ocrx_word' id='word_1_8' title='bbox 154 578 210 637; x_wconf 84' lang='lat' dir='ltr'><strong>sati</strong></span> <span class='ocrx_word' id='word_1_9' title='bbox 228 580 359 637; x_wconf 84' lang='lat' dir='ltr'><strong>internas</strong></span> <span class='ocrx_word' id='word_1_10' title='bbox 375 582 491 636; x_wconf 83' lang='lat' dir='ltr'><strong>tantum</strong></span> <span class='ocrx_word' id='word_1_11' title='bbox 512 577 604 635; x_wconf 79' lang='lat' dir='ltr'><strong>acini</strong></span> <span class='ocrx_word' id='word_1_12' title='bbox 624 575 854 635; x_wconf 80' lang='lat' dir='ltr'><strong>modificationes</strong></span> <span class='ocrx_word' id='word_1_13' title='bbox 872 575 1047 637; x_wconf 78' lang='lat' dir='ltr'><strong>raimoni-¹.</strong></span> 
     </span>
    </p>

    <p class='ocr_par' dir='ltr' id='par_1_3' title="bbox 118 671 1245 2586">
     <span class='ocr_line' id='line_1_4' title="bbox 218 671 1242 751; baseline 0.001 -18"><span class='ocrx_word' id='word_1_14' title='bbox 218 675 302 733; x_wconf 79' lang='lat' dir='ltr'><strong>Alter</strong></span> <span class='ocrx_word' id='word_1_15' title='bbox 317 680 428 749; x_wconf 80' lang='lat' dir='ltr'><strong>satan,</strong></span> <span class='ocrx_word' id='word_1_16' title='bbox 442 689 493 733; x_wconf 90' lang='lat' dir='ltr'><strong>scu</strong></span> <span class='ocrx_word' id='word_1_17' title='bbox 508 671 679 733; x_wconf 67' lang='lat' dir='ltr'><strong>mmmm</strong></span> <span class='ocrx_word' id='word_1_18' title='bbox 697 671 975 747; x_wconf 65' lang='lat' dir='ltr'><strong>trumoendentuiia</strong></span> <span class='ocrx_word' id='word_1_19' title='bbox 998 688 1017 732; x_wconf 90' lang='lat' dir='ltr'><strong>s</strong></span> <span class='ocrx_word' id='word_1_20' title='bbox 1034 673 1114 733; x_wconf 78' lang='lat' dir='ltr'><strong>itant</strong></span> <span class='ocrx_word' id='word_1_21' title='bbox 1128 677 1242 751; x_wconf 79' lang='lat' dir='ltr'><strong>excogi-</strong></span> 
     </span>
     <span class='ocr_line' id='line_1_5' title="bbox 156 770 1239 847; baseline 0 -16"><span class='ocrx_word' id='word_1_22' title='bbox 156 778 239 831; x_wconf 84' lang='lat' dir='ltr'><strong>istus</strong></span> <span class='ocrx_word' id='word_1_23' title='bbox 250 778 308 846; x_wconf 75' lang='lat' dir='ltr'><strong>est,</strong></span> <span class='ocrx_word' id='word_1_24' title='bbox 323 788 341 830; x_wconf 87' lang='lat' dir='ltr'><strong>a</strong></span> <span class='ocrx_word' id='word_1_25' title='bbox 354 771 456 831; x_wconf 82' lang='lat' dir='ltr'><strong>Fichta</strong></span> <span class='ocrx_word' id='word_1_26' title='bbox 470 788 538 838; x_wconf 77' lang='lat' dir='ltr'><strong>reru</strong></span> <span class='ocrx_word' id='word_1_27' title='bbox 552 771 591 831; x_wconf 86' lang='lat' dir='ltr'><strong>ad</strong></span> <span class='ocrx_word' id='word_1_28' title='bbox 607 770 814 847; x_wconf 76' lang='lat' dir='ltr'><strong>perfectionem</strong></span> <span class='ocrx_word' id='word_1_29' title='bbox 832 770 988 831; x_wconf 87' lang='lat' dir='ltr'><strong>adductus.</strong></span> <span class='ocrx_word' id='word_1_30' title='bbox 1002 771 1052 845; x_wconf 86' lang='lat' dir='ltr'><strong>iii,</strong></span> <span class='ocrx_word' id='word_1_31' title='bbox 1067 771 1105 830; x_wconf 81' lang='lat' dir='ltr'><strong>ari</strong></span> <span class='ocrx_word' id='word_1_32' title='bbox 1120 772 1239 831; x_wconf 81' lang='lat' dir='ltr'><strong>obiecti·</strong></span> 
     </span>
     <span class='ocr_line' id='line_1_6' title="bbox 157 868 1241 945; baseline -0.002 -16"><span class='ocrx_word' id='word_1_33' title='bbox 157 886 229 929; x_wconf 84' lang='lat' dir='ltr'><strong>ram</strong></span> <span class='ocrx_word' id='word_1_34' title='bbox 249 872 434 929; x_wconf 72' lang='lat' dir='ltr'><strong>existentim</strong></span> <span class='ocrx_word' id='word_1_35' title='bbox 454 870 534 945; x_wconf 83' lang='lat' dir='ltr'><strong>qnod</strong></span> <span class='ocrx_word' id='word_1_36' title='bbox 554 872 669 944; x_wconf 85' lang='lat' dir='ltr'><strong>attinet,</strong></span> <span class='ocrx_word' id='word_1_37' title='bbox 691 869 805 929; x_wconf 89' lang='lat' dir='ltr'><strong>antium</strong></span> <span class='ocrx_word' id='word_1_38' title='bbox 826 871 946 927; x_wconf 87' lang='lat' dir='ltr'><strong>omnino</strong></span> <span class='ocrx_word' id='word_1_39' title='bbox 965 868 1108 929; x_wconf 64' lang='lat' dir='ltr'><strong>(inceium</strong></span> <span class='ocrx_word' id='word_1_40' title='bbox 1130 869 1241 929; x_wconf 69' lang='lat' dir='ltr'><strong>haben</strong></span> 
     </span>
     <span class='ocr_line' id='line_1_7' title="bbox 157 965 1240 1043; baseline -0.003 -16"><span class='ocrx_word' id='word_1_41' title='bbox 157 967 233 1027; x_wconf 78' lang='lat' dir='ltr'><strong>dam</strong></span> <span class='ocrx_word' id='word_1_42' title='bbox 246 973 404 1042; x_wconf 81' lang='lat' dir='ltr'><strong>putarani3</strong></span> <span class='ocrx_word' id='word_1_43' title='bbox 423 967 545 1043; x_wconf 77' lang='lat' dir='ltr'><strong>iocoque</strong></span> <span class='ocrx_word' id='word_1_44' title='bbox 562 982 621 1027; x_wconf 92' lang='lat' dir='ltr'><strong>noo</strong></span> <span class='ocrx_word' id='word_1_45' title='bbox 641 966 730 1026; x_wconf 88' lang='lat' dir='ltr'><strong>modo</strong></span> <span class='ocrx_word' id='word_1_46' title='bbox 750 966 851 1026; x_wconf 88' lang='lat' dir='ltr'><strong>muudi</strong></span> <span class='ocrx_word' id='word_1_47' title='bbox 871 968 1036 1042; x_wconf 73' lang='lat' dir='ltr'><strong>exterioris,</strong></span> <span class='ocrx_word' id='word_1_48' title='bbox 1050 966 1101 1025; x_wconf 86' lang='lat' dir='ltr'><strong>scd</strong></span> <span class='ocrx_word' id='word_1_49' title='bbox 1118 965 1240 1025; x_wconf 74' lang='lat' dir='ltr'><strong>sobtmn</strong></span> 
     </span>
     <span class='ocr_line' id='line_1_8' title="bbox 159 1062 1243 1139; baseline -0.001 -16"><span class='ocrx_word' id='word_1_50' title='bbox 159 1065 251 1123; x_wconf 89' lang='lat' dir='ltr'><strong>etiam</strong></span> <span class='ocrx_word' id='word_1_51' title='bbox 271 1066 426 1139; x_wconf 70' lang='lat' dir='ltr'><strong>cogitantis</strong></span> <span class='ocrx_word' id='word_1_52' title='bbox 444 1065 604 1124; x_wconf 70' lang='lat' dir='ltr'>feditatem</span> <span class='ocrx_word' id='word_1_53' title='bbox 624 1078 642 1123; x_wconf 90' lang='lat' dir='ltr'><strong>e</strong></span> <span class='ocrx_word' id='word_1_54' title='bbox 661 1064 757 1123; x_wconf 79' lang='lat' dir='ltr'><strong>medio</strong></span> <span class='ocrx_word' id='word_1_55' title='bbox 775 1064 953 1138; x_wconf 80' lang='lat' dir='ltr'><strong>repulerant.</strong></span> <span class='ocrx_word' id='word_1_56' title='bbox 973 1063 1016 1121; x_wconf 82' lang='lat' dir='ltr'><strong>iin</strong></span> <span class='ocrx_word' id='word_1_57' title='bbox 1031 1062 1114 1123; x_wconf 85' lang='lat' dir='ltr'><strong>brari</strong></span> <span class='ocrx_word' id='word_1_58' title='bbox 1134 1065 1243 1122; x_wconf 66' lang='lat' dir='ltr'><strong>nmina-</strong></span> 
     </span>
     <span class='ocr_line' id='line_1_9' title="bbox 159 1158 1241 1237; baseline -0.002 -17"><span class='ocrx_word' id='word_1_59' title='bbox 159 1176 220 1236; x_wconf 81' lang='lat' dir='ltr'><strong>pue</strong></span> <span class='ocrx_word' id='word_1_60' title='bbox 239 1176 401 1235; x_wconf 84' lang='lat' dir='ltr'><strong>processus.</strong></span> <span class='ocrx_word' id='word_1_61' title='bbox 422 1162 509 1221; x_wconf 81' lang='lat' dir='ltr'><strong>iuxta</strong></span> <span class='ocrx_word' id='word_1_62' title='bbox 529 1162 628 1237; x_wconf 84' lang='lat' dir='ltr'><strong>itant,</strong></span> <span class='ocrx_word' id='word_1_63' title='bbox 648 1162 746 1220; x_wconf 89' lang='lat' dir='ltr'><strong>omnis</strong></span> <span class='ocrx_word' id='word_1_64' title='bbox 767 1166 869 1220; x_wconf 84' lang='lat' dir='ltr'><strong>oostm</strong></span> <span class='ocrx_word' id='word_1_65' title='bbox 893 1162 1022 1236; x_wconf 88' lang='lat' dir='ltr'><strong>cognitio</strong></span> <span class='ocrx_word' id='word_1_66' title='bbox 1043 1158 1154 1234; x_wconf 87' lang='lat' dir='ltr'><strong>dupiict</strong></span> <span class='ocrx_word' id='word_1_67' title='bbox 1175 1174 1241 1218; x_wconf 66' lang='lat' dir='ltr'><strong>coe</strong></span> 
     </span>
     <span class='ocr_line' id='line_1_10' title="bbox 160 1252 1243 1333; baseline -0.002 -16"><span class='ocrx_word' id='word_1_68' title='bbox 160 1264 223 1317; x_wconf 84' lang='lat' dir='ltr'><strong>stat</strong></span> <span class='ocrx_word' id='word_1_69' title='bbox 240 1257 404 1333; x_wconf 63' lang='lat' dir='ltr'><strong>mento,</strong></span> <span class='ocrx_word' id='word_1_70' title='bbox 429 1260 553 1319; x_wconf 87' lang='lat' dir='ltr'><strong>materia</strong></span> <span class='ocrx_word' id='word_1_71' title='bbox 572 1258 711 1317; x_wconf 86' lang='lat' dir='ltr'><strong>nimirum</strong></span> <span class='ocrx_word' id='word_1_72' title='bbox 736 1262 765 1315; x_wconf 90' lang='lat' dir='ltr'><strong>et</strong></span> <span class='ocrx_word' id='word_1_73' title='bbox 789 1256 895 1317; x_wconf 87' lang='lat' dir='ltr'><strong>iorma.</strong></span> <span class='ocrx_word' id='word_1_74' title='bbox 922 1256 1030 1316; x_wconf 86' lang='lat' dir='ltr'><strong>Forma</strong></span> <span class='ocrx_word' id='word_1_75' title='bbox 1052 1253 1185 1332; x_wconf 85' lang='lat' dir='ltr'><strong>procedit</strong></span> <span class='ocrx_word' id='word_1_76' title='bbox 1205 1252 1243 1315; x_wconf 88' lang='lat' dir='ltr'><strong>ab</strong></span> 
     </span>
     <span class='ocr_line' id='line_1_11' title="bbox 161 1352 1242 1430; baseline -0.001 -18"><span class='ocrx_word' id='word_1_77' title='bbox 161 1356 228 1429; x_wconf 86' lang='lat' dir='ltr'><strong>ipsa</strong></span> <span class='ocrx_word' id='word_1_78' title='bbox 244 1356 376 1430; x_wconf 67' lang='lat' dir='ltr'><strong>tatone,</strong></span> <span class='ocrx_word' id='word_1_79' title='bbox 399 1357 522 1415; x_wconf 82' lang='lat' dir='ltr'><strong>materia</strong></span> <span class='ocrx_word' id='word_1_80' title='bbox 545 1356 730 1415; x_wconf 85' lang='lat' dir='ltr'><strong>ministratur</strong></span> <span class='ocrx_word' id='word_1_81' title='bbox 754 1353 792 1412; x_wconf 91' lang='lat' dir='ltr'><strong>ab</strong></span> <span class='ocrx_word' id='word_1_82' title='bbox 815 1354 1014 1430; x_wconf 74' lang='lat' dir='ltr'><strong>experientia,</strong></span> <span class='ocrx_word' id='word_1_83' title='bbox 1039 1368 1094 1428; x_wconf 89' lang='lat' dir='ltr'><strong>upa</strong></span> <span class='ocrx_word' id='word_1_84' title='bbox 1119 1352 1242 1427; x_wconf 87' lang='lat' dir='ltr'><strong>impros-</strong></span> 
     </span>
     <span class='ocr_line' id='line_1_12' title="bbox 160 1448 1244 1527; baseline -0.003 -15"><span class='ocrx_word' id='word_1_85' title='bbox 160 1453 255 1513; x_wconf 84' lang='lat' dir='ltr'><strong>sionts</strong></span> <span class='ocrx_word' id='word_1_86' title='bbox 274 1468 364 1527; x_wconf 83' lang='lat' dir='ltr'><strong>quam</strong></span> <span class='ocrx_word' id='word_1_87' title='bbox 381 1459 503 1513; x_wconf 81' lang='lat' dir='ltr'><strong>externa</strong></span> <span class='ocrx_word' id='word_1_88' title='bbox 515 1452 629 1513; x_wconf 79' lang='lat' dir='ltr'><strong>obiecta</strong></span> <span class='ocrx_word' id='word_1_89' title='bbox 644 1454 675 1512; x_wconf 89' lang='lat' dir='ltr'><strong>in</strong></span> <span class='ocrx_word' id='word_1_90' title='bbox 693 1454 825 1511; x_wconf 79' lang='lat' dir='ltr'><strong>sensoria</strong></span> <span class='ocrx_word' id='word_1_91' title='bbox 841 1456 987 1511; x_wconf 81' lang='lat' dir='ltr'><strong>exercent.</strong></span> <span class='ocrx_word' id='word_1_92' title='bbox 1006 1450 1082 1510; x_wconf 86' lang='lat' dir='ltr'><strong>iiiuc</strong></span> <span class='ocrx_word' id='word_1_93' title='bbox 1100 1464 1147 1509; x_wconf 86' lang='lat' dir='ltr'><strong>res</strong></span> <span class='ocrx_word' id='word_1_94' title='bbox 1163 1448 1244 1525; x_wconf 88' lang='lat' dir='ltr'><strong>ittae,</strong></span> 
     </span>
     <span class='ocr_line' id='line_1_13' title="bbox 161 1549 1244 1626; baseline -0.003 -18"><span class='ocrx_word' id='word_1_95' title='bbox 161 1564 239 1625; x_wconf 80' lang='lat' dir='ltr'><strong>qaae</strong></span> <span class='ocrx_word' id='word_1_96' title='bbox 254 1566 314 1609; x_wconf 92' lang='lat' dir='ltr'><strong>non</strong></span> <span class='ocrx_word' id='word_1_97' title='bbox 329 1550 481 1611; x_wconf 82' lang='lat' dir='ltr'><strong>subiacent</strong></span> <span class='ocrx_word' id='word_1_98' title='bbox 498 1549 644 1625; x_wconf 88' lang='lat' dir='ltr'><strong>sensibus,</strong></span> <span class='ocrx_word' id='word_1_99' title='bbox 658 1550 854 1626; x_wconf 87' lang='lat' dir='ltr'><strong>cognitionum</strong></span> <span class='ocrx_word' id='word_1_100' title='bbox 874 1555 1005 1609; x_wconf 71' lang='lat' dir='ltr'><strong>cosmam</strong></span> <span class='ocrx_word' id='word_1_101' title='bbox 1025 1562 1145 1623; x_wconf 86' lang='lat' dir='ltr'><strong>prorsas</strong></span> <span class='ocrx_word' id='word_1_102' title='bbox 1163 1558 1244 1622; x_wconf 89' lang='lat' dir='ltr'><strong>praa·</strong></span> 
     </span>
     <span class='ocr_line' id='line_1_14' title="bbox 162 1632 1242 1725; baseline -0.002 -18"><span class='ocrx_word' id='word_1_103' title='bbox 162 1632 364 1722; x_wconf 64' lang='lat' dir='ltr'><strong>wintonium</strong></span> <span class='ocrx_word' id='word_1_104' title='bbox 384 1648 438 1709; x_wconf 81' lang='lat' dir='ltr'><strong>scd</strong></span> <span class='ocrx_word' id='word_1_105' title='bbox 454 1649 583 1725; x_wconf 72' lang='lat' dir='ltr'><strong>cognitio</strong></span> <span class='ocrx_word' id='word_1_106' title='bbox 601 1649 724 1723; x_wconf 75' lang='lat' dir='ltr'><strong>quaevis</strong></span> <span class='ocrx_word' id='word_1_107' title='bbox 743 1648 860 1707; x_wconf 85' lang='lat' dir='ltr'><strong>nonnisi</strong></span> <span class='ocrx_word' id='word_1_108' title='bbox 881 1650 958 1707; x_wconf 87' lang='lat' dir='ltr'><strong>intra</strong></span> <span class='ocrx_word' id='word_1_109' title='bbox 978 1646 1134 1723; x_wconf 88' lang='lat' dir='ltr'><strong>sphaeram</strong></span> <span class='ocrx_word' id='word_1_110' title='bbox 1154 1644 1242 1720; x_wconf 87' lang='lat' dir='ltr'><strong>empi-</strong></span> 
     </span>
     <span class='ocr_line' id='line_1_15' title="bbox 164 1741 1244 1821; baseline -0.003 -17"><span class='ocrx_word' id='word_1_111' title='bbox 164 1745 257 1804; x_wconf 82' lang='lat' dir='ltr'><strong>ricam</strong></span> <span class='ocrx_word' id='word_1_112' title='bbox 275 1760 328 1804; x_wconf 85' lang='lat' dir='ltr'><strong>seu</strong></span> <span class='ocrx_word' id='word_1_113' title='bbox 344 1746 495 1805; x_wconf 84' lang='lat' dir='ltr'><strong>sensilium</strong></span> <span class='ocrx_word' id='word_1_114' title='bbox 516 1747 813 1820; x_wconf 66' lang='lat' dir='ltr'><strong>repraesentationum</strong></span> <span class='ocrx_word' id='word_1_115' title='bbox 829 1747 949 1821; x_wconf 85' lang='lat' dir='ltr'><strong>spatiari</strong></span> <span class='ocrx_word' id='word_1_116' title='bbox 967 1751 1074 1821; x_wconf 80' lang='lat' dir='ltr'><strong>potest.</strong></span> <span class='ocrx_word' id='word_1_117' title='bbox 1088 1744 1129 1803; x_wconf 79' lang='lat' dir='ltr'><strong>At</strong></span> <span class='ocrx_word' id='word_1_118' title='bbox 1142 1744 1173 1803; x_wconf 92' lang='lat' dir='ltr'><strong>in</strong></span> <span class='ocrx_word' id='word_1_119' title='bbox 1187 1741 1244 1801; x_wconf 83' lang='lat' dir='ltr'><strong>huc</strong></span> 
     </span>
     <span class='ocr_line' id='line_1_16' title="bbox 163 1840 1244 1919; baseline -0.003 -17"><span class='ocrx_word' id='word_1_120' title='bbox 163 1856 282 1918; x_wconf 74' lang='lat' dir='ltr'><strong>quoquc</strong></span> <span class='ocrx_word' id='word_1_121' title='bbox 302 1840 416 1902; x_wconf 70' lang='lat' dir='ltr'><strong>iaidtas</strong></span> <span class='ocrx_word' id='word_1_122' title='bbox 434 1842 623 1903; x_wconf 73' lang='lat' dir='ltr'><strong>admiscetur.</strong></span> <span class='ocrx_word' id='word_1_123' title='bbox 640 1842 717 1901; x_wconf 86' lang='lat' dir='ltr'><strong>Nam</strong></span> <span class='ocrx_word' id='word_1_124' title='bbox 737 1842 850 1902; x_wconf 88' lang='lat' dir='ltr'><strong>obiecta</strong></span> <span class='ocrx_word' id='word_1_125' title='bbox 868 1841 1107 1919; x_wconf 81' lang='lat' dir='ltr'><strong>expcrirnentaiia</strong></span> <span class='ocrx_word' id='word_1_126' title='bbox 1127 1840 1244 1899; x_wconf 80' lang='lat' dir='ltr'><strong>nonnisi</strong></span> 
     </span>
     <span class='ocr_line' id='line_1_17' title="bbox 163 1938 1245 2015; baseline 0 -18"><span class='ocrx_word' id='word_1_127' title='bbox 163 1940 261 2013; x_wconf 86' lang='lat' dir='ltr'><strong>spatio</strong></span> <span class='ocrx_word' id='word_1_128' title='bbox 283 1944 315 1997; x_wconf 85' lang='lat' dir='ltr'><strong>ct</strong></span> <span class='ocrx_word' id='word_1_129' title='bbox 336 1944 466 2014; x_wconf 88' lang='lat' dir='ltr'><strong>tempore</strong></span> <span class='ocrx_word' id='word_1_130' title='bbox 485 1938 593 1999; x_wconf 89' lang='lat' dir='ltr'><strong>aiiccta</strong></span> <span class='ocrx_word' id='word_1_131' title='bbox 616 1939 702 2000; x_wconf 85' lang='lat' dir='ltr'><strong>nobis</strong></span> <span class='ocrx_word' id='word_1_132' title='bbox 727 1945 989 2015; x_wconf 84' lang='lat' dir='ltr'><strong>repraesentantur.</strong></span> <span class='ocrx_word' id='word_1_133' title='bbox 1017 1938 1150 2015; x_wconf 87' lang='lat' dir='ltr'><strong>Spatium</strong></span> <span class='ocrx_word' id='word_1_134' title='bbox 1175 1952 1245 2009; x_wconf 69' lang='lat' dir='ltr'><strong>uero</strong></span> 
     </span>
     <span class='ocr_line' id='line_1_18' title="bbox 163 2034 1243 2113; baseline -0.003 -18"><span class='ocrx_word' id='word_1_135' title='bbox 163 2041 194 2095; x_wconf 85' lang='lat' dir='ltr'><strong>et</strong></span> <span class='ocrx_word' id='word_1_136' title='bbox 209 2040 328 2109; x_wconf 86' lang='lat' dir='ltr'><strong>ternpus</strong></span> <span class='ocrx_word' id='word_1_137' title='bbox 345 2034 456 2095; x_wconf 84' lang='lat' dir='ltr'><strong>turmae</strong></span> <span class='ocrx_word' id='word_1_138' title='bbox 474 2042 545 2095; x_wconf 85' lang='lat' dir='ltr'><strong>sunt</strong></span> <span class='ocrx_word' id='word_1_139' title='bbox 560 2036 705 2113; x_wconf 62' lang='lat' dir='ltr'><strong>maedam</strong></span> <span class='ocrx_word' id='word_1_140' title='bbox 722 2038 915 2097; x_wconf 88' lang='lat' dir='ltr'><strong>immanentes</strong></span> <span class='ocrx_word' id='word_1_141' title='bbox 934 2043 964 2097; x_wconf 88' lang='lat' dir='ltr'><strong>et</strong></span> <span class='ocrx_word' id='word_1_142' title='bbox 984 2035 1160 2095; x_wconf 75' lang='lat' dir='ltr'><strong>subioenrae</strong></span> <span class='ocrx_word' id='word_1_143' title='bbox 1178 2049 1243 2093; x_wconf 88' lang='lat' dir='ltr'><strong>san·</strong></span> 
     </span>
     <span class='ocr_line' id='line_1_19' title="bbox 164 2117 1244 2211; baseline 0 -20"><span class='ocrx_word' id='word_1_144' title='bbox 164 2131 315 2192; x_wconf 84' lang='lat' dir='ltr'><strong>sibiiitatis</strong></span> <span class='ocrx_word' id='word_1_145' title='bbox 334 2138 365 2191; x_wconf 89' lang='lat' dir='ltr'><strong>ct</strong></span> <span class='ocrx_word' id='word_1_146' title='bbox 386 2133 467 2193; x_wconf 89' lang='lat' dir='ltr'><strong>nulio</strong></span> <span class='ocrx_word' id='word_1_147' title='bbox 487 2133 578 2193; x_wconf 82' lang='lat' dir='ltr'><strong>motio</strong></span> <span class='ocrx_word' id='word_1_148' title='bbox 597 2134 718 2195; x_wconf 84' lang='lat' dir='ltr'><strong>obtectis</strong></span> <span class='ocrx_word' id='word_1_149' title='bbox 743 2117 918 2195; x_wconf 86' lang='lat' dir='ltr'><strong>inhaereat.&#39;</strong></span> <span class='ocrx_word' id='word_1_150' title='bbox 935 2134 1011 2211; x_wconf 84' lang='lat' dir='ltr'><strong>Ergo</strong></span> <span class='ocrx_word' id='word_1_151' title='bbox 1034 2136 1124 2193; x_wconf 84' lang='lat' dir='ltr'><strong>etiam</strong></span> <span class='ocrx_word' id='word_1_152' title='bbox 1147 2130 1244 2206; x_wconf 84' lang='lat' dir='ltr'><strong>quoad</strong></span> 
     </span>
     <span class='ocr_line' id='line_1_20' title="bbox 165 2233 1242 2308; baseline -0.007 -15"><span class='ocrx_word' id='word_1_153' title='bbox 165 2233 361 2307; x_wconf 72' lang='lat' dir='ltr'><strong>muctaomm</strong></span> <span class='ocrx_word' id='word_1_154' title='bbox 379 2233 648 2308; x_wconf 64' lang='lat' dir='ltr'><strong>experimentum,</strong></span> <span class='ocrx_word' id='word_1_155' title='bbox 666 2236 731 2292; x_wconf 85' lang='lat' dir='ltr'><strong>sire</strong></span> <span class='ocrx_word' id='word_1_156' title='bbox 753 2235 899 2292; x_wconf 85' lang='lat' dir='ltr'><strong>internam</strong></span> <span class='ocrx_word' id='word_1_157' title='bbox 917 2235 979 2292; x_wconf 83' lang='lat' dir='ltr'><strong>sire</strong></span> <span class='ocrx_word' id='word_1_158' title='bbox 999 2237 1162 2303; x_wconf 81' lang='lat' dir='ltr'><strong>esnrnam,</strong></span> <span class='ocrx_word' id='word_1_159' title='bbox 1184 2243 1242 2287; x_wconf 89' lang='lat' dir='ltr'><strong>non</strong></span> 
     </span>
     <span class='ocr_line' id='line_1_21' title="bbox 118 2326 1243 2406; baseline -0.004 -18"><span class='ocrx_word' id='word_1_160' title='bbox 118 2335 122 2346; x_wconf 86' lang='lat'>&#39;</span> <span class='ocrx_word' id='word_1_161' title='bbox 165 2343 213 2388; x_wconf 81' lang='lat' dir='ltr'><strong>res</strong></span> <span class='ocrx_word' id='word_1_162' title='bbox 229 2329 322 2404; x_wconf 89' lang='lat' dir='ltr'><strong>ipsas,</strong></span> <span class='ocrx_word' id='word_1_163' title='bbox 341 2341 418 2404; x_wconf 86' lang='lat' dir='ltr'><strong>quac</strong></span> <span class='ocrx_word' id='word_1_164' title='bbox 433 2331 466 2386; x_wconf 92' lang='lat' dir='ltr'><strong>io</strong></span> <span class='ocrx_word' id='word_1_165' title='bbox 482 2343 515 2388; x_wconf 89' lang='lat' dir='ltr'><strong>sc</strong></span> <span class='ocrx_word' id='word_1_166' title='bbox 532 2336 613 2405; x_wconf 86' lang='lat' dir='ltr'><strong>aunt,</strong></span> <span class='ocrx_word' id='word_1_167' title='bbox 631 2329 683 2390; x_wconf 80' lang='lat' dir='ltr'><strong>sati</strong></span> <span class='ocrx_word' id='word_1_168' title='bbox 703 2329 906 2406; x_wconf 87' lang='lat' dir='ltr'><strong>phaenomena</strong></span> <span class='ocrx_word' id='word_1_169' title='bbox 918 2334 1034 2387; x_wconf 90' lang='lat' dir='ltr'><strong>tanturn</strong></span> <span class='ocrx_word' id='word_1_170' title='bbox 1049 2326 1243 2401; x_wconf 80' lang='lat' dir='ltr'><strong>percipimns3</strong></span> 
     </span>
     <span class='ocr_line' id='line_1_22' title="bbox 166 2421 1244 2501; baseline -0.004 -16"><span class='ocrx_word' id='word_1_171' title='bbox 166 2431 254 2500; x_wconf 82' lang='lat' dir='ltr'><strong>atqua</strong></span> <span class='ocrx_word' id='word_1_172' title='bbox 270 2425 337 2486; x_wconf 83' lang='lat' dir='ltr'><strong>idco</strong></span> <span class='ocrx_word' id='word_1_173' title='bbox 354 2426 392 2486; x_wconf 80' lang='lat' dir='ltr'><strong>de</strong></span> <span class='ocrx_word' id='word_1_174' title='bbox 410 2427 496 2488; x_wconf 80' lang='lat' dir='ltr'><strong>rebus</strong></span> <span class='ocrx_word' id='word_1_175' title='bbox 514 2427 730 2487; x_wconf 84' lang='lat' dir='ltr'><strong>insensibitibus</strong></span> <span class='ocrx_word' id='word_1_176' title='bbox 749 2427 873 2501; x_wconf 89' lang='lat' dir='ltr'><strong>notiam,</strong></span> <span class='ocrx_word' id='word_1_177' title='bbox 890 2427 928 2487; x_wconf 85' lang='lat' dir='ltr'><strong>da</strong></span> <span class='ocrx_word' id='word_1_178' title='bbox 941 2422 1126 2484; x_wconf 81' lang='lat' dir='ltr'><strong>sensibilibus</strong></span> <span class='ocrx_word' id='word_1_179' title='bbox 1146 2421 1244 2482; x_wconf 90' lang='lat' dir='ltr'><strong>reiatt·</strong></span> 
     </span>
     <span class='ocr_line' id='line_1_23' title="bbox 167 2525 813 2586; baseline 0.011 -6"><span class='ocrx_word' id='word_1_180' title='bbox 167 2539 237 2585; x_wconf 84' lang='lat' dir='ltr'><strong>ram</strong></span> <span class='ocrx_word' id='word_1_181' title='bbox 258 2530 374 2585; x_wconf 80' lang='lat' dir='ltr'><strong>nouum</strong></span> <span class='ocrx_word' id='word_1_182' title='bbox 398 2525 602 2586; x_wconf 63' lang='lat' dir='ltr'><strong>caritudinem</strong></span> <span class='ocrx_word' id='word_1_183' title='bbox 624 2526 813 2586; x_wconf 82' lang='lat' dir='ltr'><strong>natemm²</strong></span> 
     </span>
    </p>

    <p class='ocr_par' dir='ltr' id='par_1_4' title="bbox 166 2560 1255 3090">
     <span class='ocr_line' id='line_1_24' title="bbox 227 2560 1244 2702; baseline -0.006 -20"><span class='ocrx_word' id='word_1_184' title='bbox 227 2621 357 2682; x_wconf 81' lang='lat' dir='ltr'><strong>litterius</strong></span> <span class='ocrx_word' id='word_1_185' title='bbox 372 2625 514 2699; x_wconf 86' lang='lat' dir='ltr'><strong>processit</strong></span> <span class='ocrx_word' id='word_1_186' title='bbox 534 2624 648 2701; x_wconf 78' lang='lat' dir='ltr'><strong>Fichte,</strong></span> <span class='ocrx_word' id='word_1_187' title='bbox 668 2627 719 2702; x_wconf 82' lang='lat' dir='ltr'><strong>qni</strong></span> <span class='ocrx_word' id='word_1_188' title='bbox 738 2640 797 2684; x_wconf 90' lang='lat' dir='ltr'><strong>uon</strong></span> <span class='ocrx_word' id='word_1_189' title='bbox 819 2623 905 2684; x_wconf 77' lang='lat' dir='ltr'><strong>morio</strong></span> <span class='ocrx_word' id='word_1_190' title='bbox 927 2621 1051 2682; x_wconf 83' lang='lat' dir='ltr'><strong>turmam</strong></span> <span class='ocrx_word' id='word_1_191' title='bbox 1069 2560 1244 2695; x_wconf 77' lang='lat' dir='ltr'><strong>cognitionis</strong></span> 
     </span>
     <span class='ocr_line' id='line_1_25' title="bbox 167 2715 1245 2799; baseline -0.005 -20"><span class='ocrx_word' id='word_1_192' title='bbox 167 2718 221 2779; x_wconf 81' lang='lat' dir='ltr'><strong>scd</strong></span> <span class='ocrx_word' id='word_1_193' title='bbox 239 2722 392 2781; x_wconf 79' lang='lat' dir='ltr'><strong>materiam</strong></span> <span class='ocrx_word' id='word_1_194' title='bbox 410 2724 498 2782; x_wconf 63' lang='lat' dir='ltr'><strong>mm</strong></span> <span class='ocrx_word' id='word_1_195' title='bbox 516 2738 536 2780; x_wconf 89' lang='lat' dir='ltr'><strong>a</strong></span> <span class='ocrx_word' id='word_1_196' title='bbox 554 2721 688 2782; x_wconf 83' lang='lat' dir='ltr'><strong>subiecto</strong></span> <span class='ocrx_word' id='word_1_197' title='bbox 703 2727 895 2799; x_wconf 86' lang='lat' dir='ltr'><strong>cognoscente</strong></span> <span class='ocrx_word' id='word_1_198' title='bbox 912 2720 1039 2779; x_wconf 83' lang='lat' dir='ltr'><strong>derivari</strong></span> <span class='ocrx_word' id='word_1_199' title='bbox 1061 2716 1164 2776; x_wconf 82' lang='lat' dir='ltr'><strong>votuit.</strong></span> <span class='ocrx_word' id='word_1_200' title='bbox 1180 2715 1245 2787; x_wconf 81' lang='lat' dir='ltr'><strong>Qua</strong></span> 
     </span>
     <span class='ocr_line' id='line_1_26' title="bbox 166 2813 1243 2896; baseline -0.004 -22"><span class='ocrx_word' id='word_1_201' title='bbox 166 2817 199 2874; x_wconf 88' lang='lat' dir='ltr'><strong>in</strong></span> <span class='ocrx_word' id='word_1_202' title='bbox 213 2832 246 2875; x_wconf 89' lang='lat' dir='ltr'><strong>re</strong></span> <span class='ocrx_word' id='word_1_203' title='bbox 264 2817 322 2876; x_wconf 87' lang='lat' dir='ltr'><strong>sibi</strong></span> <span class='ocrx_word' id='word_1_204' title='bbox 337 2821 432 2896; x_wconf 86' lang='lat' dir='ltr'><strong>magis</strong></span> <span class='ocrx_word' id='word_1_205' title='bbox 447 2823 642 2896; x_wconf 88' lang='lat' dir='ltr'><strong>consenticus,</strong></span> <span class='ocrx_word' id='word_1_206' title='bbox 654 2836 743 2896; x_wconf 86' lang='lat' dir='ltr'><strong>qaam</strong></span> <span class='ocrx_word' id='word_1_207' title='bbox 762 2823 824 2879; x_wconf 89' lang='lat' dir='ltr'><strong>cius</strong></span> <span class='ocrx_word' id='word_1_208' title='bbox 838 2821 988 2894; x_wconf 85' lang='lat' dir='ltr'><strong>magister,</strong></span> <span class='ocrx_word' id='word_1_209' title='bbox 1003 2816 1147 2891; x_wconf 89' lang='lat' dir='ltr'><strong>apparuit.</strong></span> <span class='ocrx_word' id='word_1_210' title='bbox 1169 2813 1243 2871; x_wconf 88' lang='lat' dir='ltr'><strong>Nam</strong></span> 
     </span>
     <span class='ocr_line' id='line_1_27' title="bbox 168 2912 1255 2995; baseline -0.005 -23"><span class='ocrx_word' id='word_1_211' title='bbox 168 2929 236 2972; x_wconf 88' lang='lat' dir='ltr'><strong>cum</strong></span> <span class='ocrx_word' id='word_1_212' title='bbox 251 2921 386 2990; x_wconf 77' lang='lat' dir='ltr'><strong>ageretur</strong></span> <span class='ocrx_word' id='word_1_213' title='bbox 404 2917 629 2992; x_wconf 74' lang='lat' dir='ltr'><strong>complicanda</strong></span> <span class='ocrx_word' id='word_1_214' title='bbox 648 2920 814 2995; x_wconf 78' lang='lat' dir='ltr'><strong>cognitione</strong></span> <span class='ocrx_word' id='word_1_215' title='bbox 832 2933 849 2976; x_wconf 87' lang='lat' dir='ltr'><strong>a</strong></span> <span class='ocrx_word' id='word_1_216' title='bbox 866 2918 954 2991; x_wconf 87' lang='lat' dir='ltr'><strong>priori</strong></span> <span class='ocrx_word' id='word_1_217' title='bbox 971 2915 1138 2988; x_wconf 84' lang='lat' dir='ltr'><strong>dumtaxat,</strong></span> <span class='ocrx_word' id='word_1_218' title='bbox 1159 2912 1255 2969; x_wconf 64' lang='lat' dir='ltr'><strong>omne·</strong></span> 
     </span>
     <span class='ocr_line' id='line_1_28' title="bbox 168 3010 1245 3090; baseline -0.006 -18"><span class='ocrx_word' id='word_1_219' title='bbox 168 3012 344 3072; x_wconf 82' lang='lat' dir='ltr'><strong>elementum</strong></span> <span class='ocrx_word' id='word_1_220' title='bbox 366 3016 536 3090; x_wconf 84' lang='lat' dir='ltr'><strong>empiricam</strong></span> <span class='ocrx_word' id='word_1_221' title='bbox 562 3013 863 3089; x_wconf 81' lang='lat' dir='ltr'><strong>removendnm&#39;iuit3</strong></span> <span class='ocrx_word' id='word_1_222' title='bbox 884 3015 1005 3072; x_wconf 84' lang='lat' dir='ltr'><strong>materia</strong></span> <span class='ocrx_word' id='word_1_223' title='bbox 1028 3018 1124 3070; x_wconf 85' lang='lat' dir='ltr'><strong>autem</strong></span> <span class='ocrx_word' id='word_1_224' title='bbox 1146 3010 1245 3086; x_wconf 87' lang='lat' dir='ltr'><strong>cogui-</strong></span> 
     </span>
    </p>
   </div>
   <div class='ocr_carea' id='block_1_3' title="bbox 168 3205 1249 4059">
    <p class='ocr_par' dir='ltr' id='par_1_5' title="bbox 168 3205 1249 3832">
     <span class='ocr_line' id='line_1_29' title="bbox 169 3205 1244 3271; baseline -0.004 -13"><span class='ocrx_word' id='word_1_225' title='bbox 169 3225 182 3248; x_wconf 84' lang='lat'><strong>·</strong></span> <span class='ocrx_word' id='word_1_226' title='bbox 194 3219 260 3268; x_wconf 77' lang='lat' dir='ltr'><strong>uuae</strong></span> <span class='ocrx_word' id='word_1_227' title='bbox 279 3219 326 3258; x_wconf 87' lang='lat' dir='ltr'><strong>nus</strong></span> <span class='ocrx_word' id='word_1_228' title='bbox 345 3208 529 3270; x_wconf 63' lang='lat' dir='ltr'><strong>cimonem,</strong></span> <span class='ocrx_word' id='word_1_229' title='bbox 548 3211 645 3260; x_wconf 72' lang='lat' dir='ltr'><strong>mensa</strong></span> <span class='ocrx_word' id='word_1_230' title='bbox 663 3211 787 3271; x_wconf 85' lang='lat' dir='ltr'><strong>puteanus.</strong></span> <span class='ocrx_word' id='word_1_231' title='bbox 808 3209 903 3270; x_wconf 79' lang='lat' dir='ltr'><strong>tigoni</strong></span> <span class='ocrx_word' id='word_1_232' title='bbox 923 3208 1034 3258; x_wconf 70' lang='lat' dir='ltr'><strong>certato</strong></span> <span class='ocrx_word' id='word_1_233' title='bbox 1055 3205 1126 3257; x_wconf 82' lang='lat' dir='ltr'><strong>iauiie</strong></span> <span class='ocrx_word' id='word_1_234' title='bbox 1146 3207 1244 3269; x_wconf 84' lang='lat' dir='ltr'><strong>largior.</strong></span> 
     </span>
     <span class='ocr_line' id='line_1_30' title="bbox 169 3285 1248 3352; baseline -0.002 -14"><span class='ocrx_word' id='word_1_235' title='bbox 169 3305 184 3330; x_wconf 76' lang='grc' dir='ltr'>ι</span> <span class='ocrx_word' id='word_1_236' title='bbox 197 3286 247 3338; x_wconf 81' lang='lat' dir='ltr'><strong>Sed</strong></span> <span class='ocrx_word' id='word_1_237' title='bbox 263 3287 326 3338; x_wconf 86' lang='lat' dir='ltr'><strong>haec</strong></span> <span class='ocrx_word' id='word_1_238' title='bbox 339 3290 482 3352; x_wconf 70' lang='lat' dir='ltr'><strong>propensio,</strong></span> <span class='ocrx_word' id='word_1_239' title='bbox 499 3293 634 3352; x_wconf 85' lang='lat' dir='ltr'><strong>atcumque</strong></span> <span class='ocrx_word' id='word_1_240' title='bbox 650 3289 771 3340; x_wconf 81' lang='lat' dir='ltr'><strong>mturaits</strong></span> <span class='ocrx_word' id='word_1_241' title='bbox 787 3291 829 3352; x_wconf 87' lang='lat' dir='ltr'><strong>sit,</strong></span> <span class='ocrx_word' id='word_1_242' title='bbox 845 3301 890 3340; x_wconf 86' lang='lat' dir='ltr'><strong>nos</strong></span> <span class='ocrx_word' id='word_1_243' title='bbox 910 3287 1098 3338; x_wconf 77' lang='lat' dir='ltr'><strong>coaccidentia</strong></span> <span class='ocrx_word' id='word_1_244' title='bbox 1115 3287 1190 3350; x_wconf 83' lang='lat' dir='ltr'><strong>cogit,</strong></span> <span class='ocrx_word' id='word_1_245' title='bbox 1205 3285 1248 3336; x_wconf 86' lang='lat' dir='ltr'><strong>sed</strong></span> 
     </span>
     <span class='ocr_line' id='line_1_31' title="bbox 168 3366 1246 3430; baseline 0 -14"><span class='ocrx_word' id='word_1_246' title='bbox 168 3385 181 3410; x_wconf 74' lang='grc' dir='ltr'>ι</span> <span class='ocrx_word' id='word_1_247' title='bbox 193 3366 353 3430; x_wconf 81' lang='lat' dir='ltr'><strong>impressione</strong></span> <span class='ocrx_word' id='word_1_248' title='bbox 369 3372 467 3420; x_wconf 89' lang='lat' dir='ltr'><strong>tantum</strong></span> <span class='ocrx_word' id='word_1_249' title='bbox 486 3369 598 3419; x_wconf 87' lang='lat' dir='ltr'><strong>inclinat.</strong></span> <span class='ocrx_word' id='word_1_250' title='bbox 615 3371 668 3418; x_wconf 87' lang='lat' dir='ltr'><strong>tam</strong></span> <span class='ocrx_word' id='word_1_251' title='bbox 688 3383 747 3418; x_wconf 87' lang='lat' dir='ltr'><strong>reru</strong></span> <span class='ocrx_word' id='word_1_252' title='bbox 768 3383 813 3418; x_wconf 84' lang='lat' dir='ltr'><strong>nos</strong></span> <span class='ocrx_word' id='word_1_253' title='bbox 828 3369 852 3418; x_wconf 85' lang='lat' dir='ltr'><strong>in</strong></span> <span class='ocrx_word' id='word_1_254' title='bbox 873 3369 964 3418; x_wconf 85' lang='lat' dir='ltr'><strong>nostris</strong></span> <span class='ocrx_word' id='word_1_255' title='bbox 979 3367 1076 3417; x_wconf 86' lang='lat' dir='ltr'><strong>iudiciis</strong></span> <span class='ocrx_word' id='word_1_256' title='bbox 1095 3367 1179 3417; x_wconf 84' lang='lat' dir='ltr'><strong>liberis</strong></span> <span class='ocrx_word' id='word_1_257' title='bbox 1196 3379 1246 3416; x_wconf 90' lang='lat' dir='ltr'><strong>non</strong></span> 
     </span>
     <span class='ocr_line' id='line_1_32' title="bbox 171 3443 1247 3510; baseline -0.002 -15"><span class='ocrx_word' id='word_1_258' title='bbox 171 3464 184 3488; x_wconf 78' lang='grc' dir='ltr'>ι</span> <span class='ocrx_word' id='word_1_259' title='bbox 198 3445 266 3496; x_wconf 86' lang='lat' dir='ltr'><strong>alind</strong></span> <span class='ocrx_word' id='word_1_260' title='bbox 284 3447 355 3510; x_wconf 83' lang='lat' dir='ltr'><strong>sequi</strong></span> <span class='ocrx_word' id='word_1_261' title='bbox 372 3448 499 3510; x_wconf 82' lang='lat' dir='ltr'><strong>debemus,</strong></span> <span class='ocrx_word' id='word_1_262' title='bbox 518 3449 565 3499; x_wconf 85' lang='lat' dir='ltr'><strong>nisi</strong></span> <span class='ocrx_word' id='word_1_263' title='bbox 584 3449 667 3499; x_wconf 88' lang='lat' dir='ltr'><strong>iunren</strong></span> <span class='ocrx_word' id='word_1_264' title='bbox 687 3451 712 3498; x_wconf 88' lang='lat' dir='ltr'><strong>ei</strong></span> <span class='ocrx_word' id='word_1_265' title='bbox 731 3447 894 3510; x_wconf 65' lang='lat' dir='ltr'><strong>evidentiam</strong></span> <span class='ocrx_word' id='word_1_266' title='bbox 912 3461 941 3496; x_wconf 88' lang='lat' dir='ltr'><strong>ac</strong></span> <span class='ocrx_word' id='word_1_267' title='bbox 957 3447 977 3496; x_wconf 86' lang='lat' dir='ltr'><strong>si</strong></span> <span class='ocrx_word' id='word_1_268' title='bbox 998 3443 1097 3509; x_wconf 87' lang='lat' dir='ltr'><strong>quando</strong></span> <span class='ocrx_word' id='word_1_269' title='bbox 1116 3445 1247 3494; x_wconf 84' lang='lat' dir='ltr'><strong>committi·</strong></span> 
     </span>
     <span class='ocr_line' id='line_1_33' title="bbox 170 3521 1249 3590; baseline -0.004 -14"><span class='ocrx_word' id='word_1_270' title='bbox 170 3543 184 3568; x_wconf 72' lang='grc' dir='ltr'>ι</span> <span class='ocrx_word' id='word_1_271' title='bbox 195 3538 252 3577; x_wconf 84' lang='lat' dir='ltr'><strong>mos</strong></span> <span class='ocrx_word' id='word_1_272' title='bbox 270 3529 300 3576; x_wconf 89' lang='lat' dir='ltr'><strong>ui</strong></span> <span class='ocrx_word' id='word_1_273' title='bbox 317 3527 448 3590; x_wconf 87' lang='lat' dir='ltr'><strong>impressio</strong></span> <span class='ocrx_word' id='word_1_274' title='bbox 466 3528 589 3578; x_wconf 85' lang='lat' dir='ltr'><strong>sensibiiis</strong></span> <span class='ocrx_word' id='word_1_275' title='bbox 605 3542 650 3579; x_wconf 85' lang='lat' dir='ltr'><strong>nos</strong></span> <span class='ocrx_word' id='word_1_276' title='bbox 666 3529 757 3589; x_wconf 86' lang='lat' dir='ltr'><strong>ducat,</strong></span> <span class='ocrx_word' id='word_1_277' title='bbox 776 3527 826 3578; x_wconf 84' lang='lat' dir='ltr'><strong>iero</strong></span> <span class='ocrx_word' id='word_1_278' title='bbox 843 3539 939 3589; x_wconf 85' lang='lat' dir='ltr'><strong>semper</strong></span> <span class='ocrx_word' id='word_1_279' title='bbox 957 3537 1075 3576; x_wconf 85' lang='lat' dir='ltr'><strong>erramus.</strong></span> <span class='ocrx_word' id='word_1_280' title='bbox 1090 3562 1095 3574; x_wconf 96' lang='lat'><em>.</em></span> <span class='ocrx_word' id='word_1_281' title='bbox 1170 3521 1249 3574; x_wconf 81' lang='lat' dir='ltr'><strong>Prote</strong></span> 
     </span>
     <span class='ocr_line' id='line_1_34' title="bbox 170 3605 1248 3670; baseline -0.003 -14"><span class='ocrx_word' id='word_1_282' title='bbox 170 3621 183 3647; x_wconf 74' lang='lat' dir='ltr'><strong>s</strong></span> <span class='ocrx_word' id='word_1_283' title='bbox 194 3606 237 3656; x_wconf 85' lang='lat' dir='ltr'><strong>eto</strong></span> <span class='ocrx_word' id='word_1_284' title='bbox 254 3605 329 3656; x_wconf 72' lang='lat' dir='ltr'><strong>Fides</strong></span> <span class='ocrx_word' id='word_1_285' title='bbox 346 3611 387 3658; x_wconf 80' lang='lat' dir='ltr'><strong>ast</strong></span> <span class='ocrx_word' id='word_1_286' title='bbox 402 3607 550 3668; x_wconf 76' lang='lat' dir='ltr'><strong>dumtaxat,</strong></span> <span class='ocrx_word' id='word_1_287' title='bbox 573 3620 638 3670; x_wconf 80' lang='lat' dir='ltr'><strong>pass</strong></span> <span class='ocrx_word' id='word_1_288' title='bbox 655 3609 741 3658; x_wconf 85' lang='lat' dir='ltr'><strong>animo</strong></span> <span class='ocrx_word' id='word_1_289' title='bbox 757 3607 904 3658; x_wconf 86' lang='lat' dir='ltr'><strong>convincere</strong></span> <span class='ocrx_word' id='word_1_290' title='bbox 922 3607 1004 3669; x_wconf 85' lang='lat' dir='ltr'><strong>potest</strong></span> <span class='ocrx_word' id='word_1_291' title='bbox 1028 3617 1133 3667; x_wconf 82' lang='lat' dir='ltr'><strong>corpora</strong></span> <span class='ocrx_word' id='word_1_292' title='bbox 1151 3605 1248 3656; x_wconf 79' lang='lat' dir='ltr'><strong>exstare</strong></span> 
     </span>
     <span class='ocr_line' id='line_1_35' title="bbox 170 3683 1247 3750; baseline -0.003 -14"><span class='ocrx_word' id='word_1_293' title='bbox 170 3701 184 3728; x_wconf 75' lang='grc' dir='ltr'>ι</span> <span class='ocrx_word' id='word_1_294' title='bbox 196 3697 283 3750; x_wconf 82' lang='lat' dir='ltr'><strong>reapse</strong></span> <span class='ocrx_word' id='word_1_295' title='bbox 294 3687 344 3736; x_wconf 83' lang='lat' dir='ltr'><strong>sto.</strong></span> <span class='ocrx_word' id='word_1_296' title='bbox 355 3705 368 3730; x_wconf 73' lang='lat' dir='ltr'><strong>n</strong></span> <span class='ocrx_word' id='word_1_297' title='bbox 386 3689 425 3736; x_wconf 80' lang='lat' dir='ltr'><strong>tie</strong></span> <span class='ocrx_word' id='word_1_298' title='bbox 440 3687 469 3738; x_wconf 82' lang='lat' dir='ltr'><strong>la</strong></span> <span class='ocrx_word' id='word_1_299' title='bbox 486 3687 633 3738; x_wconf 73' lang='lat' dir='ltr'><strong>nesterone</strong></span> <span class='ocrx_word' id='word_1_300' title='bbox 648 3687 681 3738; x_wconf 83' lang='lat' dir='ltr'><strong>do</strong></span> <span class='ocrx_word' id='word_1_301' title='bbox 698 3688 728 3738; x_wconf 82' lang='lat' dir='ltr'><strong>io</strong></span> <span class='ocrx_word' id='word_1_302' title='bbox 742 3686 827 3738; x_wconf 76' lang='lat' dir='ltr'><strong>rente</strong></span> <span class='ocrx_word' id='word_1_303' title='bbox 839 3689 857 3738; x_wconf 91' lang='lat' dir='ltr'><strong>t.</strong></span> <span class='ocrx_word' id='word_1_304' title='bbox 873 3691 897 3750; x_wconf 86' lang='lat' dir='ltr'><strong>t,</strong></span> <span class='ocrx_word' id='word_1_305' title='bbox 912 3687 1045 3740; x_wconf 78' lang='lat' dir='ltr'><strong>cointroiu.</strong></span> <span class='ocrx_word' id='word_1_306' title='bbox 1058 3693 1082 3736; x_wconf 80' lang='lat' dir='ltr'><strong>o.</strong></span> <span class='ocrx_word' id='word_1_307' title='bbox 1098 3683 1163 3736; x_wconf 81' lang='lat' dir='ltr'><strong>Vide</strong></span> <span class='ocrx_word' id='word_1_308' title='bbox 1173 3683 1247 3734; x_wconf 76' lang='lat' dir='ltr'><strong>curn</strong></span> 
     </span>
     <span class='ocr_line' id='line_1_36' title="bbox 171 3765 665 3832; baseline 0.006 -18"><span class='ocrx_word' id='word_1_309' title='bbox 171 3765 269 3816; x_wconf 74' lang='lat' dir='ltr'><strong>titis</strong></span> <span class='ocrx_word' id='word_1_310' title='bbox 285 3766 450 3818; x_wconf 65' lang='lat' dir='ltr'><strong>iuiiatade</strong></span> <span class='ocrx_word' id='word_1_311' title='bbox 467 3769 530 3832; x_wconf 87' lang='lat' dir='ltr'><strong>part.</strong></span> <span class='ocrx_word' id='word_1_312' title='bbox 551 3776 575 3830; x_wconf 83' lang='lat'><strong>2,</strong></span> <span class='ocrx_word' id='word_1_313' title='bbox 595 3781 618 3818; x_wconf 86' lang='lat' dir='ltr'><strong>c.</strong></span> <span class='ocrx_word' id='word_1_314' title='bbox 640 3774 665 3818; x_wconf 81' lang='lat' dir='ltr'><strong>c.</strong></span> 
     </span>
    </p>

    <p class='ocr_par' dir='ltr' id='par_1_6' title="bbox 170 3845 1249 3977">
     <span class='ocr_line' id='line_1_37' title="bbox 229 3845 1249 3911; baseline -0.003 -16"><span class='ocrx_word' id='word_1_315' title='bbox 229 3853 240 3895; x_wconf 89' lang='lat' dir='ltr'><strong>i</strong></span> <span class='ocrx_word' id='word_1_316' title='bbox 259 3847 298 3896; x_wconf 85' lang='lat' dir='ltr'><strong>De</strong></span> <span class='ocrx_word' id='word_1_317' title='bbox 313 3849 456 3911; x_wconf 82' lang='lat' dir='ltr'><strong>Principiis</strong></span> <span class='ocrx_word' id='word_1_318' title='bbox 473 3849 634 3911; x_wconf 70' lang='lat' dir='ltr'><strong>Cognitionis</strong></span> <span class='ocrx_word' id='word_1_319' title='bbox 648 3846 865 3897; x_wconf 70' lang='lat' dir='ltr'><strong>humanissimo</strong></span> <span class='ocrx_word' id='word_1_320' title='bbox 882 3845 976 3896; x_wconf 81' lang='lat' dir='ltr'><strong>Tribus</strong></span> <span class='ocrx_word' id='word_1_321' title='bbox 988 3845 1100 3908; x_wconf 67' lang='lat' dir='ltr'><strong>asanais</strong></span> <span class='ocrx_word' id='word_1_322' title='bbox 1114 3847 1184 3894; x_wconf 82' lang='lat' dir='ltr'><strong>inter</strong></span> <span class='ocrx_word' id='word_1_323' title='bbox 1201 3845 1249 3905; x_wconf 70' lang='lat' dir='ltr'><strong>Hp</strong></span> 
     </span>
     <span class='ocr_line' id='line_1_38' title="bbox 170 3922 455 3977; baseline 0.011 -3"><span class='ocrx_word' id='word_1_324' title='bbox 170 3922 226 3974; x_wconf 78' lang='lat' dir='ltr'><strong>ium</strong></span> <span class='ocrx_word' id='word_1_325' title='bbox 242 3926 269 3974; x_wconf 82' lang='lat' dir='ltr'><strong>ei</strong></span> <span class='ocrx_word' id='word_1_326' title='bbox 284 3923 455 3977; x_wconf 73' lang='lat' dir='ltr'><strong>Philonicum.</strong></span> 
     </span>
    </p>

    <p class='ocr_par' dir='ltr' id='par_1_7' title="bbox 228 4005 706 4059">
     <span class='ocr_line' id='line_1_39' title="bbox 228 4005 706 4059; baseline 0.002 -4"><span class='ocrx_word' id='word_1_327' title='bbox 228 4011 242 4055; x_wconf 83' lang='lat'><em>2</em></span> <span class='ocrx_word' id='word_1_328' title='bbox 260 4005 362 4056; x_wconf 76' lang='lat' dir='ltr'><strong>critico</strong></span> <span class='ocrx_word' id='word_1_329' title='bbox 378 4007 496 4058; x_wconf 75' lang='lat' dir='ltr'><strong>notionis</strong></span> <span class='ocrx_word' id='word_1_330' title='bbox 513 4009 613 4059; x_wconf 78' lang='lat' dir='ltr'><strong>Purus.</strong></span> <span class='ocrx_word' id='word_1_331' title='bbox 703 4035 706 4039; x_wconf 77' lang='lat'><strong>,</strong></span> 
     </span>
    </p>
   </div>
   <div class='ocr_carea' id='block_1_4' title="bbox 0 0 1465 4425">
    <p class='ocr_par' dir='ltr' id='par_1_8' title="bbox 0 0 1465 4425">
     <span class='ocr_line' id='line_1_40' title="bbox 0 0 1465 4425; baseline 0 0"><span class='ocrx_word' id='word_1_332' title='bbox 0 0 1465 4425; x_wconf 95' lang='lat' dir='ltr'><strong> </strong></span> 
     </span>
    </p>
   </div>
  </div>
 </body>
</html>
