2892 4425
542 386 782 431 ΙΠΑΡΙΜΙΕΔΙ
802 386 963 430 atrectatus

642 591 829 647 Psorostrro
849 592 871 643 Ι.

502 790 624 843 Animus
646 784 791 841 domuum
811 788 855 839 erl
873 784 1006 857 simplex.

275 992 326 1043 tt.
343 984 422 1043 lisso
436 985 542 1042 verim
558 988 730 1041 monument
746 980 932 1040 corollarium
947 978 1146 1056 preeoedentls
1164 986 1292 1043 articuli.

188 1061 292 1141 ‘Nam
305 1083 331 1140 si
351 1082 501 1157 materiae,
521 1086 554 1139 ut
569 1079 609 1138 lbi
625 1078 825 1154 ostendimus,
841 1088 984 1155 repugnat
997 1081 1147 1155 cogimus,
1168 1097 1220 1140 seu
1236 1098 1294 1141 me

216 1180 274 1239 ilns
295 1182 423 1257 cognitio
446 1180 607 1255 generatim
634 1186 769 1253 aeeepta3
796 1178 911 1236 unimus
935 1184 1049 1251 noster,
1073 1179 1123 1253 qul
1145 1186 1224 1237 certe
1243 1196 1293 1237 co·

215 1278 363 1355 gitatlme‘
372 1278 545 1351 instruitur,
564 1277 667 1351 nequit
689 1292 754 1333 esse
773 1276 906 1333 materia.
930 1274 969 1333 At
990 1290 1054 1348 res,
1074 1290 1150 1351 quae
1171 1278 1295 1335 materia

209 1364 353 1451 'uon*slt,
373 1380 419 1433 est
445 1373 788 1451 ensuimple13quippe
813 1374 889 1429 inter
913 1374 1081 1445 maurium,
1103 1388 1155 1429 seu
1179 1370 1294 1430 realita-

214 1478 275 1530 tem
297 1476 464 1546 mmmm,
493 1476 581 1546 atque
606 1486 658 1529 ena
684 1472 892 1543 inexteusum,
915 1484 965 1527 seu
988 1484 1040 1526 ens
1061 1469 1198 1544 simplex,
1220 1468 1294 1527 nihil

215 1576 261 1626 est
276 1567 406 1625 tertlrnn.
427 1565 506 1642 lirgo
523 1569 641 1625 animus
658 1566 845 1641 simplicitate
859 1565 977 1642 gaudet.
997 1564 1211 1640 Nihilominus,
1230 1581 1295 1641 pro

216 1669 282 1739 pter
299 1661 405 1721 obiecti
422 1666 645 1738 praestantiam,
665 1662 806 1724 nonnulla
826 1662 874 1721 hio
890 1662 1032 1723 addamne
1053 1670 1225 1739 argumenta
1244 1661 1295 1721 de·

215 1766 332 1835 sumpta
347 1775 385 1818 ex
404 1761 516 1838 unitate
539 1762 736 1819 oonsdentlae
758 1776 817 1837 qua
841 1760 990 1819 euidenter
1015 1759 1178 1835 aiddmur,
1202 1768 1231 1819 et
1257 1776 1294 1819 ex

218 1854 394 1932 reflexim,
414 1872 503 1932 qnam
523 1859 639 1915 animus
661 1874 751 1933 snpra
777 1860 904 1933 seipsum
927 1864 1051 1917 exornet.

276 1954 374 2031 Atque
386 1953 423 2013 ad
437 1956 563 2031 primum
582 1956 660 2031 qnod
678 1958 794 2033 attinet,
811 1973 897 2016 nemo
914 1966 958 2017 oet
971 1960 1021 2033 qui
1035 1972 1093 2016 non
1113 1960 1243 2016 consolat
1262 1972 1296 2015 se

216 2052 378 2111 innumeris
397 2052 612 2112 mundonlbus
630 2054 839 2131 cogitandique
857 2054 950 2113 modis
968 2057 1009 2113 itu
1032 2054 1123 2131 uilici,
1138 2060 1171 2113 ut
1185 2070 1233 2113 eos
1256 2054 1296 2114 ad

217 2164 308 2209 onum
331 2148 466 2227 idemque
488 2157 618 2227 spectare
637 2151 800 2211 subiectum
828 2152 924 2211 vivide
949 2154 1150 2229 persentiscat.
1173 2151 1223 2211 Sie
1243 2169 1293 2211 ex.

217 2265 263 2326 gr.
283 2247 354 2308 dum
375 2251 520 2309 matutino
538 2255 671 2326 tempore
685 2267 737 2326 per
751 2258 865 2325 pratum
885 2251 1002 2330 aliquod
1027 2250 1207 2325 deambulas,
1223 2250 1298 2308 mul-

217 2346 308 2422 tlpllcl
329 2347 475 2405 suarhate
487 2349 600 2422 caperis
618 2347 742 2407 odorum
763 2349 814 2422 qul
832 2347 972 2406 afflantur
990 2365 1006 2406 e
1024 2347 1157 2422 floribus,
1173 2353 1203 2406 et
1225 2363 1295 2406 oan-

217 2450 280 2503 tnm
303 2443 389 2502 simul
415 2445 564 2520 percipis,
591 2459 678 2519 quem
699 2460 769 2503 aues
795 2444 873 2502 diem
905 2444 1065 2503 salutantes
1093 2443 1292 2502 modulantur.

218 2543 331 2601 Interea
344 2541 587 2601 trondeecentinm
607 2559 722 2618 qnoque
734 2544 899 2619 plantarum
911 2549 939 2600 et
954 2542 1120 2601 nitidissimi
1138 2541 1209 2599 ooeli
1224 2556 1293 2598 cou-

218 2645 361 2715 speetum,
379 2639 547 2715 coloresque
564 2642 663 2700 uarios
685 2655 819 2717 aurorae,
835 2640 906 2699 solis
926 2647 1022 2699 onum
1044 2641 1294 2716 praenuntiantes,

218 2733 384 2794 admiraris.
405 2735 501 2796 Tanta
517 2743 641 2799 naturae
664 2744 817 2798 venustate
838 2738 974 2814 illectus,
997 2736 1034 2796 ad
1055 2739 1118 2796 elus
1136 2736 1296 2794 Auctorem

217 2833 406 2911 cogitandum
431 2837 562 2911 assurgis
590 2851 626 2895 ao
648 2832 801 2911 multiplici
832 2835 992 2895 affectuum
1020 2851 1124 2911 genere
1145 2833 1293 2891 excitaris.

218 2929 280 2990 llos
293 2931 460 3006 similesque
478 2932 567 2989 aulmi
585 2939 682 2991 motus
703 2936 744 2991 ltu
763 2935 918 3009 experiris,
939 2937 972 2991 ut
986 2930 1168 2991 individuum
1193 2947 1295 2988 eornm

217 3027 425 3088 noumientiam
446 3025 566 3105 habeds,
586 3035 675 3105 atque
691 3038 806 3090 exstare
825 3038 854 3091 te
873 3045 979 3107 eosque
995 3029 1048 3089 tibi
1072 3032 1122 3089 uni
1144 3028 1297 3106 eidemque

219 3125 316 3184 inem
336 3138 371 3182 ao
392 3123 533 3184 uindicari
551 3127 594 3184 sla
612 3134 719 3187 certus.

278 3219 319 3280 At
340 3234 409 3280 vero
422 3219 453 3280 ld
466 3223 569 3280 sentiri
584 3238 768 3301 nequaqnam
783 3231 890 3302 posset,
907 3227 963 3284 nisi
985 3239 1084 3284 eurum
1106 3225 1295 3300 principium,

219 3333 323 3394 nempe
340 3319 456 3379 animus
476 3319 645 3380 omnimoda
657 3323 688 3379 in
702 3329 733 3381 te
754 3325 865 3382 unitate
885 3339 919 3382 ue
938 3323 1123 3398 simplicitate
1144 3319 1294 3398 gauderet.

218 3413 294 3474 iiam
311 3417 336 3474 sl
350 3415 422 3475 solis
432 3415 563 3491 partibus
577 3419 764 3493 coalesceret,
780 3427 867 3495 utque
881 3419 944 3506 ideo
959 3435 1011 3494 per
1025 3433 1074 3478 eas
1086 3424 1184 3494 ageret
1198 3416 1297 3492 (quud-

218 3527 276 3590 que
300 3513 379 3572 enirn
399 3516 462 3592 agit
481 3521 569 3591 prout
587 3516 662 3592 est),
681 3533 771 3576 unum
793 3516 928 3593 idemque
949 3514 1095 3592 cogitandi
1121 3515 1296 3589 principium

218 3625 278 3670 nnn
295 3611 364 3671 iude
375 3620 555 3692 exsurgeret.
568 3613 670 3674 Partes
682 3617 761 3672 enlm
771 3614 923 3673 distinctae
935 3616 1011 3674 inter
1024 3629 1055 3671 se
1067 3617 1147 3687 sunt,
1157 3618 1297 3687 etquem-

218 3709 375 3771 admodum
396 3712 527 3774 diuersas
552 3713 685 3776 efficiunt
706 3713 865 3789 realitates,
889 3715 931 3772 sle
954 3712 1092 3770 distincta
1111 3707 1299 3785 suppeditant

217 3809 357 3886 operandi
379 3815 532 3888 principia.
555 3813 651 3885 Quare
674 3827 775 3871 earum
800 3827 930 3887 quaeque
955 3812 1071 3885 propria
1095 3810 1209 3867 actione
1234 3805 1299 3880 pol-

218 3905 312 3985 leret,
337 3925 479 3985 suamqne
502 3907 746 3968 modificationem
770 3910 943 3984 attingeret,
965 3913 1052 3984 atque
1072 3905 1181 3964 idcireo
1204 3905 1298 3961 inscia

218 4006 339 4064 omnino
361 4012 435 4066 esset
455 4006 579 4066 eodonis
600 4006 790 4082 reliquarum.
812 4005 862 4066 sio
882 4008 911 4066 iu
934 4004 1085 4066 huminum
1109 3999 1297 4062 multitudine
