2892 4425
472 389 550 433 ΡΔΙΙ
570 386 676 432 ΡΙΙΙΔ
693 402 706 417 ·
724 384 926 431 ΘΜΙΜΜΙΔ
1198 381 1235 433 81

156 502 260 579 toqiois
271 496 524 559 obemassenibm
537 502 665 573 onustat,
686 494 806 573 debaro
820 498 1007 571 terraqueum
1029 510 1166 573 magnam
1183 498 1237 558 ait·

155 615 246 677 qnam
274 596 485 657 modiationem
511 594 657 656 sumrhse
686 593 776 670 (qnae
802 608 870 655 oum
896 594 1016 654 Noetioo
1040 594 1152 655 diiauto
1177 598 1239 657 inre

156 696 374 770 eoniunditur),
395 700 484 769 atque
501 709 540 753 ex
558 694 622 769 ipsa
643 694 674 751 tn
695 699 827 768 sistam,
848 708 935 769 qnam
955 708 1034 751 nune
1054 700 1237 773 contuemur,

156 793 369 872 proouoodum
384 793 546 851 emersisse.
567 790 648 849 Haeo
665 789 851 865 catastrophe
866 806 902 849 ae
919 789 1071 849 subversio
1092 790 1130 850 ed
1145 808 1239 867 psum

159 893 198 953 ab
218 893 287 952 hino
309 890 401 949 mdiia
420 904 564 949 annorum
583 888 641 964 (ex.
664 904 710 964 gr.
733 894 860 964 quatuor
882 888 927 947 vei
947 888 1086 965 quinque)
1113 876 1239 967 regredi·

157 997 226 1065 aar,
249 996 337 1065 prout
357 1006 395 1049 ex
422 986 677 1047 observationibus
695 985 831 1061 piurimis
850 985 998 1061 ooiiigitur
1023 990 1052 1045 et
1079 989 1239 1063 gmmadm

158 1087 272 1165 geoiogi
288 1087 476 1145 eonsentinnt
495 1087 517 1142 ¹.
536 1084 588 1143 His
605 1085 721 1159 positis,
732 1084 834 1159 quaeri
852 1088 947 1158 potest
960 1086 1057 1142 atmm
1070 1090 1185 1159 praetor
1198 1084 1241 1146 di·

158 1187 245 1243 vinae
263 1184 374 1242 litteras
394 1198 431 1241 ex
451 1181 517 1240 aitis
534 1182 717 1257 argumentis
737 1194 815 1239 mere
838 1179 1021 1241 naturalibus
1043 1180 1160 1255 probari
1176 1197 1241 1257 pos·

157 1284 198 1342 sit
217 1288 287 1341 ante
303 1280 379 1339 hane
399 1278 614 1355 eataetmpisem
633 1278 767 1337 homines
785 1278 937 1337 extitisset
959 1278 1178 1354 Respondemus
1196 1278 1240 1338 ai·

160 1378 318 1452 donatiuo,
338 1377 389 1437 sed
410 1379 453 1435 ita
473 1383 572 1436 temen
591 1382 626 1434 ut
646 1392 706 1434 oon
727 1374 886 1435 admodum
909 1378 1061 1452 propagati
1083 1375 1193 1435 inerint
1212 1382 1241 1435 et

160 1482 370 1553 oonsequenter
390 1490 449 1534 noo
473 1481 617 1533 remotam
637 1475 728 1532 nimis
751 1472 908 1533 habuerint
932 1476 1085 1550 originem.
1110 1473 1186 1533 Nem
1204 1490 1241 1535 ex

161 1590 221 1634 una
239 1580 322 1649 parte
342 1573 421 1648 quod
440 1572 575 1631 homines
595 1572 747 1631 extiterint
768 1576 898 1649 tempore
918 1570 998 1631 iiiius
1020 1570 1240 1648 subversionis,

161 1670 309 1731 evidenter
321 1677 401 1746 patet
413 1687 450 1730 ex
466 1669 624 1729 traditione
639 1670 713 1728 tanti
734 1674 856 1728 eventus
870 1684 945 1745 qnae
963 1668 1041 1745 apud
1054 1685 1156 1729 omnes
1170 1674 1240 1747 gen·

124 1834 130 1844 ,
161 1774 207 1828 tes
225 1774 342 1828 senata
354 1772 415 1841 estq
435 1767 516 1843 quod
535 1772 613 1825 uerte
632 1766 773 1841 expiieari
793 1781 853 1825 non
875 1775 984 1843 posset,
1006 1769 1031 1825 si
1052 1784 1138 1827 neam
1156 1770 1242 1837 testis

162 1865 242 1925 iiiios
259 1865 460 1941 superfuisset.
475 1864 520 1923 Et
534 1864 592 1923 siia
605 1879 677 1923 vero
688 1871 772 1940 parte
784 1865 864 1941 qnod
883 1866 926 1925 iiii
945 1866 1078 1925 homines
1091 1880 1150 1924 non
1166 1864 1242 1925 mni·

161 1970 226 2024 tom
244 1970 316 2023 tune
329 1962 542 2022 ditinuiesseut
559 1968 782 2038 superterram,
798 1962 952 2025 manifeste
971 1963 1095 2023 iniermr
1114 1980 1151 2023 es
1169 1978 1240 2039 pau·

163 2062 250 2120 eitate
269 2060 457 2136 reiiqniarum
473 2066 504 2119 et
521 2060 712 2136 retugiomm
735 2059 944 2137 humanorum,
963 2076 1039 2137 qnae
1058 2064 1243 2136 reperiantur
1282 2118 1289 2138 ,

164 2160 194 2216 in
219 2160 341 2219 terrenis
365 2165 433 2219 ante
451 2155 596 2218 diiurinm
617 2164 671 2219 aut
688 2160 777 2219 mam
805 2175 840 2219 ex
862 2158 974 2219 diiuvio
995 2158 1147 2234 turmatim
1173 2174 1241 2218 enm
1326 2210 1330 2220 ,

163 2261 266 2316 eontra
285 2256 423 2332 reliquiae
437 2262 534 2316 aeetae
551 2257 741 2316 inveniantur
759 2255 919 2316 muitarum
934 2256 1093 2316 bestiarum
1111 2257 1175 2314 sivo
1187 2261 1243 2314 ter·

165 2356 302 2412 restrium
320 2356 384 2412 sive
397 2354 607 2428 innatantem,
627 2368 682 2412 nee
697 2369 758 2414 non
776 2354 969 2429 piurimamm
987 2353 1167 2430 plantarum.
1180 2352 1248 2412 iios·

164 2456 244 2510 uerte
262 2449 399 2523 expiieari
415 2465 473 2510 uon
491 2456 589 2526 posset
608 2452 635 2512 si
654 2453 772 2527 eopiosa
786 2451 938 2511 hominum
960 2449 1116 2510 multitudo
1137 2449 1244 2526 ubique

165 2553 276 2607 temam
300 2545 516 2622 inmhiinsset3
541 2549 686 2624 siquidem
714 2547 806 2608 homo
825 2564 896 2624 prae
922 2551 1025 2608 eeteris
1045 2539 1244 2606 animantibus

126 2633 132 2643 “
165 2645 302 2720 propone
319 2645 503 2706 existentiae.
512 2647 636 2722 anagn
661 2646 809 2722 relinquit.
826 2647 922 2706 Etiam
948 2649 978 2705 in
1002 2643 1179 2722 regionibus,
1193 2644 1244 2704 nbi

165 2740 329 2804 siivoeuem
353 2743 445 2801 vitam
465 2744 544 2818 agit,
564 2744 755 2804 inveniuntur
776 2759 864 2820 opera
885 2747 974 2819 artis,
989 2750 1022 2803 ut
1043 2758 1125 2804 arms
1145 2759 1181 2802 ex
1203 2742 1244 2801 is·

165 2838 283 2914 pidibus
302 2837 435 2898 eonieeta
454 2845 484 2898 et
503 2841 621 2901 similis.
644 2841 686 2902 Ut
704 2845 838 2902 omittam
860 2858 968 2902 vanum
989 2857 1053 2903 esse
1072 2841 1152 2918 quod
1172 2857 1245 2901 non·

165 2936 241 2996 uniit
259 2936 374 3012 dieunt,
394 2938 534 2998 nimirum
554 2952 623 2999 ossa
642 2939 772 3000 hamana
793 2941 879 3000 eitius
900 2942 1047 3017 corrumpi
1068 2956 1156 3016 quam
1178 2957 1245 3002 oasa

164 3031 334 3110 emtarum,
353 3033 433 3110 quod
450 3037 630 3110 experientis
649 3052 709 3097 non
729 3037 869 3113 probatur
884 3041 974 3099 immo
987 3042 1084 3116 potins
1099 3039 1245 3116 improba·

166 3135 227 3190 tur.
252 3130 396 3207 Tempore
415 3133 505 3208 igimr
524 3131 628 3192 diiovii
648 3137 759 3210 speeies
781 3134 911 3196 humano
930 3152 988 3195 nou
1010 3135 1168 3196 admodum
1188 3135 1245 3196 dii·

166 3225 356 3303 medebatur,
372 3234 460 3304 atqua
479 3228 545 3288 ideo
560 3245 619 3289 non
632 3231 794 3293 mmodam
812 3233 1003 3310 muupiisaaa
1016 3241 1095 3310 erat;
1117 3241 1147 3294 et
1166 3232 1246 3310 qaod

166 3338 347 3401 anamnesis
366 3331 413 3385 est
432 3341 493 3385 non
513 3328 602 3386 nimis
621 3331 774 3405 andqnam
795 3331 923 3391 iactabat
944 3334 1099 3408 odgiuem.

226 3420 498 3499 Semotodiiario,
519 3427 715 3502 interranis,
736 3443 811 3502 quae
833 3431 970 3488 tertiario
990 3429 1193 3506 appodiantur,
1215 3436 1248 3490 ut

149 3523 238 3610 'sunt
258 3522 410 3580 arenariae
432 3536 468 3580 ae
489 3536 608 3582 marnae
621 3514 870 3602 subappenninae,
882 3527 1073 3586 inveniantur
1092 3527 1247 3605 oonehyiia

226 3703 315 3754 erds
327 3718 393 3768 qma
408 3707 455 3758 isse
465 3707 497 3757 de
515 3720 541 3758 re
555 3707 653 3758 erudite
666 3707 783 3760 monii
798 3713 826 3760 P.
841 3713 966 3765 Panormi
984 3715 1009 3764 S.
1022 3715 1042 3762 i.
1064 3713 1163 3764 Arreti
1179 3711 1250 3762 detis

165 3785 271 3832 mesu
291 3783 413 3847 reliqtore
429 3788 479 3836 voi.
500 3790 544 3850 ii,
567 3788 652 3839 tascie
671 3791 726 3852 vi,
750 3797 817 3842 itte.
838 3795 924 3844 &ama
944 3793 1119 3858 deii’opinione
1139 3793 1180 3843 dei
1200 3793 1246 3856 sig.

165 3861 320 3920 moesus.
346 3865 438 3916 (iunior
456 3865 531 3918 ethna
551 3869 676 3933 egregium
695 3870 806 3921 eiusdem
828 3874 935 3924 auctoris
951 3876 1118 3937 neumaiam,
1133 3873 1174 3922 oni
1190 3873 1248 3923 titu-

166 3940 218 4071 ilus:
233 3945 268 3992 in
280 3941 422 4075 Ιιὲἒωῖίωη
434 3949 582 4000 creationis
595 3951 741 4002 amaeam
755 3957 953 4030 dorsatestatto,
966 3961 1070 4004 duetore
1081 3959 1115 4004 io.
1130 3957 1248 4005 Bsmssrs

189 4035 297 4074 ammaus
334 4065 339 4074 .
367 4064 373 4074 .
