2892 4425
571 384 810 433 Uffll’sssslffl
831 387 991 434 tractatis

520 550 676 662 uanaque
695 593 863 662 mamaea
886 589 1039 661 remorso.

188 775 195 783 ’
306 792 374 844 ¹26.
396 785 476 845 Hace
499 785 622 845 bumont
643 787 753 862 ingenii
778 783 970 858 deliramenta
994 801 1082 861 quam
1109 785 1236 844 msurda
1259 787 1323 845 sint

243 896 329 941 nemo
340 897 400 940 nou
413 881 504 958 ridet,
519 883 583 941 sire
598 881 750 940 exordium
770 881 967 940 consideretur
985 881 1062 940 uode
1082 880 1319 956 proficiscuntur,

242 980 305 1038 sive
318 981 368 1038 vla
380 994 440 1054 qua
451 979 623 1054 procedunt,
637 981 702 1036 sive
712 981 856 1037 terminus
871 979 909 1036 ad
922 993 1008 1054 quem
1024 979 1206 1053 pemaniunt.
1224 977 1322 1053 Atque

243 1075 280 1135 cd
300 1076 381 1135 liant
398 1075 516 1151 quidem
534 1075 613 1151 quod
632 1077 756 1150 attinet,
776 1077 802 1134 is
821 1077 881 1134 iam
904 1077 988 1134 initio
1007 1091 1104 1135 seeum
1126 1083 1259 1152 pugnat,
1282 1091 1319 1134 ae

242 1172 329 1232 labile
342 1174 413 1232 iacit
425 1171 660 1232 fundamentum.
675 1170 751 1230 llam
768 1185 838 1230 cum
852 1171 1055 1249 methodum-a
1070 1174 1167 1248 priori
1181 1172 1236 1232 sibi
1252 1189 1320 1247 pro

241 1273 395 1347 posuisset,
415 1272 445 1330 vi
459 1272 544 1330 euius
556 1272 764 1358 experientiam
781 1271 907 1347 migrare
922 1285 1040 1345 prorsus
1060 1277 1090 1328 et
1108 1271 1247 1330 excedere
1267 1271 1318 1329 de

241 1368 362 1445 bnbset,
382 1385 449 1428 mos
473 1383 491 1427 a
512 1369 657 1443 positione
675 1367 798 1428 subiecti
816 1373 850 1458 'et
870 1366 977 1427 obiecti
997 1368 1034 1426 ad
1055 1371 1251 1446 coguitionem
1272 1371 1318 1427 in-

240 1464 377 1540 duentis,
401 1481 452 1523 seu
476 1463 515 1522 ab
539 1468 718 1549 experientia
747 1463 910 1524 exorditur.
938 1465 975 1524 tir
999 1480 1178 1540 quamquam
1204 1465 1237 1524 ld
1257 1481 1318 1525 non
1382 1449 1386 1458 ¹

242 1569 274 1622 ut
299 1561 411 1620 eertum
436 1563 630 1636 assumpsisse
648 1561 776 1637 dicatur,
798 1561 857 1620 sed·
868 1568 902 1620 ut
921 1561 1107 1639 hypothesim
1129 1562 1168 1621 ad
1188 1561 1318 1638 pbiloso-

239 1657 393 1734 phaudum
416 1660 627 1734 necessariam,
643 1675 703 1717 uon
723 1665 823 1718 tamen
848 1657 959 1717 idcirco
981 1659 1204 1736 repugnantiam
1226 1658 1318 1717 decli·

241 1759 303 1812 mr.
326 1737 561 1828 Primumque
576 1754 847 1832 mre-symmac
861 1753 959 1813 amur
980 1755 1134 1814 saumario
1147 1753 1322 1814 romeam

241 1857 303 1908 tum
329 1849 513 1924 suppeditare
538 1852 656 1926 nequit3
681 1851 867 1926 potissimum
890 1853 916 1909 al
943 1849 1011 1910 taiis
1038 1853 1077 1912 sit
1105 1866 1182 1927 qaae
1203 1853 1234 1909 iu
1260 1850 1323 1911 line

117 1990 119 1993 -
240 1962 392 2022 processus
410 1945 541 2006 deleatur
560 1946 604 2022 lut
622 1947 731 2007 aceldb
750 1947 880 2022 dantia,
900 1948 951 2021 qui
973 1963 1090 2006 omnem
1106 1948 1192 2007 realis
1213 1945 1323 2007 obiecti
1433 1987 1434 1994 ι

240 2027 568 2105 ιιοιίιιιιιιιιιιιιᾱιιιιιι
591 2052 687 2104 mente
705 2045 838 2104 humana
863 2045 1029 2121 removet);
1051 2045 1177 2122 ddude,
1200 2047 1270 2122 quia
1295 2047 1324 2104 si

239 2145 345 2220 positio
363 2143 463 2219 aitqua
474 2141 512 2201 ad
524 2157 693 2219 pmcessum
709 2129 768 2201 non
790 2141 877 2200 modo
890 2129 1152 2219 experimentatus
1165 2142 1217 2202 sed
1231 2144 1323 2202 edun

240 2254 260 2298 a
277 2241 374 2315 priori
386 2240 551 2301 neooescria
565 2240 687 2297 omnino
701 2242 762 2314 est,
778 2239 835 2297 hoe
857 2240 922 2315 ipso
942 2239 1031 2298 nullis
1048 2242 1229 2317 argumentis
1255 2242 1321 2299 eius
1369 2272 1379 2287 ι
1433 2248 1434 2253 ’

240 2335 386 2395 certitudo
402 2336 577 2397 labefactari
603 2342 711 2411 potest.
743 2335 879 2395 conditio
896 2336 975 2395 enim
997 2336 1035 2395 ad
1055 2336 1323 2413 philosophandum

241 2449 359 2509 pmrsus
380 2436 542 2493 necessaria
562 2435 644 2493 reiiei
669 2435 788 2509 nequit,
812 2434 885 2509 quin
911 2434 1007 2492 omnis
1028 2434 1115 2492 simul
1136 2436 1323 2493 ratiocinatio

117 2569 129 2581 -
241 2532 417 2609 repudietur.
435 2532 534 2605 Quare
553 2533 682 2606 primum
704 2530 896 2590 eumreeerit
914 2531 1006 2606 liant,
1022 2530 1146 2591 aiterum
1166 2534 1254 2591 etlam
1275 2531 1322 2592 la·
1360 2526 1362 2531 ’

240 2611 473 2691 οῑιιιιιιήιίιιιιῑ.
490 2628 679 2704 Quapropter
693 2628 801 2687 borum
819 2626 946 2687 duorum
961 2627 1135 2687 alterutrum
1153 2629 1247 2687 vitare
1260 2642 1321 2687 non

239 2734 346 2804 potest,
367 2733 401 2786 ut
419 2727 466 2784 vei
488 2728 550 2802 lpse
568 2724 624 2785 sibi
645 2742 705 2784 non
728 2724 939 2801 oonsmre,·sei
961 2724 1033 2784 nibil
1056 2726 1212 2785 valituram
1233 2728 1322 2786 ratio·

239 2826 415 2883 cinationem
436 2824 591 2883 obtrudere
610 2822 741 2883 dicatur.

298 2920 333 2978 ln
351 2934 585 2995 processurum,
601 2926 634 2979 ut
646 2923 782 3013 omittam
797 2919 986 2993 partitionem
999 2921 1226 2995 categoriarum,
1244 2935 1323 2996 quaa

211 3056 216 3063 -
239 3018 327 3075 nimis
341 3014 485 3074 redundat
497 3021 527 3073 et
540 3016 686 3076 elementa
702 3016 866 3076 sublectivc
881 3016 953 3075 cum
966 3014 1117 3075 oblectivls
1131 3018 1229 3093 inepte
1242 3033 1323 3076 coru·

238 3116 352 3189 miscet3
370 3112 417 3170 his
434 3126 503 3187 prae
516 3114 621 3170 ceteris
637 3118 740 3186 peccat
753 3112 846 3171 vitiis.
862 3112 897 3169 ln
913 3114 1019 3187 primis
1033 3114 1241 3173 conscientiam
1255 3130 1324 3172 oum
1411 3189 1415 3197 Ι

239 3211 430 3273 sensibilitate
452 3208 539 3267 modo
562 3208 753 3286 confundere,
776 3210 864 3268 modo
878 3208 1058 3285 distinguere
1072 3210 1199 3271 videtur.
1214 3210 1325 3271 Derda

238 3309 517 3386 repraesentationes
532 3306 694 3366 abstractas
707 3308 798 3383 spatii
813 3312 841 3365 et
854 3309 991 3381 temporis
1006 3307 1191 3367 sensibilitati
1204 3308 1320 3380 tribuit,

236 3424 304 3467 cum
325 3406 362 3465 ad
380 3406 557 3463 intellectum
573 3408 748 3480 pertiueaut3
766 3403 910 3479 siquidem
925 3404 1145 3463 universalitate
1154 3412 1317 3479 ornantur,

236 3518 339 3563 sensus
359 3508 458 3561 autem
479 3504 594 3560 nonnisi
617 3502 809 3577 particularia
834 3502 962 3575 respicit.
986 3500 1098 3561 Munus
1116 3502 1238 3561 rationis
1259 3516 1324 3577 pcr-

239 3602 339 3675 vertlt,
358 3603 442 3675 elque
461 3601 621 3674 primatum
633 3591 802 3675 'elargitum
818 3598 869 3673 qul
891 3598 989 3671 potius
1014 3580 1224 3687 intelligentiae
1244 3614 1321 3657 oom-
1433 3652 1434 3655 ,

239 3700 323 3777 petit.
343 3696 475 3771 lienique
495 3696 606 3756 nullam
627 3694 809 3771 probabilem
834 3696 979 3753 rationem
1004 3694 1108 3769 aliem,
1130 3711 1184 3755 cur
1210 3695 1321 3753 formae

234 3797 408 3871 illae-quas
435 3793 576 3873 recenset,
597 3792 775 3851 subiectivae
791 3807 910 3867 prorsus
932 3792 1033 3851 haberi
1054 3792 1191 3867 debeant,
1209 3800 1240 3851 et
1259 3805 1319 3849 nou

236 3897 333 3969 potius
353 3910 369 3951 a
392 3878 576 3968 perceptione
597 3891 718 3950 realium
742 3890 924 3950 obiectorum
942 3890 1067 3949 elicitae.
1091 3888 1222 3953 Tandem
1245 3887 1323 3947 cala·

237 3991 442 4051 mitosissimus
462 3990 619 4061 terminus,
635 3987 672 4046 ad
686 4002 773 4061 quem
796 3986 940 4063 perducit,
962 3989 1132 4063 systematis
1153 3985 1319 4047 absurdita-
