2892 4425
155 340 158 349 ’
232 370 269 421 eo
559 370 799 448 enumerem
819 372 979 415 seminum

229 488 282 543 tim
310 482 456 544 delibabo.
487 482 645 558 inprimis
667 484 746 541 enim
778 482 911 543 ordinem
927 455 1073 543 xmoreiem
1094 484 1199 544 euertit
1220 490 1311 561 etque

229 598 317 642 omne
343 583 420 641 inter
445 586 530 657 turpe
551 587 581 642 et
607 580 763 641 nonatum
797 582 952 641 discrimen
981 581 1078 658 petiit3
1103 582 1246 657 siquidem
1273 598 1311 642 eu

226 686 388 757 systemate
408 682 537 739 eetmnes
559 694 661 740 omnes
682 680 745 739 Deo
759 686 789 739 et
812 678 873 739 into
895 680 1076 743 tribuuntur.
1102 680 1222 756 nunde,
1239 696 1309 739 oon·

229 782 369 839 seientise'
387 782 587 839 testimomum
604 780 786 856 pessumdat,
809 796 869 856 quo
883 780 981 839 vivide
995 782 1233 855 persentiseimus
1252 798 1308 841 nus

230 878 410 938 snbstantias
430 892 494 937 esse
514 878 552 937 nb
570 878 637 938 eliis
650 880 771 938 omniuo
784 878 950 953 distinctus,
970 884 1032 937 tum
1055 885 1220 937 nostrerum
1240 894 1309 955 ope·

232 980 377 1037 rationum
401 993 464 1053 esse
487 976 624 1036 arbitros.
644 977 756 1054 Tertio,
779 979 978 1037 extensionem
1003 984 1033 1036 et
1058 978 1209 1036 materiam
1238 994 1308 1037 eum

231 1075 423 1151 intelligentis
446 1080 477 1134 et
500 1076 627 1151 spiritu,
649 1074 932 1150 quuelvehementer
951 1074 1084 1151 pugnent
1110 1078 1187 1135 inter
1206 1090 1253 1150 se,
1276 1078 1309 1134 in

231 1173 333 1232 eedem
354 1174 484 1232 restitute
503 1176 662 1248 componit.
684 1174 808 1248 Quarto,
828 1175 1066 1247 interminatum,
1083 1172 1162 1248 quod
1183 1172 1309 1231 informe

231 1270 328 1331 eduue
356 1277 401 1329 est
425 1275 455 1330 et
478 1279 581 1346 eptem
607 1270 706 1346 pertici
736 1269 858 1330 ulterius
879 1274 909 1329 et
932 1268 1066 1345 obsuto,
1094 1286 1162 1329 oum
1191 1272 1311 1347 proprie

228 1368 308 1445 dictu
327 1368 444 1427 intinito
462 1368 636 1443 contundit;
657 1368 737 1444 qnod
762 1370 876 1427 nonnisi
900 1370 1132 1427 uetustissimum
1153 1368 1308 1443 perfeetio-

229 1482 296 1525 nem
310 1464 447 1539 ineiudit,
462 1470 491 1523 et
507 1465 649 1524 eiusmodi
668 1473 713 1524 est
731 1472 765 1525 nt
784 1464 932 1525 additione
952 1480 1048 1525 novus
1060 1466 1200 1525 restitutis
1218 1482 1309 1543 euge-

229 1577 310 1621 seere
327 1564 446 1620 omniuo
474 1567 609 1637 nequent.
637 1561 784 1639 Demque,
805 1578 844 1623 ne
866 1565 975 1622 nimius
991 1562 1114 1622 dineudo
1136 1565 1216 1640 min,
1240 1563 1309 1623 inss-

229 1660 323 1719 nitum
344 1660 464 1718 iimituri
492 1665 522 1718 et
543 1662 575 1717 in
594 1658 710 1718 floitum
732 1662 881 1736 consuti,
896 1666 947 1719 sut
970 1654 1014 1719 ex'
1028 1660 1178 1719 finitorum
1194 1662 1308 1720 eutium

229 1759 365 1835 oongerie
378 1764 413 1817 et
425 1758 610 1833 generatione
622 1773 779 1834 exsurgere
794 1756 895 1835 tingit3
914 1758 992 1835 quod
1010 1758 1086 1818 idem
1108 1763 1153 1817 est
1168 1762 1256 1833 etque
1271 1757 1309 1816 it·

229 1857 291 1918 tum
305 1857 422 1932 proprie
436 1862 542 1915 neture
554 1855 709 1915 destituere
721 1861 752 1915 et
764 1858 795 1915 in
815 1856 903 1915 aliem
918 1858 1038 1916 omnino
1051 1858 1212 1932 oppositum
1226 1870 1309 1915 uom-

230 1960 354 2025 mutsre.
378 1953 457 2012 lineo
477 1960 507 2013 et
526 1953 585 2013 uite
604 1952 732 2013 absurde
753 1956 929 2031 gravissime
955 1952 1087 2030 etiugere
1114 1956 1140 2010 si
1171 1952 1310 2011 veiumos

232 2052 343 2125 (omnes
357 2057 454 2110 eutem
470 2052 544 2110 veile
558 2050 721 2127 debemus),
736 2051 912 2128 pentheismi
926 2066 1018 2129 genus
1037 2051 1095 2110 hoe
1114 2066 1199 2109 omne
1219 2051 1310 2125 pesti-

231 2150 325 2210 ierum
340 2157 429 2228 etque
448 2151 570 2226 impium
592 2150 815 2211 eseieutiurom
834 2153 1044 2210 eommunitete
1056 2147 1311 2209 eutenninundum

230 2249 317 2325 ptem
336 2265 399 2310 esse
419 2247 616 2342 intelligemus
637 2253 761 2323 oportet.

639 2443 822 2504 Armenius
841 2445 895 2503 ΙΙΙ.

367 2643 514 2706 Mundum
537 2647 658 2722 meusque
679 2645 837 2704 mmerium
865 2640 1005 2720 insuetum
1027 2659 1086 2702 oon
1109 2657 1169 2700 esee

669 2751 866 2811 memoritur.

294 2942 342 2992 to.
364 2931 449 3007 Quod
468 2931 553 2991 nobis
565 2935 714 3008 superiore
731 2932 855 2993 nrtieuto
868 2938 933 2992 eret
950 2933 1143 3008 propositum,
1166 2928 1311 2988 mnndum

231 3024 429 3091 diserimtosri
447 3044 566 3106 prorsus
589 3029 813 3106 adiumentis,
835 3032 1002 3106 mopinot,
1022 3046 1059 3089 ex
1081 3035 1148 3088 ente
1171 3028 1258 3088 dietis
1279 3030 1311 3086 in

231 3129 393 3204 perspicuis
413 3124 548 3184 hebetur.
573 3125 615 3185 Ut
641 3128 741 3201 iteque
764 3128 847 3186 euius
872 3126 1049 3186 conditionis
1071 3125 1121 3184 ilie
1142 3127 1182 3184 sit
1205 3123 1311 3185 meiius

231 3225 363 3302 petetint,
384 3231 574 3299 errorumque
590 3223 787 3282 discutiuntur
806 3223 949 3300 nebulum
968 3222 1150 3311 protundum
1168 3207 1246 3281 nuno
1267 3227 1314 3280 est

231 3323 374 3382 mundum
395 3324 459 3382 siue
476 3323 508 3381 in
527 3337 559 3380 se
582 3323 645 3380 sive
666 3323 698 3380 in
714 3323 853 3397 meteriq'
866 3337 925 3396 que
949 3325 1075 3396 constet,
1095 3335 1154 3378 nou
1174 3333 1237 3378 esse
1257 3319 1311 3377 nii-

231 3421 302 3498 quid
317 3419 552 3497 improduetum3
567 3425 655 3495 utque
671 3418 737 3477 ideo
754 3418 914 3495 indiguisse
934 3417 1032 3494 ntique
1047 3433 1148 3494 ceusu,
1161 3416 1239 3478 uude
1252 3417 1312 3475 sri-

231 3522 367 3579 stentiem
390 3523 543 3578 sortiretur
563 3523 587 3576 ¹.

291 3703 406 3754 iiiiiitet
419 3703 481 3752 bueo
496 3702 642 3767 disreptedo
659 3703 747 3754 oontre
762 3715 805 3754 eos
822 3715 907 3752 omues
926 3703 1069 3767 generatim,
1088 3703 1134 3766 qui
1154 3713 1313 3766 quecumque

232 3784 329 3834 retione
345 3785 473 3834 meteriem
490 3786 613 3834 omanem
631 3785 657 3834 et
676 3797 727 3834 non
746 3782 892 3848 productum
911 3797 1022 3847 posuere
1048 3787 1083 3834 Eu
1104 3784 1192 3834 horum
1211 3793 1315 3832 numero

231 3863 379 3927 Leucippus,
390 3863 687 3926 uomentium-spicum
706 3863 810 3913 iniectus
825 3865 922 3913 etomos
935 3865 1063 3914 oeternum
1080 3865 1108 3912 in
1123 3862 1218 3913 infinito
1235 3873 1315 3911 reeuo

232 3941 364 3993 volitantes
379 3943 565 4005 mutarerunt,
576 3956 607 3992 eu
620 3955 726 4005 querum
737 3941 845 3992 fortuitis
861 3943 1009 3994 enitionibus
1021 3943 1142 3993 mundum
1157 3943 1224 3992 hune
1239 3953 1314 3991 emer·

231 4022 293 4072 titus
311 4023 357 4072 reti
375 4022 510 4086 eunt(vid.
522 4023 603 4073 Luem
616 4023 634 4073 Ι.
645 4029 660 4072 e
670 4025 695 4073 et
707 4021 754 4085 io).
768 4020 839 4072 Pluto
854 4035 915 4072 vero
925 4023 1040 4073 iniectum
1058 4017 1248 4084 materiemsei
1261 4024 1314 4071 Deo
