2892 4425
992 230 1017 286 θ

525 385 579 427 SBU
603 382 780 427 automata
1125 374 1178 425 241

102 512 170 573 ocgo
191 512 395 573 consequens
424 493 469 553 Ati
488 494 606 573 probat.
638 495 713 553 Diri.
740 493 882 553 iudicium
911 485 990 551 me'rc
1014 495 1182 569 negativum

100 597 238 667 uramus
271 602 322 655 eet
352 595 504 669 positivo,
531 610 629 666 eone.;
659 593 798 653 iudicium
824 592 987 651 admixtum
1015 594 1180 667 positione,

101 708 179 766 arpo.
195 692 245 753 Ad
266 693 401 752 aiteram
420 691 620 751 diiiicuitatem
637 692 715 750 Diri.
735 691 863 750 Eiiatum
884 690 1118 750 contradictionis
1139 700 1183 749 rest

102 788 222 864 modale,
238 806 295 866 per
315 788 440 849 madum
456 791 575 847 omnino
588 788 796 847 identificatam
815 805 882 848 eum
901 791 965 863 ipsa
984 790 1099 847 notiorm
1116 791 1183 847 sim

102 884 160 957 plici
177 930 187 963 ,
207 904 327 961 οπως
351 903 405 962 per
424 884 541 948 modum
558 886 596 945 ab
618 904 652 945 ea
672 888 861 961 distinctum,
885 904 970 962 nego.
992 885 1039 945 Aa
1059 886 1179 962 probat.

103 980 176 1043 Diri.
200 986 317 1049 modus
332 988 458 1062 proprie
477 985 594 1061 dietus,
614 1003 716 1061 nempe
735 990 785 1061 qai
805 1000 824 1043 a
841 983 1090 1060 reldistinguitur,
1116 985 1181 1044 suo

102 1080 177 1141 audit
196 1099 277 1159 rem,
298 1098 387 1143 eoae.
397 1074 413 1156 ,ἶ
431 1083 534 1143 modus
552 1086 707 1161 improprie
727 1083 833 1157 dimus,
849 1098 951 1157 nempe
967 1084 1017 1157 qui
1035 1098 1054 1139 a
1073 1097 1105 1140 re
1124 1098 1181 1139 nou

102 1175 210 1255 differt,
237 1198 337 1258 nego.

157 1276 354 1355 Principium
376 1279 611 1339 eonucdiotionis
631 1281 672 1339 ita
694 1280 846 1355 negatione
867 1283 998 1353 constat,
1018 1283 1051 1336 ut
1070 1283 1182 1335 constet

101 1375 182 1433 eiam
202 1376 423 1437 affirmatione.
443 1376 534 1436 Docet
553 1379 631 1435 enim
649 1391 701 1450 ea,
720 1391 795 1451 quae
815 1382 900 1452 sunt,
921 1376 962 1435 ita
984 1391 1063 1449 esse,
1087 1379 1122 1433 nt
1143 1377 1182 1431 si-

105 1472 160 1531 nui
182 1490 245 1533 non
272 1492 344 1535 esse
364 1482 517 1551 nequeant.
539 1474 601 1533 Hoc
619 1481 728 1550 auum,
748 1476 920 1551 utquisque
938 1472 1028 1547 videt,
1048 1471 1087 1531 ad
1105 1475 1181 1547 posi·
1231 1514 1238 1529 .

104 1570 191 1630 iiiam
213 1577 298 1634 entis
319 1581 351 1633 et
370 1574 542 1647 cognitionis
565 1572 769 1649 perfectionem
788 1575 923 1647 pertinet.
945 1571 1006 1629 Nec
1024 1569 1183 1646 quidquam

105 1665 203 1745 obet,
227 1672 316 1747 quod
340 1673 456 1747 negatio
482 1670 675 1729 affirmatione
701 1673 824 1730 nitatur:
845 1670 989 1746 siquidem
1010 1670 1182 1745 principium

105 1769 352 1829 memorationis
373 1784 473 1828 reuera
493 1771 523 1826 in
548 1770 674 1843 positiva
695 1770 859 1845 cognitione
879 1768 1033 1828 fundatum
1053 1773 1117 1842 est,
1139 1771 1182 1825 ni-

109 1862 211 1924 mirum
232 1870 267 1926 in
290 1868 477 1943 perceptione
499 1870 590 1942 enas,
608 1866 645 1926 ad
664 1868 747 1927 euius
768 1865 961 1925 conditionem
980 1866 1121 1940 pertinet,
1137 1871 1181 1938 ut,

107 1954 172 2019 dum
195 1970 261 2041 est,
291 1970 433 2041 repugnet
452 1980 511 2023 non
533 1980 605 2023 esse.
627 1963 716 2039 Atqui
739 1962 797 2021 id
790 1973 893 2037 ipsum
904 1979 956 2037 per
977 1961 1099 2021 eiiatum
1119 1978 1185 2021 con·

110 2056 299 2123 iradictionis
322 2062 538 2137 pronuntietur.

162 2158 254 2230 Quod
276 2165 380 2222 autem
398 2159 505 2225 modali
526 2160 722 2236 propositione
742 2160 936 2236 exprimatur,
956 2157 1014 2217 hoc
1027 2158 1090 2217 eius
1101 2161 1184 2236 prio

110 2252 194 2314 niati
209 2273 272 2318 non
295 2265 392 2320 noea.
414 2257 489 2317 Nem
508 2257 557 2317 irie
579 2258 681 2328 modus
699 2259 832 2318 consistit
847 2261 880 2316 io
892 2258 1084 2333 repugnantia
1095 2273 1184 2332 mam

109 2362 156 2408 cm
176 2352 270 2416 habet
294 2363 426 2432 respecto
442 2371 501 2416 oon
523 2359 599 2415 eata
618 2372 669 2415 eeu
689 2358 851 2432 negationis
873 2355 1012 2415 eusdem.
1032 2355 1112 2414 Haec
1133 2371 1184 2414 au·

111 2449 165 2506 itm
188 2457 389 2533 repugnantia
410 2470 470 2514 oon
490 2453 591 2514 differt
612 2453 650 2512 ab
669 2455 734 2528 ipso
754 2456 872 2511 noaone
892 2455 987 2526 cate,
1011 2467 1086 2527 quoe
1108 2459 1185 2512 certa

110 2546 238 2611 excludit
254 2549 396 2626 maraon,
413 2559 442 2610 et
459 2551 574 2627 quidem
597 2551 769 2610 necessario.
790 2549 922 2610 Proiecto
940 2549 1101 2610 inteiieotue
1117 2567 1186 2610 curn

113 2647 251 2722 pereipiat
269 2649 462 2725 quidditatem
480 2649 595 2726 obiecti,
614 2649 693 2724 qood
706 2648 906 2724 apprehendit,
924 2650 1025 2724 nequit
1042 2663 1102 2707 aon
1121 2665 1202 2724 per··

112 2740 203 2814 cipere
221 2748 326 2809 ωᾶοω
347 2753 415 2808 aeta
435 2747 535 2807 modos
551 2747 616 2807 ilios
638 2753 667 2806 et
687 2745 943 2806 determinationes
960 2761 1035 2821 qaae
1050 2746 1089 2805 ad
1101 2746 1184 2821 quid·

114 2833 231 2904 <litatem
251 2851 345 2922 ipsam
369 2848 410 2904 rei
433 2848 588 2921 pertinent.
611 2844 746 2905 Siccam
764 2847 885 2920 percipit
904 2844 1109 2919 substantiam,
1128 2844 1186 2903 hoe

114 2931 175 3006 ¹⁹⁸⁰
194 2944 323 3021 percipit
340 2943 417 3020 quod
435 2946 474 3002 sit
487 2959 544 3020 per
567 2961 598 3001 ac
616 2947 722 3019 amore
740 2943 795 3002 hoc
814 2944 892 3001 eninr
919 2944 1065 3002 notionem
1089 2944 1184 3018 ipsam

116 3031 296 3102 obsanare
312 3041 483 3118 ingreditur.
503 3043 647 3115 Quoniam
662 3043 753 3118 igitar
769 3044 931 3100 necessaria
948 3041 1076 3101 exdueio
1094 3040 1186 3100 nihili

115 3125 151 3187 ³1)
175 3145 245 3199 asic
270 3139 465 3199 confundatur
484 3157 551 3201 cum
573 3143 635 3215 ipsa
659 3139 820 3216 quidditate
845 3142 939 3216 entis3
963 3139 1101 3197 iodicium
1127 3155 1191 3196 mo-

117 3223 191 3310 dale,
212 3237 293 3314 quod
315 3237 347 3297 id
368 3239 521 3314 exprimit,
546 3255 605 3297 non
626 3240 748 3313 requirit
771 3239 851 3297 aiicd
872 3235 1012 3296 iodicium
1035 3227 1186 3312 p'raevium

117 3331 193 3399 quod
212 3341 346 3396 versetur
366 3328 445 3396 circa
469 3351 528 3394 rem
553 3333 721 3410 simpliciter
744 3337 919 3409 inspectam,
943 3332 1185 3410 quemadmodum

119 3421 342 3509 iudiciumque
361 3433 467 3493 dicitur
485 3431 655 3494 substantia
675 3449 735 3491 csse
758 3449 808 3490 eras
822 3448 880 3509 per
901 3449 932 3491 se
950 3437 1043 3506 amru,
1066 3448 1124 3490 non
1142 3447 1186 3489 re·

119 3525 206 3594 quirit
231 3530 311 3590 atiud
337 3530 474 3591 iudicium
499 3533 575 3590 circa
596 3534 709 3606 ipsam3
734 3547 802 3589 eom
825 3531 929 3590 modus
948 3547 1006 3608 per
1029 3547 1060 3588 se
1078 3531 1186 3590 stantis
1297 3592 1301 3601 ,

121 3617 156 3678 td
177 3625 279 3686 obiecti
301 3629 489 3704 quidditatcm
513 3631 664 3704 pertineat.
688 3627 821 3688 Ceterum
844 3629 1018 3704 principiam
1041 3627 1185 3687 contradi·

120 3717 221 3782 etionis
233 3726 352 3800 spoiiari
366 3734 466 3801 posset·
479 3733 598 3786 externa
611 3726 708 3787 iorma
723 3725 830 3785 modali
843 3735 874 3786 et
885 3729 1009 3803 proponi
1023 3726 1077 3785 sch
1091 3725 1186 3784 iorma

123 3814 254 3898 simpiioi,
278 3830 388 3883 retenta
401 3822 501 3882 eadem
514 3827 666 3884 oeatemia.
683 3825 798 3900 Esponi
812 3827 890 3884 enim
903 3830 1000 3900 posset
1018 3823 1074 3882 hoe
1088 3821 1183 3880 modo:

123 3906 181 4001 Eat
201 3925 349 3999 repugnet
371 3937 430 3982 aco
452 3924 534 3996 enti,·
557 3922 636 3997 quod
654 3922 729 3982 idem
751 3930 837 3983 sonat
858 3937 894 3980 ae
911 3918 1022 3998 nequid
1040 3918 1083 3993 id,
1110 3915 1189 3994 Μ

973 4027 1008 4077 16
