2892 4425
164 339 169 347 “
225 349 264 401 ta
556 356 797 403 miserescas
817 356 977 403 reuersus

225 466 322 527 lactus
341 482 362 527 a
378 480 480 543 causa,
502 467 624 526 omuino
642 466 848 545 distinguitur,
868 466 1033 543 prodiitque
1053 465 1092 526 ab
1114 466 1230 530 lullulta
1249 468 1306 531 Itei

224 566 373 642 putentim
396 580 474 640 quae
494 580 564 623 cum
584 565 718 631 nullutn
741 565 889 642 operando
907 570 990 643 egeat
1012 567 1192 640 praeiacente
1212 575 1306 628 mate-

224 664 287 738 ria,
312 662 395 722 tilam
423 661 525 723 eduxit
552 662 695 723 euilrllo.
720 662 773 722 Sin
799 669 896 724 autem
922 662 1094 741 intelligitur
1118 663 1155 723 de
1179 668 1307 726 essentia

225 758 370 837 possibili,
387 759 496 821 falsum
517 760 674 837 protertur.
696 760 777 821 llaec
794 763 872 820 enim
891 760 931 821 ab
948 761 1055 821 actudi
1069 763 1224 822 existentia
1244 762 1305 823 dia·

225 858 380 935 tinguitur,
399 859 645 935 quemadmodum
663 875 715 917 ern
737 857 845 933 tdeule,
866 858 944 935 quod
963 861 1109 919 iumenta
1125 866 1240 919 tautum
1261 864 1306 919 vi-

225 964 285 1035 get,
305 960 466 1018 eeueruitur
481 974 499 1017 a
517 956 595 1018 reoli
616 958 747 1034 quadiu
768 974 800 1017 se
820 966 904 1019 extra
927 965 1053 1017 mentem
1073 961 1227 1033 reperitur.
1243 959 1305 1019 Nec

224 1070 296 1113 uero
315 1056 471 1115 antenna
488 1062 522 1115 ut
536 1056 615 1115 iliius
632 1055 762 1115 evolutio
776 1057 896 1133 cogitari
918 1062 1026 1133 potest,
1039 1058 1097 1116 ulei
1115 1058 1214 1132 inepte
1231 1056 1305 1135 ilugi

224 1152 298 1212 uelit
314 1154 441 1215 ulhllum
460 1154 623 1215 realitatcm
642 1153 830 1231 suppeditare
850 1159 937 1231 atque
954 1168 991 1212 ex
1013 1155 1055 1212 rel
1075 1155 1221 1214 vacuitate
1242 1170 1304 1213 rem

225 1251 321 1327 ipsam
340 1252 450 1313 evolvl.

579 1453 738 1513 Solvuntur
755 1451 957 1527 difficultates.

154 1666 160 1677 ⁸
287 1652 319 1704 a.
334 1643 431 1705 0lrlic.
446 1645 472 1703 i.
488 1644 519 1703 st
533 1642 659 1704 muudus
671 1644 862 1721 distinguitur
877 1660 894 1703 a
908 1643 981 1719 Deo;
995 1637 1107 1704 tollitur
1123 1644 1215 1703 allen
1232 1648 1307 1705 ratio

225 1742 345 1803 ludniti.
372 1742 448 1803 Nam
475 1744 551 1801 ratio
578 1742 685 1802 induiti
706 1743 838 1818 postulat
859 1748 894 1802 ut
917 1760 952 1801 eo
979 1743 1073 1801 malus
1096 1742 1168 1801 nihii
1190 1746 1307 1821 excogi-

225 1843 284 1901 tari
300 1842 401 1916 possit.
416 1840 458 1899 At
470 1842 495 1899 si
512 1840 630 1899 realitas
648 1839 750 1899 mundi
769 1840 870 1899 dillert
886 1856 904 1899 a
920 1839 1051 1899 realitate
1069 1839 1306 1915 divinatoriae

97 1953 100 1966 ·
225 1954 284 2015 que
305 1939 472 1997 coniunctio
495 1936 605 2014 aliquid
626 1937 814 2017 cogitandum
838 1936 974 2013 exhibet,
993 1937 1072 2013 quod
1091 1944 1245 2013 utramque
1265 1954 1308 1999 se·

226 2038 354 2113 paratim
373 2036 499 2096 excedit.
519 2035 597 2111 Ergo
614 2043 670 2096 etc.
720 2049 725 2061 ’

288 2134 377 2211 lleup.
404 2134 488 2211 lleoe
506 2139 699 2211 assumptam.
722 2132 770 2193 Ad
787 2132 986 2210 probationem
1006 2148 1087 2191 conr.
1114 2134 1256 2193 malorem
1279 2138 1309 2192 ei

226 2251 302 2312 stepo
325 2237 478 2296 minoren.
508 2233 585 2294 Nam
610 2234 778 2293 conlunctio
800 2247 851 2292 seu
880 2235 976 2308 potius
1009 2231 1141 2292 conlusio
1167 2232 1308 2291 realitatls

206 2330 344 2393 'divinae
363 2349 430 2393 oum
449 2332 581 2392 realitate
601 2332 703 2392 mundi
720 2348 781 2390 nnn
800 2330 918 2391 exhibet
938 2329 1048 2406 aliquid
1068 2334 1162 2390 malua
1176 2331 1309 2390 realitate

225 2431 340 2508 ditium
358 2432 410 2491 sad
431 2430 551 2491 exhibet
570 2431 681 2507 aliquid
700 2430 959 2490 contradictorium
977 2445 1078 2505 nempe
1099 2429 1235 2488 nihilum.

287 2528 319 2589 st
338 2529 550 2606 pantheistleae
573 2530 724 2590 doctrinae
744 2536 832 2605 caput
854 2527 1008 2606 diligenter
1028 2528 1212 2602 expenditur,
1237 2527 1308 2586 hino

102 2669 112 2686 ,
226 2633 290 2688 tota
309 2634 478 2704 quantaque
493 2628 546 2688 illa
564 2635 620 2705 eet,
635 2628 766 2703 proiecta
784 2626 909 2701 videtur,
929 2625 1007 2702 quod
1029 2629 1091 2684 elus
1110 2627 1224 2701 petroni
1241 2639 1309 2683 cun·

227 2732 344 2800 ceptum
372 2725 479 2784 inllnltl
502 2733 598 2785 mente
621 2741 774 2802 perperam
796 2724 1031 2784 lnior-moverint.
1053 2722 1097 2782 in
1124 2723 1205 2783 illum
1228 2723 1306 2780 euim

184 2849 192 2859 ·
225 2826 370 2899 pertinere
393 2825 448 2882 rati
472 2831 541 2884 suut
563 2827 651 2884 talem
672 2824 813 2884 realltutls
836 2823 1137 2899 comprehensionem,
1169 2828 1202 2880 ut
1232 2820 1307 2880 nihii

226 2936 346 2996 prorsus
368 2930 459 2981 extra·
470 2924 639 2996 reperiatur.
662 2923 750 2982 secus
770 2925 794 2981 sl
815 2929 899 2982 extra
919 2921 1065 2980 infinitum
1087 2920 1243 2980 alluentia
1262 2935 1309 2977 eo

227 3021 315 3096 gitarl
334 3023 462 3094 possent,
479 3020 537 3076 iam
556 3018 703 3078 ludultum
723 3018 865 3078 limitibus
878 3019 1002 3078 coercerl
1017 3018 1129 3076 dieunt.
1143 3015 1218 3074 Nam
1234 3015 1308 3074 haec

227 3120 318 3193 entia,
333 3133 409 3193 quae
422 3117 460 3175 ab
473 3117 590 3191 infinito
602 3116 767 3193 differrent,
780 3133 886 3176 novam
902 3124 979 3176 certe
994 3116 1252 3190 realitatem,.quae
1265 3113 1310 3171 iiii

227 3202 287 3277 nou
309 3219 434 3292 inesset,
453 3213 690 3290 suppeditarent3
712 3222 800 3290 atque
823 3213 932 3274 idcireo
950 3213 1064 3272 infinito
1097 3212 1169 3287 (quo
1191 3209 1311 3285 quidem

227 3315 301 3375 nihii
319 3317 413 3372 maius
433 3313 592 3389 excogitari
613 3311 715 3388 debet)
738 3311 968 3372 additamentum
989 3313 1018 3368 ln
1034 3308 1145 3368 mundo
1167 3307 1307 3367 lacerent.

227 3413 269 3473 At
288 3427 358 3471 vero
378 3412 510 3485 captiosa
529 3408 602 3468 haee
628 3411 724 3485 ratio,
749 3425 824 3486 quae
842 3408 942 3468 locum
965 3409 1108 3483 imperitis
1132 3405 1227 3464 lacere
1246 3421 1311 3480 pos·

228 3517 293 3587 set,
312 3509 418 3568 exinde
438 3514 472 3566 ut
498 3507 562 3566 dlxi
585 3509 751 3582 enascitur,
773 3506 852 3583 quod
873 3506 978 3566 lulluitl
1005 3507 1085 3564 notio
1114 3508 1309 3579 pervertatur.

228 3609 309 3668 llaec
321 3609 399 3667 enim
415 3621 516 3682 reapse
530 3621 589 3664 uon
603 3605 745 3682 postulat,
766 3611 799 3664 nt
818 3619 949 3682 quaeque
971 3603 1100 3678 realitas,
1119 3604 1182 3661 sive
1204 3600 1312 3659 inlecta

229 3709 269 3766 sit
287 3708 351 3766 sire
373 3707 494 3781 genita,
510 3706 571 3763 sive
595 3705 736 3764 terminos
760 3700 868 3762 habeat
890 3705 952 3760 slve
971 3708 1099 3776 respuat,
1120 3701 1151 3756 in
1172 3703 1238 3756 eute
1266 3699 1312 3754 iu-

229 3802 315 3864 iinito
340 3805 535 3863 contineatur.
563 3803 658 3862 lmmc
673 3799 704 3860 id
731 3803 805 3860 mire
825 3807 968 3877 repugnat
996 3805 1025 3857 et
1051 3803 1215 3857 mensuum
1238 3793 1312 3854 iilud

228 3902 357 3972 efficeret
380 3900 662 3962 conuadietloulbus
687 3904 871 3975 compactum
900 3896 1049 3973 undique,
1072 3894 1152 3971 quod
1176 3893 1313 3968 superius

228 4008 331 4063 eontra
347 4002 529 4078 pauthelatae
545 3997 767 4060 exacerbamur.
787 3997 844 4059 Sed
860 3997 891 4056 ld
911 4009 1002 4056 unum
1023 3992 1131 4053 induiti
1153 3995 1233 4052 notio
1255 3989 1312 4050 sibi
