<?xml version="1.0" encoding="UTF-8"?>
<!DOCTYPE html PUBLIC "-//W3C//DTD XHTML 1.0 Transitional//EN"
    "http://www.w3.org/TR/xhtml1/DTD/xhtml1-transitional.dtd">
<html xmlns="http://www.w3.org/1999/xhtml" xml:lang="en" lang="en">
 <head>
  <title>
</title>
<meta http-equiv="Content-Type" content="text/html;charset=utf-8" />
  <meta name='ocr-system' content='tesseract 3.04.00' />
  <meta name='ocr-capabilities' content='ocr_page ocr_carea ocr_par ocr_line ocrx_word'/>
</head>
<body>
  <div class='ocr_page' id='page_1' title='image "./institutionesph01libegoog_0631.png"; bbox 0 0 2892 4425; ppageno 0'>
   <div class='ocr_carea' id='block_1_1' title="bbox 340 373 1198 458">
    <p class='ocr_par' dir='ltr' id='par_1_1' title="bbox 340 373 1198 458">
     <span class='ocr_line' id='line_1_1' title="bbox 340 373 1198 458; baseline -0.003 -10"><span class='ocrx_word' id='word_1_1' title='bbox 340 373 554 448; x_wconf 69' lang='lat' dir='ltr'><strong>reuersurus</strong></span> <span class='ocrx_word' id='word_1_2' title='bbox 573 415 586 430; x_wconf 93' lang='lat'>·</span> <span class='ocrx_word' id='word_1_3' title='bbox 605 397 787 458; x_wconf 70' lang='lat' dir='ltr'><strong>uuuonoern</strong></span> <span class='ocrx_word' id='word_1_4' title='bbox 807 387 1006 443; x_wconf 79' lang='lat' dir='ltr'><strong>uinnuiurs·</strong></span> <span class='ocrx_word' id='word_1_5' title='bbox 1141 393 1198 446; x_wconf 77' lang='lat' dir='ltr'><strong>ita</strong></span> 
     </span>
    </p>
   </div>
   <div class='ocr_carea' id='block_1_2' title="bbox 121 509 1258 2163">
    <p class='ocr_par' dir='ltr' id='par_1_2' title="bbox 122 509 1201 795">
     <span class='ocr_line' id='line_1_2' title="bbox 122 509 1201 594; baseline -0.005 -17"><span class='ocrx_word' id='word_1_6' title='bbox 122 517 292 594; x_wconf 67' lang='lat' dir='ltr'><strong>operatione</strong></span> <span class='ocrx_word' id='word_1_7' title='bbox 310 513 350 574; x_wconf 87' lang='lat' dir='ltr'><strong>ob</strong></span> <span class='ocrx_word' id='word_1_8' title='bbox 368 517 491 590; x_wconf 86' lang='lat' dir='ltr'><strong>ipsaque</strong></span> <span class='ocrx_word' id='word_1_9' title='bbox 506 511 546 572; x_wconf 85' lang='lat' dir='ltr'><strong>ud</strong></span> <span class='ocrx_word' id='word_1_10' title='bbox 562 516 674 572; x_wconf 89' lang='lat' dir='ltr'><strong>certum</strong></span> <span class='ocrx_word' id='word_1_11' title='bbox 687 509 844 588; x_wconf 83' lang='lat' dir='ltr'><strong>quemdum</strong></span> <span class='ocrx_word' id='word_1_12' title='bbox 858 509 947 570; x_wconf 88' lang='lat' dir='ltr'><strong>iinem</strong></span> <span class='ocrx_word' id='word_1_13' title='bbox 960 509 1138 590; x_wconf 81' lang='lat' dir='ltr'><strong>diriguntur.</strong></span> <span class='ocrx_word' id='word_1_14' title='bbox 1160 510 1201 572; x_wconf 75' lang='lat' dir='ltr'><strong>At</strong></span> 
     </span>
     <span class='ocr_line' id='line_1_3' title="bbox 126 607 1200 688; baseline -0.004 -14"><span class='ocrx_word' id='word_1_15' title='bbox 126 629 196 674; x_wconf 82' lang='lat' dir='ltr'><strong>vero</strong></span> <span class='ocrx_word' id='word_1_16' title='bbox 213 612 244 672; x_wconf 85' lang='lat' dir='ltr'><strong>id</strong></span> <span class='ocrx_word' id='word_1_17' title='bbox 259 612 341 672; x_wconf 91' lang='lat' dir='ltr'><strong>notio</strong></span> <span class='ocrx_word' id='word_1_18' title='bbox 355 610 559 688; x_wconf 83' lang='lat' dir='ltr'><strong>providentioe</strong></span> <span class='ocrx_word' id='word_1_19' title='bbox 576 611 726 686; x_wconf 87' lang='lat' dir='ltr'><strong>importet.</strong></span> <span class='ocrx_word' id='word_1_20' title='bbox 747 607 827 668; x_wconf 86' lang='lat' dir='ltr'><strong>Deus</strong></span> <span class='ocrx_word' id='word_1_21' title='bbox 842 609 933 686; x_wconf 80' lang='lat' dir='ltr'><strong>igitur</strong></span> <span class='ocrx_word' id='word_1_22' title='bbox 952 625 1050 670; x_wconf 87' lang='lat' dir='ltr'><strong>rerum</strong></span> <span class='ocrx_word' id='word_1_23' title='bbox 1061 610 1200 670; x_wconf 88' lang='lat' dir='ltr'><strong>&#39;omniurn</strong></span> 
     </span>
     <span class='ocr_line' id='line_1_4' title="bbox 124 711 544 795; baseline -0.014 -21"><span class='ocrx_word' id='word_1_24' title='bbox 124 718 170 774; x_wconf 83' lang='lat' dir='ltr'><strong>cst</strong></span> <span class='ocrx_word' id='word_1_25' title='bbox 188 711 368 789; x_wconf 82' lang='lat' dir='ltr'><strong>guberuator</strong></span> <span class='ocrx_word' id='word_1_26' title='bbox 385 716 416 769; x_wconf 86' lang='lat' dir='ltr'><strong>ct</strong></span> <span class='ocrx_word' id='word_1_27' title='bbox 437 715 544 795; x_wconf 77' lang='lat' dir='ltr'><strong>rector.</strong></span> 
     </span>
    </p>

    <p class='ocr_par' dir='ltr' id='par_1_3' title="bbox 121 804 1258 1956">
     <span class='ocr_line' id='line_1_5' title="bbox 175 804 1200 883; baseline -0.003 -14"><span class='ocrx_word' id='word_1_28' title='bbox 175 807 295 870; x_wconf 68' lang='lat' dir='ltr'><strong>-netude</strong></span> <span class='ocrx_word' id='word_1_29' title='bbox 313 825 352 868; x_wconf 79' lang='lat' dir='ltr'><strong>ex</strong></span> <span class='ocrx_word' id='word_1_30' title='bbox 371 808 425 868; x_wconf 88' lang='lat' dir='ltr'><strong>Dei</strong></span> <span class='ocrx_word' id='word_1_31' title='bbox 447 806 601 883; x_wconf 85' lang='lat' dir='ltr'><strong>prudentio</strong></span> <span class='ocrx_word' id='word_1_32' title='bbox 613 811 645 866; x_wconf 91' lang='lat' dir='ltr'><strong>et</strong></span> <span class='ocrx_word' id='word_1_33' title='bbox 659 805 791 866; x_wconf 85' lang='lat' dir='ltr'><strong>bonitate</strong></span> <span class='ocrx_word' id='word_1_34' title='bbox 810 804 888 864; x_wconf 83' lang='lat' dir='ltr'><strong>icium</strong></span> <span class='ocrx_word' id='word_1_35' title='bbox 908 805 1012 874; x_wconf 78' lang='lat' dir='ltr'><strong>elucet</strong></span> <span class='ocrx_word' id='word_1_36' title='bbox 1034 805 1111 865; x_wconf 84' lang='lat' dir='ltr'><strong>Nam</strong></span> <span class='ocrx_word' id='word_1_37' title='bbox 1131 822 1200 882; x_wconf 91' lang='lat' dir='ltr'><strong>prn-</strong></span> 
     </span>
     <span class='ocr_line' id='line_1_6' title="bbox 123 903 1203 986; baseline -0.006 -15"><span class='ocrx_word' id='word_1_38' title='bbox 123 909 220 972; x_wconf 78' lang='lat' dir='ltr'><strong>umus</strong></span> <span class='ocrx_word' id='word_1_39' title='bbox 238 907 366 986; x_wconf 84' lang='lat' dir='ltr'><strong>bonique</strong></span> <span class='ocrx_word' id='word_1_40' title='bbox 384 905 508 966; x_wconf 85' lang='lat' dir='ltr'><strong>artificis</strong></span> <span class='ocrx_word' id='word_1_41' title='bbox 527 907 678 981; x_wconf 88' lang='lat' dir='ltr'><strong>proprium</strong></span> <span class='ocrx_word' id='word_1_42' title='bbox 697 910 759 979; x_wconf 87' lang='lat' dir='ltr'><strong>est,</strong></span> <span class='ocrx_word' id='word_1_43' title='bbox 773 909 808 962; x_wconf 92' lang='lat' dir='ltr'><strong>ut</strong></span> <span class='ocrx_word' id='word_1_44' title='bbox 826 919 966 980; x_wconf 87' lang='lat' dir='ltr'><strong>operum,</strong></span> <span class='ocrx_word' id='word_1_45' title='bbox 982 917 1058 979; x_wconf 83' lang='lat' dir='ltr'><strong>quae</strong></span> <span class='ocrx_word' id='word_1_46' title='bbox 1077 903 1203 965; x_wconf 77' lang='lat' dir='ltr'><strong>mindu-</strong></span> 
     </span>
     <span class='ocr_line' id='line_1_7' title="bbox 123 991 1258 1080; baseline -0.007 -12"><span class='ocrx_word' id='word_1_47' title='bbox 123 1011 201 1068; x_wconf 88' lang='lat' dir='ltr'><strong>simo</strong></span> <span class='ocrx_word' id='word_1_48' title='bbox 220 1006 346 1067; x_wconf 78' lang='lat' dir='ltr'><strong>artificio</strong></span> <span class='ocrx_word' id='word_1_49' title='bbox 360 1005 523 1065; x_wconf 83' lang='lat' dir='ltr'><strong>eluhorevit</strong></span> <span class='ocrx_word' id='word_1_50' title='bbox 536 1009 625 1080; x_wconf 85' lang='lat' dir='ltr'><strong>utque</strong></span> <span class='ocrx_word' id='word_1_51' title='bbox 638 1003 676 1063; x_wconf 85' lang='lat' dir='ltr'><strong>ed</strong></span> <span class='ocrx_word' id='word_1_52' title='bbox 689 1007 785 1062; x_wconf 84' lang='lat' dir='ltr'><strong>certos</strong></span> <span class='ocrx_word' id='word_1_53' title='bbox 805 1017 878 1062; x_wconf 86' lang='lat' dir='ltr'><strong>usus</strong></span> <span class='ocrx_word' id='word_1_54' title='bbox 890 1003 928 1062; x_wconf 85' lang='lat' dir='ltr'><strong>iis</strong></span> <span class='ocrx_word' id='word_1_55' title='bbox 939 1003 1069 1060; x_wconf 71' lang='lat' dir='ltr'><strong>maxims</strong></span> <span class='ocrx_word' id='word_1_56' title='bbox 1087 1015 1202 1062; x_wconf 84' lang='lat' dir='ltr'><strong>accoro-</strong></span> <span class='ocrx_word' id='word_1_57' title='bbox 1256 991 1258 994; x_wconf 69' lang='grc'><strong>’</strong></span> 
     </span>
     <span class='ocr_line' id='line_1_8' title="bbox 125 1100 1204 1183; baseline -0.006 -17"><span class='ocrx_word' id='word_1_58' title='bbox 125 1104 260 1183; x_wconf 77' lang='lat' dir='ltr'><strong>modatos</strong></span> <span class='ocrx_word' id='word_1_59' title='bbox 287 1106 409 1180; x_wconf 76' lang='lat' dir='ltr'><strong>genuit,</strong></span> <span class='ocrx_word' id='word_1_60' title='bbox 434 1118 536 1162; x_wconf 85' lang='lat' dir='ltr'><strong>curum</strong></span> <span class='ocrx_word' id='word_1_61' title='bbox 563 1107 647 1178; x_wconf 84' lang='lat' dir='ltr'><strong>geret</strong></span> <span class='ocrx_word' id='word_1_62' title='bbox 673 1105 927 1175; x_wconf 85' lang='lat' dir='ltr'><strong>consentaneam,.</strong></span> <span class='ocrx_word' id='word_1_63' title='bbox 948 1100 1090 1175; x_wconf 84' lang='lat' dir='ltr'><strong>ipsoque,</strong></span> <span class='ocrx_word' id='word_1_64' title='bbox 1116 1106 1204 1174; x_wconf 91' lang='lat' dir='ltr'><strong>prout</strong></span> 
     </span>
     <span class='ocr_line' id='line_1_9' title="bbox 124 1195 1202 1277; baseline -0.006 -14"><span class='ocrx_word' id='word_1_65' title='bbox 124 1219 228 1263; x_wconf 85' lang='lat' dir='ltr'><strong>eornm</strong></span> <span class='ocrx_word' id='word_1_66' title='bbox 250 1201 383 1262; x_wconf 84' lang='lat' dir='ltr'><strong>conditio</strong></span> <span class='ocrx_word' id='word_1_67' title='bbox 402 1200 479 1277; x_wconf 86' lang='lat' dir='ltr'><strong>iert,</strong></span> <span class='ocrx_word' id='word_1_68' title='bbox 499 1199 538 1259; x_wconf 87' lang='lat' dir='ltr'><strong>ad</strong></span> <span class='ocrx_word' id='word_1_69' title='bbox 560 1199 766 1275; x_wconf 81' lang='lat' dir='ltr'><strong>praestitutum</strong></span> <span class='ocrx_word' id='word_1_70' title='bbox 788 1195 877 1256; x_wconf 85' lang='lat' dir='ltr'><strong>finem</strong></span> <span class='ocrx_word' id='word_1_71' title='bbox 898 1197 1135 1273; x_wconf 82' lang='lat' dir='ltr'><strong>consequendum</strong></span> <span class='ocrx_word' id='word_1_72' title='bbox 1158 1197 1202 1257; x_wconf 87' lang='lat' dir='ltr'><strong>io·</strong></span> 
     </span>
     <span class='ocr_line' id='line_1_10' title="bbox 127 1295 1203 1381; baseline -0.006 -19"><span class='ocrx_word' id='word_1_73' title='bbox 127 1308 206 1362; x_wconf 83' lang='lat' dir='ltr'><strong>reat.</strong></span> <span class='ocrx_word' id='word_1_74' title='bbox 227 1301 306 1377; x_wconf 81' lang='lat' dir='ltr'><strong>Ergo</strong></span> <span class='ocrx_word' id='word_1_75' title='bbox 325 1301 384 1359; x_wconf 85' lang='lat' dir='ltr'><strong>uisi</strong></span> <span class='ocrx_word' id='word_1_76' title='bbox 402 1298 482 1358; x_wconf 82' lang='lat' dir='ltr'><strong>Deus</strong></span> <span class='ocrx_word' id='word_1_77' title='bbox 505 1296 718 1374; x_wconf 70' lang='lat' dir='ltr'>imprudentiae</span> <span class='ocrx_word' id='word_1_78' title='bbox 738 1302 768 1354; x_wconf 89' lang='lat' dir='ltr'><strong>et</strong></span> <span class='ocrx_word' id='word_1_79' title='bbox 789 1295 917 1355; x_wconf 80' lang='lat' dir='ltr'><strong>incitetis</strong></span> <span class='ocrx_word' id='word_1_80' title='bbox 939 1295 1028 1381; x_wconf 82' lang='lat' dir='ltr'><strong>impie</strong></span> <span class='ocrx_word' id='word_1_81' title='bbox 1052 1295 1203 1356; x_wconf 86' lang='lat' dir='ltr'><strong>insimule-</strong></span> 
     </span>
     <span class='ocr_line' id='line_1_11' title="bbox 125 1391 1204 1480; baseline -0.007 -20"><span class='ocrx_word' id='word_1_82' title='bbox 125 1406 192 1474; x_wconf 87' lang='lat' dir='ltr'><strong>tur,</strong></span> <span class='ocrx_word' id='word_1_83' title='bbox 208 1397 295 1458; x_wconf 83' lang='lat' dir='ltr'><strong>rebus</strong></span> <span class='ocrx_word' id='word_1_84' title='bbox 307 1397 472 1474; x_wconf 74' lang='lat' dir='ltr'><strong>quibusque</strong></span> <span class='ocrx_word' id='word_1_85' title='bbox 485 1394 638 1456; x_wconf 91' lang='lat' dir='ltr'><strong>cousuiere</strong></span> <span class='ocrx_word' id='word_1_86' title='bbox 650 1410 686 1454; x_wconf 88' lang='lat' dir='ltr'><strong>ac</strong></span> <span class='ocrx_word' id='word_1_87' title='bbox 701 1395 867 1470; x_wconf 73' lang='lat' dir='ltr'><strong>prospicere</strong></span> <span class='ocrx_word' id='word_1_88' title='bbox 880 1391 1021 1453; x_wconf 85' lang='lat' dir='ltr'><strong>dicendus</strong></span> <span class='ocrx_word' id='word_1_89' title='bbox 1040 1400 1095 1480; x_wconf 81' lang='lat' dir='ltr'><strong>eat.</strong></span> <span class='ocrx_word' id='word_1_90' title='bbox 1118 1391 1204 1452; x_wconf 88' lang='lat' dir='ltr'><strong>Prae·</strong></span> 
     </span>
     <span class='ocr_line' id='line_1_12' title="bbox 127 1491 1205 1568; baseline -0.005 -12"><span class='ocrx_word' id='word_1_91' title='bbox 127 1496 207 1556; x_wconf 82' lang='lat' dir='ltr'><strong>clare</strong></span> <span class='ocrx_word' id='word_1_92' title='bbox 226 1492 259 1553; x_wconf 87' lang='lat' dir='ltr'><strong>S.</strong></span> <span class='ocrx_word' id='word_1_93' title='bbox 273 1491 463 1553; x_wconf 79' lang='lat' dir='ltr'><strong>Ambrosius:</strong></span> <span class='ocrx_word' id='word_1_94' title='bbox 483 1493 583 1566; x_wconf 78' lang='lat' dir='ltr'><strong>«Quis</strong></span> <span class='ocrx_word' id='word_1_95' title='bbox 596 1497 733 1568; x_wconf 88' lang='lat' dir='ltr'><strong>operator</strong></span> <span class='ocrx_word' id='word_1_96' title='bbox 753 1491 884 1568; x_wconf 81' lang='lat' dir='ltr'><strong>negliget</strong></span> <span class='ocrx_word' id='word_1_97' title='bbox 902 1494 998 1567; x_wconf 86' lang='lat' dir='ltr'><strong>operis</strong></span> <span class='ocrx_word' id='word_1_98' title='bbox 1015 1493 1061 1550; x_wconf 87' lang='lat' dir='ltr'><strong>sui</strong></span> <span class='ocrx_word' id='word_1_99' title='bbox 1079 1491 1205 1551; x_wconf 81' lang='lat' dir='ltr'><strong>curum?</strong></span> 
     </span>
     <span class='ocr_line' id='line_1_13' title="bbox 130 1588 1206 1672; baseline -0.004 -20"><span class='ocrx_word' id='word_1_100' title='bbox 130 1619 145 1645; x_wconf 82' lang='grc' dir='ltr'>ι</span> <span class='ocrx_word' id='word_1_101' title='bbox 167 1593 242 1667; x_wconf 82' lang='lat' dir='ltr'><strong>Quis</strong></span> <span class='ocrx_word' id='word_1_102' title='bbox 259 1591 377 1652; x_wconf 72' lang='lat' dir='ltr'><strong>deson</strong></span> <span class='ocrx_word' id='word_1_103' title='bbox 387 1598 418 1651; x_wconf 86' lang='lat' dir='ltr'><strong>ct</strong></span> <span class='ocrx_word' id='word_1_104' title='bbox 430 1591 572 1650; x_wconf 74' lang='lat' dir='ltr'><strong>desotnut</strong></span> <span class='ocrx_word' id='word_1_105' title='bbox 583 1590 662 1667; x_wconf 83' lang='lat' dir='ltr'><strong>quod</strong></span> <span class='ocrx_word' id='word_1_106' title='bbox 679 1591 742 1665; x_wconf 87' lang='lat' dir='ltr'><strong>ipse</strong></span> <span class='ocrx_word' id='word_1_107' title='bbox 755 1588 941 1649; x_wconf 88' lang='lat' dir='ltr'><strong>condendum</strong></span> <span class='ocrx_word' id='word_1_108' title='bbox 960 1590 1097 1672; x_wconf 77' lang='lat' dir='ltr'><strong>putavit?</strong></span> <span class='ocrx_word' id='word_1_109' title='bbox 1117 1588 1148 1650; x_wconf 85' lang='lat' dir='ltr'><strong>Si</strong></span> <span class='ocrx_word' id='word_1_110' title='bbox 1162 1591 1206 1649; x_wconf 91' lang='lat' dir='ltr'><strong>in·</strong></span> 
     </span>
     <span class='ocr_line' id='line_1_14' title="bbox 130 1687 1203 1766; baseline 0.004 -21"><span class='ocrx_word' id='word_1_111' title='bbox 130 1716 145 1745; x_wconf 63' lang='lat' dir='ltr'><strong>a</strong></span> <span class='ocrx_word' id='word_1_112' title='bbox 168 1692 246 1750; x_wconf 83' lang='lat' dir='ltr'><strong>turio</strong></span> <span class='ocrx_word' id='word_1_113' title='bbox 264 1695 311 1750; x_wconf 87' lang='lat' dir='ltr'><strong>est</strong></span> <span class='ocrx_word' id='word_1_114' title='bbox 329 1705 447 1766; x_wconf 85' lang='lat' dir='ltr'><strong>regere,</strong></span> <span class='ocrx_word' id='word_1_115' title='bbox 468 1694 593 1758; x_wconf 85' lang='lat' dir='ltr'><strong>nonest</strong></span> <span class='ocrx_word' id='word_1_116' title='bbox 613 1691 707 1748; x_wconf 89' lang='lat' dir='ltr'><strong>maior</strong></span> <span class='ocrx_word' id='word_1_117' title='bbox 726 1689 836 1748; x_wconf 85' lang='lat' dir='ltr'><strong>iniuria</strong></span> <span class='ocrx_word' id='word_1_118' title='bbox 858 1687 983 1749; x_wconf 76' lang='lat' dir='ltr'><strong>iecisse?</strong></span> <span class='ocrx_word' id='word_1_119' title='bbox 1003 1703 1070 1749; x_wconf 91' lang='lat' dir='ltr'><strong>cum</strong></span> <span class='ocrx_word' id='word_1_120' title='bbox 1092 1689 1203 1766; x_wconf 85' lang='lat' dir='ltr'><strong>uliquid</strong></span> 
     </span>
     <span class='ocr_line' id='line_1_15' title="bbox 121 1785 1206 1863; baseline -0.004 -11"><span class='ocrx_word' id='word_1_121' title='bbox 121 1816 146 1852; x_wconf 68' lang='grc' dir='ltr'><strong>,ι</strong></span> <span class='ocrx_word' id='word_1_122' title='bbox 169 1804 229 1848; x_wconf 89' lang='lat' dir='ltr'><strong>nou</strong></span> <span class='ocrx_word' id='word_1_123' title='bbox 245 1788 349 1848; x_wconf 85' lang='lat' dir='ltr'><strong>iecisse</strong></span> <span class='ocrx_word' id='word_1_124' title='bbox 358 1787 447 1860; x_wconf 44' lang='lat' dir='ltr'><strong>,nulia</strong></span> <span class='ocrx_word' id='word_1_125' title='bbox 459 1787 605 1846; x_wconf 83' lang='lat' dir='ltr'><strong>iniustitia</strong></span> <span class='ocrx_word' id='word_1_126' title='bbox 617 1787 673 1863; x_wconf 84' lang='lat' dir='ltr'><strong>sit,</strong></span> <span class='ocrx_word' id='word_1_127' title='bbox 687 1796 746 1845; x_wconf 85' lang='lat' dir='ltr'><strong>uon·</strong></span> <span class='ocrx_word' id='word_1_128' title='bbox 762 1801 866 1846; x_wconf 86' lang='lat' dir='ltr'><strong>curare</strong></span> <span class='ocrx_word' id='word_1_129' title='bbox 878 1785 958 1863; x_wconf 83' lang='lat' dir='ltr'><strong>quod</strong></span> <span class='ocrx_word' id='word_1_130' title='bbox 974 1785 1078 1848; x_wconf 87' lang='lat' dir='ltr'><strong>iecoris</strong></span> <span class='ocrx_word' id='word_1_131' title='bbox 1090 1803 1206 1848; x_wconf 88' lang='lat' dir='ltr'><strong>summa</strong></span> 
     </span>
     <span class='ocr_line' id='line_1_16' title="bbox 133 1886 430 1956; baseline -0.007 -11"><span class='ocrx_word' id='word_1_132' title='bbox 133 1912 146 1938; x_wconf 76' lang='grc' dir='ltr'>ι</span> <span class='ocrx_word' id='word_1_133' title='bbox 170 1886 430 1956; x_wconf 74' lang='lat' dir='ltr'><strong>inclementis1.»</strong></span> 
     </span>
    </p>

    <p class='ocr_par' dir='ltr' id='par_1_4' title="bbox 128 1983 1208 2163">
     <span class='ocr_line' id='line_1_17' title="bbox 189 1983 1205 2066; baseline 0.001 -23"><span class='ocrx_word' id='word_1_134' title='bbox 189 1983 228 2044; x_wconf 84' lang='lat' dir='ltr'><strong>Et</strong></span> <span class='ocrx_word' id='word_1_135' title='bbox 247 2000 279 2044; x_wconf 90' lang='lat' dir='ltr'><strong>re</strong></span> <span class='ocrx_word' id='word_1_136' title='bbox 291 2000 369 2066; x_wconf 76' lang='lat' dir='ltr'><strong>sane</strong></span> <span class='ocrx_word' id='word_1_137' title='bbox 388 1999 460 2043; x_wconf 84' lang='lat' dir='ltr'><strong>vera</strong></span> <span class='ocrx_word' id='word_1_138' title='bbox 479 1999 625 2061; x_wconf 88' lang='lat' dir='ltr'><strong>quaenam</strong></span> <span class='ocrx_word' id='word_1_139' title='bbox 644 2000 735 2050; x_wconf 88' lang='lat' dir='ltr'><strong>causa</strong></span> <span class='ocrx_word' id='word_1_140' title='bbox 749 1984 843 2044; x_wconf 86' lang='lat' dir='ltr'><strong>Deum</strong></span> <span class='ocrx_word' id='word_1_141' title='bbox 865 1984 903 2044; x_wconf 89' lang='lat' dir='ltr'><strong>ub</strong></span> <span class='ocrx_word' id='word_1_142' title='bbox 923 1985 1066 2045; x_wconf 87' lang='lat' dir='ltr'><strong>eiusmodi</strong></span> <span class='ocrx_word' id='word_1_143' title='bbox 1084 1985 1205 2045; x_wconf 79' lang='lat' dir='ltr'><strong>urimini·</strong></span> 
     </span>
     <span class='ocr_line' id='line_1_18' title="bbox 128 2067 1208 2163; baseline 0.002 -21"><span class='ocrx_word' id='word_1_144' title='bbox 128 2084 272 2142; x_wconf 69' lang='lat' dir='ltr'><strong>motione</strong></span> <span class='ocrx_word' id='word_1_145' title='bbox 296 2097 394 2142; x_wconf 90' lang='lat' dir='ltr'><strong>rerum</strong></span> <span class='ocrx_word' id='word_1_146' title='bbox 420 2081 591 2141; x_wconf 80' lang='lat' dir='ltr'><strong>deterrent?</strong></span> <span class='ocrx_word' id='word_1_147' title='bbox 615 2067 694 2163; x_wconf 81' lang='lat' dir='ltr'><strong>Num</strong></span> <span class='ocrx_word' id='word_1_148' title='bbox 718 2082 797 2158; x_wconf 89' lang='lat' dir='ltr'><strong>quod</strong></span> <span class='ocrx_word' id='word_1_149' title='bbox 824 2083 888 2158; x_wconf 88' lang='lat' dir='ltr'><strong>ipsa</strong></span> <span class='ocrx_word' id='word_1_150' title='bbox 912 2079 1045 2142; x_wconf 80' lang='lat' dir='ltr'><strong>diuinum</strong></span> <span class='ocrx_word' id='word_1_151' title='bbox 1071 2081 1208 2144; x_wconf 83' lang='lat' dir='ltr'><strong>dedecori</strong></span> 
     </span>
    </p>
   </div>
   <div class='ocr_carea' id='block_1_3' title="bbox 128 2173 1303 2262">
    <p class='ocr_par' dir='ltr' id='par_1_5' title="bbox 128 2173 1303 2262">
     <span class='ocr_line' id='line_1_19' title="bbox 128 2173 1303 2262; baseline 0 -21"><span class='ocrx_word' id='word_1_152' title='bbox 128 2179 326 2257; x_wconf 79' lang='lat' dir='ltr'><strong>dignitatem?</strong></span> <span class='ocrx_word' id='word_1_153' title='bbox 341 2179 382 2241; x_wconf 76' lang='lat' dir='ltr'><strong>nt</strong></span> <span class='ocrx_word' id='word_1_154' title='bbox 394 2180 425 2240; x_wconf 85' lang='lat' dir='ltr'><strong>iu</strong></span> <span class='ocrx_word' id='word_1_155' title='bbox 439 2180 537 2257; x_wconf 91' lang='lat' dir='ltr'><strong>potius</strong></span> <span class='ocrx_word' id='word_1_156' title='bbox 551 2195 617 2240; x_wconf 87' lang='lat' dir='ltr'><strong>eam</strong></span> <span class='ocrx_word' id='word_1_157' title='bbox 630 2173 793 2256; x_wconf 77' lang='lat' dir='ltr'><strong>amplificet</strong></span> <span class='ocrx_word' id='word_1_158' title='bbox 809 2181 995 2256; x_wconf 85' lang='lat' dir='ltr'><strong>meximeque</strong></span> <span class='ocrx_word' id='word_1_159' title='bbox 1009 2180 1206 2242; x_wconf 82' lang='lat' dir='ltr'><strong>commendat.</strong></span> <span class='ocrx_word' id='word_1_160' title='bbox 1300 2255 1303 2262; x_wconf 17' lang='grc' dir='ltr'>ἱ</span> 
     </span>
    </p>
   </div>
   <div class='ocr_carea' id='block_1_4' title="bbox 29 2277 1232 3923">
    <p class='ocr_par' dir='ltr' id='par_1_6' title="bbox 29 2277 1232 3139">
     <span class='ocr_line' id='line_1_20' title="bbox 128 2277 1208 2355; baseline 0 -16"><span class='ocrx_word' id='word_1_161' title='bbox 128 2278 178 2339; x_wconf 78' lang='lat' dir='ltr'><strong>An</strong></span> <span class='ocrx_word' id='word_1_162' title='bbox 198 2294 269 2337; x_wconf 81' lang='lat' dir='ltr'><strong>vero</strong></span> <span class='ocrx_word' id='word_1_163' title='bbox 288 2280 360 2354; x_wconf 86' lang='lat' dir='ltr'><strong>quie</strong></span> <span class='ocrx_word' id='word_1_164' title='bbox 373 2280 550 2339; x_wconf 85' lang='lat' dir='ltr'><strong>nonomnin</strong></span> <span class='ocrx_word' id='word_1_165' title='bbox 563 2280 626 2337; x_wconf 89' lang='lat' dir='ltr'><strong>eius</strong></span> <span class='ocrx_word' id='word_1_166' title='bbox 638 2280 785 2354; x_wconf 87' lang='lat' dir='ltr'><strong>potentiae</strong></span> <span class='ocrx_word' id='word_1_167' title='bbox 799 2284 829 2337; x_wconf 90' lang='lat' dir='ltr'><strong>et</strong></span> <span class='ocrx_word' id='word_1_168' title='bbox 842 2280 1003 2355; x_wconf 81' lang='lat' dir='ltr'><strong>cognitioni</strong></span> <span class='ocrx_word' id='word_1_169' title='bbox 1019 2277 1208 2339; x_wconf 74' lang='lat' dir='ltr'><strong>subduntur?</strong></span> 
     </span>
     <span class='ocr_line' id='line_1_21' title="bbox 29 2364 1207 2459; baseline 0 -22"><span class='ocrx_word' id='word_1_170' title='bbox 29 2438 36 2451; x_wconf 61' lang='grc'>,</span> <span class='ocrx_word' id='word_1_171' title='bbox 128 2376 211 2437; x_wconf 81' lang='lat' dir='ltr'><strong>Nihil</strong></span> <span class='ocrx_word' id='word_1_172' title='bbox 232 2364 364 2453; x_wconf 82' lang='lat' dir='ltr'><strong>proiecto</strong></span> <span class='ocrx_word' id='word_1_173' title='bbox 383 2378 493 2437; x_wconf 87' lang='lat' dir='ltr'><strong>minus.</strong></span> <span class='ocrx_word' id='word_1_174' title='bbox 514 2377 568 2435; x_wconf 91' lang='lat' dir='ltr'><strong>Dei</strong></span> <span class='ocrx_word' id='word_1_175' title='bbox 589 2378 668 2451; x_wconf 87' lang='lat' dir='ltr'><strong>enim</strong></span> <span class='ocrx_word' id='word_1_176' title='bbox 690 2377 813 2435; x_wconf 86' lang='lat' dir='ltr'><strong>scientie</strong></span> <span class='ocrx_word' id='word_1_177' title='bbox 826 2382 856 2435; x_wconf 91' lang='lat' dir='ltr'><strong>et</strong></span> <span class='ocrx_word' id='word_1_178' title='bbox 864 2382 997 2459; x_wconf 84' lang='lat' dir='ltr'><strong>potestus</strong></span> <span class='ocrx_word' id='word_1_179' title='bbox 1018 2376 1107 2435; x_wconf 87' lang='lat' dir='ltr'><strong>nullis</strong></span> <span class='ocrx_word' id='word_1_180' title='bbox 1127 2382 1207 2437; x_wconf 75' lang='lat' dir='ltr'><strong>coer·</strong></span> 
     </span>
     <span class='ocr_line' id='line_1_22' title="bbox 47 2471 1209 2552; baseline 0 -17"><span class='ocrx_word' id='word_1_181' title='bbox 47 2471 51 2477; x_wconf 82' lang='grc'><em>’</em></span> <span class='ocrx_word' id='word_1_182' title='bbox 130 2480 215 2535; x_wconf 86' lang='lat' dir='ltr'><strong>uetur</strong></span> <span class='ocrx_word' id='word_1_183' title='bbox 227 2474 388 2551; x_wconf 83' lang='lat' dir='ltr'><strong>limitibus,</strong></span> <span class='ocrx_word' id='word_1_184' title='bbox 402 2473 454 2534; x_wconf 83' lang='lat' dir='ltr'><strong>sed</strong></span> <span class='ocrx_word' id='word_1_185' title='bbox 468 2474 507 2534; x_wconf 86' lang='lat' dir='ltr'><strong>ad</strong></span> <span class='ocrx_word' id='word_1_186' title='bbox 520 2476 621 2534; x_wconf 86' lang='lat' dir='ltr'><strong>omniu</strong></span> <span class='ocrx_word' id='word_1_187' title='bbox 633 2474 693 2533; x_wconf 88' lang='lat' dir='ltr'><strong>lete</strong></span> <span class='ocrx_word' id='word_1_188' title='bbox 705 2474 900 2550; x_wconf 84' lang='lat' dir='ltr'><strong>protenditur.</strong></span> <span class='ocrx_word' id='word_1_189' title='bbox 920 2474 969 2533; x_wconf 83' lang='lat' dir='ltr'><strong>Au</strong></span> <span class='ocrx_word' id='word_1_190' title='bbox 982 2474 1124 2551; x_wconf 87' lang='lat' dir='ltr'><strong>deniqne,</strong></span> <span class='ocrx_word' id='word_1_191' title='bbox 1138 2478 1209 2552; x_wconf 91' lang='lat' dir='ltr'><strong>quia</strong></span> 
     </span>
     <span class='ocr_line' id='line_1_23' title="bbox 129 2571 1209 2649; baseline 0.003 -17"><span class='ocrx_word' id='word_1_192' title='bbox 129 2573 211 2633; x_wconf 79' lang='lat' dir='ltr'><strong>licus</strong></span> <span class='ocrx_word' id='word_1_193' title='bbox 230 2572 411 2648; x_wconf 80' lang='lat' dir='ltr'><strong>providendo</strong></span> <span class='ocrx_word' id='word_1_194' title='bbox 430 2575 555 2632; x_wconf 85' lang='lat' dir='ltr'><strong>nimium</strong></span> <span class='ocrx_word' id='word_1_195' title='bbox 576 2572 765 2648; x_wconf 71' lang='lat' dir='ltr'><strong>fatigaretur,</strong></span> <span class='ocrx_word' id='word_1_196' title='bbox 784 2578 836 2631; x_wconf 87' lang='lat' dir='ltr'><strong>unt</strong></span> <span class='ocrx_word' id='word_1_197' title='bbox 856 2573 925 2647; x_wconf 87' lang='lat' dir='ltr'><strong>qnia</strong></span> <span class='ocrx_word' id='word_1_198' title='bbox 944 2571 1052 2631; x_wconf 89' lang='lat' dir='ltr'><strong>bouum</strong></span> <span class='ocrx_word' id='word_1_199' title='bbox 1073 2588 1142 2649; x_wconf 78' lang='lat' dir='ltr'><strong>erga</strong></span> <span class='ocrx_word' id='word_1_200' title='bbox 1162 2588 1209 2635; x_wconf 78' lang='lat' dir='ltr'><strong>ree</strong></span> 
     </span>
     <span class='ocr_line' id='line_1_24' title="bbox 129 2670 1209 2749; baseline -0.001 -18"><span class='ocrx_word' id='word_1_201' title='bbox 129 2671 266 2731; x_wconf 85' lang='lat' dir='ltr'><strong>conditas</strong></span> <span class='ocrx_word' id='word_1_202' title='bbox 286 2670 468 2731; x_wconf 84' lang='lat' dir='ltr'><strong>uoluntatem</strong></span> <span class='ocrx_word' id='word_1_203' title='bbox 483 2671 711 2749; x_wconf 79' lang='lat' dir='ltr'><strong>incontrariem</strong></span> <span class='ocrx_word' id='word_1_204' title='bbox 732 2670 944 2729; x_wconf 80' lang='lat' dir='ltr'><strong>commutarit?</strong></span> <span class='ocrx_word' id='word_1_205' title='bbox 964 2670 1075 2730; x_wconf 84' lang='lat' dir='ltr'><strong>Verum</strong></span> <span class='ocrx_word' id='word_1_206' title='bbox 1096 2677 1209 2731; x_wconf 88' lang='lat' dir='ltr'><strong>utrum·</strong></span> 
     </span>
     <span class='ocr_line' id='line_1_25' title="bbox 129 2766 1232 2855; baseline -0.001 -26"><span class='ocrx_word' id='word_1_207' title='bbox 129 2784 191 2846; x_wconf 88' lang='lat' dir='ltr'><strong>que</strong></span> <span class='ocrx_word' id='word_1_208' title='bbox 209 2769 267 2829; x_wconf 89' lang='lat' dir='ltr'><strong>hoc</strong></span> <span class='ocrx_word' id='word_1_209' title='bbox 286 2770 351 2827; x_wconf 87' lang='lat' dir='ltr'><strong>siue</strong></span> <span class='ocrx_word' id='word_1_210' title='bbox 371 2767 551 2827; x_wconf 80' lang='lat' dir='ltr'><strong>absurditate</strong></span> <span class='ocrx_word' id='word_1_211' title='bbox 572 2768 632 2825; x_wconf 88' lang='lat' dir='ltr'><strong>dici</strong></span> <span class='ocrx_word' id='word_1_212' title='bbox 653 2770 773 2844; x_wconf 82' lang='lat' dir='ltr'><strong>nequit3</strong></span> <span class='ocrx_word' id='word_1_213' title='bbox 795 2770 903 2844; x_wconf 91' lang='lat' dir='ltr'><strong>quippe</strong></span> <span class='ocrx_word' id='word_1_214' title='bbox 925 2783 999 2827; x_wconf 89' lang='lat' dir='ltr'><strong>cum·</strong></span> <span class='ocrx_word' id='word_1_215' title='bbox 1014 2766 1093 2827; x_wconf 88' lang='lat' dir='ltr'><strong>Deus</strong></span> <span class='ocrx_word' id='word_1_216' title='bbox 1116 2768 1232 2855; x_wconf 42' lang='lat' dir='ltr'><strong>labori·</strong></span> 
     </span>
     <span class='ocr_line' id='line_1_26' title="bbox 123 2859 1209 2946; baseline 0 -20"><span class='ocrx_word' id='word_1_217' title='bbox 123 2859 193 2927; x_wconf 85' lang='lat' dir='ltr'><strong>&#39;uon</strong></span> <span class='ocrx_word' id='word_1_218' title='bbox 214 2868 255 2926; x_wconf 92' lang='lat' dir='ltr'><strong>sit</strong></span> <span class='ocrx_word' id='word_1_219' title='bbox 273 2865 435 2943; x_wconf 77' lang='lat' dir='ltr'><strong>obnoxius,</strong></span> <span class='ocrx_word' id='word_1_220' title='bbox 456 2866 509 2925; x_wconf 90' lang='lat' dir='ltr'><strong>sed</strong></span> <span class='ocrx_word' id='word_1_221' title='bbox 528 2865 656 2941; x_wconf 73' lang='lat' dir='ltr'><strong>simplici</strong></span> <span class='ocrx_word' id='word_1_222' title='bbox 676 2866 837 2925; x_wconf 82' lang='lat' dir='ltr'><strong>uoluntatis</strong></span> <span class='ocrx_word' id='word_1_223' title='bbox 857 2872 932 2927; x_wconf 88' lang='lat' dir='ltr'><strong>nutu</strong></span> <span class='ocrx_word' id='word_1_224' title='bbox 951 2868 1051 2927; x_wconf 83' lang='lat' dir='ltr'><strong>omniu</strong></span> <span class='ocrx_word' id='word_1_225' title='bbox 1071 2874 1209 2946; x_wconf 79' lang='lat' dir='ltr'><strong>peragut3</strong></span> 
     </span>
     <span class='ocr_line' id='line_1_27' title="bbox 131 2962 1209 3039; baseline 0.005 -16"><span class='ocrx_word' id='word_1_226' title='bbox 131 2969 217 3023; x_wconf 87' lang='lat' dir='ltr'><strong>tauta</strong></span> <span class='ocrx_word' id='word_1_227' title='bbox 237 2980 307 3023; x_wconf 79' lang='lat' dir='ltr'><strong>sero</strong></span> <span class='ocrx_word' id='word_1_228' title='bbox 327 2963 433 3023; x_wconf 85' lang='lat' dir='ltr'><strong>affluat</strong></span> <span class='ocrx_word' id='word_1_229' title='bbox 451 2962 583 3023; x_wconf 84' lang='lat' dir='ltr'><strong>bonitate</strong></span> <span class='ocrx_word' id='word_1_230' title='bbox 595 2968 626 3023; x_wconf 92' lang='lat' dir='ltr'><strong>et</strong></span> <span class='ocrx_word' id='word_1_231' title='bbox 637 2964 821 3039; x_wconf 76' lang='lat' dir='ltr'><strong>concientia,</strong></span> <span class='ocrx_word' id='word_1_232' title='bbox 836 2969 870 3022; x_wconf 88' lang='lat' dir='ltr'><strong>ut</strong></span> <span class='ocrx_word' id='word_1_233' title='bbox 883 2962 922 3022; x_wconf 88' lang='lat' dir='ltr'><strong>nb</strong></span> <span class='ocrx_word' id='word_1_234' title='bbox 935 2962 992 3025; x_wconf 87' lang='lat' dir='ltr'><strong>hac</strong></span> <span class='ocrx_word' id='word_1_235' title='bbox 1011 2962 1136 3025; x_wconf 85' lang='lat' dir='ltr'><strong>deiicere</strong></span> <span class='ocrx_word' id='word_1_236' title='bbox 1155 2967 1209 3028; x_wconf 90' lang='lat' dir='ltr'><strong>mi·</strong></span> 
     </span>
     <span class='ocr_line' id='line_1_28' title="bbox 131 3062 334 3139; baseline -0.005 -18"><span class='ocrx_word' id='word_1_237' title='bbox 131 3062 213 3121; x_wconf 86' lang='lat' dir='ltr'><strong>nime</strong></span> <span class='ocrx_word' id='word_1_238' title='bbox 231 3064 334 3139; x_wconf 86' lang='lat' dir='ltr'><strong>possit.</strong></span> 
     </span>
    </p>

    <p class='ocr_par' dir='ltr' id='par_1_7' title="bbox 52 3160 1214 3923">
     <span class='ocr_line' id='line_1_29' title="bbox 193 3160 1211 3241; baseline 0.002 -22"><span class='ocrx_word' id='word_1_239' title='bbox 193 3160 305 3237; x_wconf 82' lang='lat' dir='ltr'><strong>Tertio,</strong></span> <span class='ocrx_word' id='word_1_240' title='bbox 319 3161 397 3221; x_wconf 86' lang='lat' dir='ltr'><strong>idem</strong></span> <span class='ocrx_word' id='word_1_241' title='bbox 410 3162 557 3223; x_wconf 80' lang='lat' dir='ltr'><strong>evincitur</strong></span> <span class='ocrx_word' id='word_1_242' title='bbox 569 3178 607 3222; x_wconf 83' lang='lat' dir='ltr'><strong>ex</strong></span> <span class='ocrx_word' id='word_1_243' title='bbox 620 3164 698 3222; x_wconf 91' lang='lat' dir='ltr'><strong>miro</strong></span> <span class='ocrx_word' id='word_1_244' title='bbox 709 3162 894 3241; x_wconf 69' lang='lat' dir='ltr'><strong>elegantique</strong></span> <span class='ocrx_word' id='word_1_245' title='bbox 907 3162 1022 3240; x_wconf 86' lang='lat' dir='ltr'><strong>ordino,</strong></span> <span class='ocrx_word' id='word_1_246' title='bbox 1034 3178 1095 3240; x_wconf 93' lang='lat' dir='ltr'><strong>quo</strong></span> <span class='ocrx_word' id='word_1_247' title='bbox 1107 3162 1211 3223; x_wconf 90' lang='lat' dir='ltr'><strong>mundi</strong></span> 
     </span>
     <span class='ocr_line' id='line_1_30' title="bbox 133 3256 1210 3336; baseline 0.006 -21"><span class='ocrx_word' id='word_1_248' title='bbox 133 3256 272 3317; x_wconf 86' lang='lat' dir='ltr'><strong>machine</strong></span> <span class='ocrx_word' id='word_1_249' title='bbox 291 3258 437 3319; x_wconf 84' lang='lat' dir='ltr'><strong>instructo</strong></span> <span class='ocrx_word' id='word_1_250' title='bbox 456 3264 552 3318; x_wconf 87' lang='lat' dir='ltr'><strong>estet</strong></span> <span class='ocrx_word' id='word_1_251' title='bbox 573 3258 687 3319; x_wconf 77' lang='lat' dir='ltr'><strong>affabre</strong></span> <span class='ocrx_word' id='word_1_252' title='bbox 707 3265 880 3336; x_wconf 88' lang='lat' dir='ltr'><strong>temperata.</strong></span> <span class='ocrx_word' id='word_1_253' title='bbox 902 3261 936 3319; x_wconf 92' lang='lat' dir='ltr'><strong>lu</strong></span> <span class='ocrx_word' id='word_1_254' title='bbox 957 3266 1041 3321; x_wconf 88' lang='lat' dir='ltr'><strong>tantu</strong></span> <span class='ocrx_word' id='word_1_255' title='bbox 1063 3263 1142 3321; x_wconf 90' lang='lat' dir='ltr'><strong>enim</strong></span> <span class='ocrx_word' id='word_1_256' title='bbox 1166 3277 1210 3321; x_wconf 90' lang='lat' dir='ltr'><strong>re·</strong></span> 
     </span>
     <span class='ocr_line' id='line_1_31' title="bbox 133 3354 1210 3433; baseline 0.005 -20"><span class='ocrx_word' id='word_1_257' title='bbox 133 3368 201 3413; x_wconf 89' lang='lat' dir='ltr'><strong>rum</strong></span> <span class='ocrx_word' id='word_1_258' title='bbox 220 3354 425 3415; x_wconf 82' lang='lat' dir='ltr'><strong>uicissitudine</strong></span> <span class='ocrx_word' id='word_1_259' title='bbox 443 3361 475 3416; x_wconf 90' lang='lat' dir='ltr'><strong>ct</strong></span> <span class='ocrx_word' id='word_1_260' title='bbox 493 3358 652 3433; x_wconf 80' lang='lat' dir='ltr'><strong>verietate,</strong></span> <span class='ocrx_word' id='word_1_261' title='bbox 668 3358 699 3415; x_wconf 89' lang='lat' dir='ltr'><strong>iu</strong></span> <span class='ocrx_word' id='word_1_262' title='bbox 716 3364 801 3417; x_wconf 84' lang='lat' dir='ltr'><strong>tauto</strong></span> <span class='ocrx_word' id='word_1_263' title='bbox 819 3358 1028 3418; x_wconf 87' lang='lat' dir='ltr'><strong>elementorum</strong></span> <span class='ocrx_word' id='word_1_264' title='bbox 1050 3360 1210 3431; x_wconf 81' lang='lat' dir='ltr'><strong>contrario-</strong></span> 
     </span>
     <span class='ocr_line' id='line_1_32' title="bbox 133 3453 1211 3542; baseline 0.006 -31"><span class='ocrx_word' id='word_1_265' title='bbox 133 3466 200 3511; x_wconf 92' lang='lat' dir='ltr'><strong>rum</strong></span> <span class='ocrx_word' id='word_1_266' title='bbox 220 3459 401 3542; x_wconf 76' lang='lat' dir='ltr'><strong>pugnatam</strong></span> <span class='ocrx_word' id='word_1_267' title='bbox 418 3453 561 3514; x_wconf 80' lang='lat' dir='ltr'><strong>mirabitis</strong></span> <span class='ocrx_word' id='word_1_268' title='bbox 580 3457 749 3529; x_wconf 75' lang='lat' dir='ltr'><strong>consensio,</strong></span> <span class='ocrx_word' id='word_1_269' title='bbox 769 3462 887 3515; x_wconf 89' lang='lat' dir='ltr'><strong>mutuus</strong></span> <span class='ocrx_word' id='word_1_270' title='bbox 903 3470 1014 3533; x_wconf 85' lang='lat' dir='ltr'><strong>nexus,</strong></span> <span class='ocrx_word' id='word_1_271' title='bbox 1033 3460 1211 3534; x_wconf 78' lang='lat' dir='ltr'><strong>conspiratio</strong></span> 
     </span>
     <span class='ocr_line' id='line_1_33' title="bbox 133 3550 1212 3633; baseline 0.005 -25"><span class='ocrx_word' id='word_1_272' title='bbox 133 3555 180 3626; x_wconf 87' lang='lat' dir='ltr'><strong>et,</strong></span> <span class='ocrx_word' id='word_1_273' title='bbox 195 3555 230 3609; x_wconf 90' lang='lat' dir='ltr'><strong>ut</strong></span> <span class='ocrx_word' id='word_1_274' title='bbox 245 3552 288 3609; x_wconf 89' lang='lat' dir='ltr'><strong>ita</strong></span> <span class='ocrx_word' id='word_1_275' title='bbox 305 3550 447 3628; x_wconf 84' lang='lat' dir='ltr'><strong>dixerim,</strong></span> <span class='ocrx_word' id='word_1_276' title='bbox 464 3557 623 3612; x_wconf 83' lang='lat' dir='ltr'><strong>concentus</strong></span> <span class='ocrx_word' id='word_1_277' title='bbox 643 3555 800 3613; x_wconf 85' lang='lat' dir='ltr'><strong>consistere</strong></span> <span class='ocrx_word' id='word_1_278' title='bbox 819 3569 1004 3630; x_wconf 75' lang='lat' dir='ltr'><strong>nequaquem</strong></span> <span class='ocrx_word' id='word_1_279' title='bbox 1026 3562 1139 3633; x_wconf 82' lang='lat' dir='ltr'><strong>posset3</strong></span> <span class='ocrx_word' id='word_1_280' title='bbox 1154 3556 1212 3615; x_wconf 91' lang='lat' dir='ltr'><strong>uisi</strong></span> 
     </span>
     <span class='ocr_line' id='line_1_34' title="bbox 52 3642 1212 3727; baseline -0.002 -15"><span class='ocrx_word' id='word_1_281' title='bbox 52 3642 55 3646; x_wconf 75' lang='grc'><strong>’</strong></span> <span class='ocrx_word' id='word_1_282' title='bbox 134 3647 250 3712; x_wconf 74' lang='lat' dir='ltr'><strong>mosset</strong></span> <span class='ocrx_word' id='word_1_283' title='bbox 270 3649 436 3709; x_wconf 80' lang='lat' dir='ltr'><strong>moderetur</strong></span> <span class='ocrx_word' id='word_1_284' title='bbox 457 3649 566 3726; x_wconf 85' lang='lat' dir='ltr'><strong>uliquis</strong></span> <span class='ocrx_word' id='word_1_285' title='bbox 583 3652 668 3709; x_wconf 91' lang='lat' dir='ltr'><strong>cuius</strong></span> <span class='ocrx_word' id='word_1_286' title='bbox 687 3652 809 3726; x_wconf 88' lang='lat' dir='ltr'><strong>imperio</strong></span> <span class='ocrx_word' id='word_1_287' title='bbox 829 3657 965 3727; x_wconf 86' lang='lat' dir='ltr'><strong>parerent</strong></span> <span class='ocrx_word' id='word_1_288' title='bbox 983 3655 1084 3712; x_wconf 88' lang='lat' dir='ltr'><strong>omnin</strong></span> <span class='ocrx_word' id='word_1_289' title='bbox 1104 3668 1139 3712; x_wconf 88' lang='lat' dir='ltr'><strong>ac</strong></span> <span class='ocrx_word' id='word_1_290' title='bbox 1157 3668 1212 3710; x_wconf 93' lang='lat' dir='ltr'><strong>nu·</strong></span> 
     </span>
     <span class='ocr_line' id='line_1_35' title="bbox 133 3744 1214 3826; baseline 0.003 -21"><span class='ocrx_word' id='word_1_291' title='bbox 133 3744 216 3806; x_wconf 82' lang='lat' dir='ltr'><strong>tibus</strong></span> <span class='ocrx_word' id='word_1_292' title='bbox 232 3752 474 3822; x_wconf 71' lang='lat' dir='ltr'><strong>temperarentur.</strong></span> <span class='ocrx_word' id='word_1_293' title='bbox 496 3747 545 3808; x_wconf 78' lang='lat' dir='ltr'><strong>Au</strong></span> <span class='ocrx_word' id='word_1_294' title='bbox 562 3746 748 3824; x_wconf 75' lang='lat' dir='ltr'><strong>opinabimur</strong></span> <span class='ocrx_word' id='word_1_295' title='bbox 765 3750 916 3825; x_wconf 79' lang='lat' dir='ltr'><strong>navigium</strong></span> <span class='ocrx_word' id='word_1_296' title='bbox 936 3750 1000 3809; x_wconf 85' lang='lat' dir='ltr'><strong>sine</strong></span> <span class='ocrx_word' id='word_1_297' title='bbox 1020 3748 1214 3826; x_wconf 78' lang='lat' dir='ltr'><strong>gubernatore</strong></span> 
     </span>
     <span class='ocr_line' id='line_1_36' title="bbox 134 3842 1211 3923; baseline 0.004 -22"><span class='ocrx_word' id='word_1_298' title='bbox 134 3842 277 3903; x_wconf 74' lang='lat' dir='ltr'><strong>rdiiiceri</strong></span> <span class='ocrx_word' id='word_1_299' title='bbox 299 3858 360 3904; x_wconf 89' lang='lat' dir='ltr'><strong>nou</strong></span> <span class='ocrx_word' id='word_1_300' title='bbox 380 3861 483 3923; x_wconf 78' lang='lat' dir='ltr'><strong>posse5</strong></span> <span class='ocrx_word' id='word_1_301' title='bbox 504 3846 624 3920; x_wconf 82' lang='lat' dir='ltr'><strong>urbem,</strong></span> <span class='ocrx_word' id='word_1_302' title='bbox 648 3853 763 3906; x_wconf 77' lang='lat' dir='ltr'><strong>sencio</strong></span> <span class='ocrx_word' id='word_1_303' title='bbox 782 3848 932 3923; x_wconf 82' lang='lat' dir='ltr'><strong>principe,</strong></span> <span class='ocrx_word' id='word_1_304' title='bbox 953 3846 1072 3907; x_wconf 72' lang='lat' dir='ltr'><strong>desotni</strong></span> <span class='ocrx_word' id='word_1_305' title='bbox 1090 3844 1211 3923; x_wconf 80' lang='lat' dir='ltr'><strong>ordine3</strong></span> 
     </span>
    </p>
   </div>
   <div class='ocr_carea' id='block_1_5' title="bbox 197 4054 1074 4203">
    <p class='ocr_par' dir='ltr' id='par_1_8' title="bbox 197 4054 1074 4203">
     <span class='ocr_line' id='line_1_37' title="bbox 197 4054 538 4123; baseline 0.009 -18"><span class='ocrx_word' id='word_1_306' title='bbox 197 4062 206 4105; x_wconf 86' lang='lat' dir='ltr'><strong>i</strong></span> <span class='ocrx_word' id='word_1_307' title='bbox 226 4056 325 4105; x_wconf 76' lang='lat' dir='ltr'><strong>limati.</strong></span> <span class='ocrx_word' id='word_1_308' title='bbox 342 4056 380 4107; x_wconf 78' lang='lat' dir='ltr'><strong>ori</strong></span> <span class='ocrx_word' id='word_1_309' title='bbox 390 4054 486 4123; x_wconf 79' lang='lat' dir='ltr'><strong>popul:</strong></span> <span class='ocrx_word' id='word_1_310' title='bbox 503 4061 538 4108; x_wconf 84' lang='grc' dir='ltr'><strong>Χ.</strong></span> 
     </span>
     <span class='ocr_line' id='line_1_38' title="bbox 280 4136 1074 4203; baseline 0.005 -6"><span class='ocrx_word' id='word_1_311' title='bbox 280 4136 346 4197; x_wconf 85' lang='lat' dir='ltr'><strong>Vol.</strong></span> <span class='ocrx_word' id='word_1_312' title='bbox 361 4138 409 4200; x_wconf 89' lang='grc' dir='ltr'><strong>ΙΙ.</strong></span> <span class='ocrx_word' id='word_1_313' title='bbox 1038 4148 1074 4203; x_wconf 75' lang='lat' dir='ltr'><strong>ii</strong></span> 
     </span>
    </p>
   </div>
   <div class='ocr_carea' id='block_1_6' title="bbox 0 0 1464 4425">
    <p class='ocr_par' dir='ltr' id='par_1_9' title="bbox 0 0 1464 4425">
     <span class='ocr_line' id='line_1_39' title="bbox 0 0 1464 4425; baseline 0 0"><span class='ocrx_word' id='word_1_314' title='bbox 0 0 1464 4425; x_wconf 95' lang='lat' dir='ltr'><strong> </strong></span> 
     </span>
    </p>
   </div>
  </div>
 </body>
</html>
