2892 4425
223 355 279 408 188
551 361 773 404 lfflfflffllcd
794 357 971 404 eutimius

219 473 299 532 enim
316 473 458 530 essentias
478 469 556 530 nude
576 473 608 528 in
627 471 731 544 seipsis
749 474 780 528 et
797 465 1026 544 independenter
1051 480 1069 525 a
1091 466 1302 544 phoenomenis

220 573 404 643 mutuemur,
422 565 474 624 aed
494 581 544 625 eas
563 568 594 624 vi
618 568 827 642 proprietatum
849 572 878 624 et
899 563 1106 640 accidentium,
1126 564 1233 640 quibus
1254 581 1303 624 ve·

221 666 362 738 eduntur,
385 664 580 740 attingimus,
605 679 640 721 eo
664 661 758 721 ferme
782 661 949 737 modoque
975 676 1078 719 causas
1100 664 1304 738 cognoscimus

220 779 273 838 per
286 760 419 820 effeetus.
432 761 539 820 Verum
557 760 630 820 haee
649 777 709 820 non
728 765 830 819 retent
844 763 1000 836 quominus
1017 759 1054 818 de
1071 760 1219 819 nonnuliis
1235 761 1303 820 sun

219 861 336 920 suauis
352 875 422 918 uere
437 858 631 934 distincteque
644 861 785 917 emendes
805 873 1028 934 eognoseamps,
1050 857 1118 917 lieet
1136 874 1187 934 per
1208 874 1303 934 respe-

79 984 84 990 ·
214 962 302 1020 mum
324 963 355 1015 et
374 959 563 1031 proprietates
587 961 616 1014 et
634 957 762 1014 notiones
781 960 811 1018 et
827 955 1046 1030 phoenomena,
1069 969 1193 1030 quorum
1219 955 1303 1031 quid·

220 1051 340 1112 ditatem
361 1053 528 1110 immediate
547 1052 749 1128 intelligimus.

281 1150 411 1224 Denique
429 1155 463 1207 ut
483 1165 520 1208 ex
536 1151 573 1207 iis
587 1151 672 1224 ipsis,
689 1163 766 1225 quae
787 1148 916 1208 Loekim
935 1151 1049 1223 statuit,
1065 1147 1227 1210 doctrinam
1241 1153 1305 1210 eius

220 1231 428 1321 coarguamus,
450 1247 494 1304 sie
516 1245 690 1303 ratioeiaor:
713 1245 757 1320 Si,
782 1261 817 1304 eo
837 1246 957 1320 fatente,
980 1249 1120 1305 essentim
1142 1263 1238 1305 rerum
1253 1261 1304 1322 per

220 1358 313 1419 genus
331 1349 360 1402 et
378 1341 561 1401 differentias
581 1342 783 1417 explieamm3
802 1357 911 1402 earum
931 1342 1092 1402 realitatem
1113 1359 1180 1402 vere
1201 1344 1304 1420 digno-

219 1441 341 1498 scimus.
362 1439 462 1498 &aas
484 1441 562 1496 enlm
589 1445 619 1496 et
645 1439 812 1498 differentis
840 1455 899 1498 non
922 1447 1008 1512 sunt,
1032 1447 1065 1501 ut
1090 1442 1222 1500 insinuat
1245 1442 1302 1501 Lo-

221 1537 330 1613 eirius,
350 1553 424 1611 opus
452 1536 607 1595 dumtaxat
628 1539 734 1595 mentis
759 1543 895 1614 nostrae,
920 1536 970 1595 sed
996 1538 1147 1613 idipsum,
1172 1538 1251 1613 quod
1271 1540 1303 1598 in

223 1633 311 1692 rebus
327 1639 386 1708 eet,
399 1639 631 1712 repraesentant,
646 1633 761 1692 adieeto
780 1633 879 1694 labore
898 1635 1015 1710 meniis,
1034 1637 1086 1710 qui
1106 1641 1204 1696 tamen
1224 1635 1304 1712 quod

99 1733 106 1740 '
221 1731 254 1788 ln
270 1728 385 1788 obiecto
398 1737 443 1789 est
463 1745 523 1789 non
542 1733 684 1806 pervertit
699 1747 753 1790 nee
766 1733 914 1791 immutet.
931 1732 980 1790 Sie
993 1734 1074 1791 notio
1088 1734 1227 1809 peueriee
1239 1735 1303 1792 ani·

221 1828 321 1902 maiis,
341 1843 417 1903 quae
434 1826 629 1886 substantiam
650 1828 769 1888 exhibet
790 1831 863 1904 vite,
884 1835 964 1890 motu
985 1831 1146 1890 intrinseeo
1163 1835 1194 1889 ei
1216 1845 1304 1891 sensu

220 1923 395 2000 praeditam,
416 1923 448 1982 ld
467 1923 568 1999 refert,
592 1925 671 2001 quod
694 1927 725 1983 in
747 1933 813 1984 ente
834 1941 869 1984 eo
891 1929 1009 1986 nomine
1030 1926 1181 2003 designato
1203 1943 1303 2004 reapse

220 2022 309 2080 lueet.
332 2019 414 2096 Opus
432 2027 529 2081 autem
553 2023 657 2080 mentis
675 2024 706 2080 in
734 2022 790 2081 hoe
808 2025 948 2100 cernitur,
970 2023 1050 2099 quod
1072 2025 1218 2084 obiectum
1237 2029 1303 2084 uoi-

220 2117 375 2178 versuliter
393 2125 605 2195 repraesentet,
624 2126 653 2179 et
673 2123 805 2196 praecisa
824 2121 922 2197 aitqua
940 2123 1116 2196 proprietate
1138 2120 1300 2198 essentiali,

220 2232 297 2294 quae
317 2218 454 2293 deinoeps
473 2218 511 2277 ad
533 2221 658 2300 speeiem
680 2219 901 2295 oonoipieadem
922 2222 1017 2279 instar
1037 2216 1227 2294 differentiae
1251 2220 1302 2280 ad·

219 2317 362 2391 iungitur.
382 2313 438 2375 Sed
456 2315 513 2375 irae
532 2332 593 2375 non
609 2317 734 2378 desum
751 2317 925 2376 elementum
940 2333 1008 2378 vere
1022 2316 1211 2391 obiectivum,
1223 2318 1303 2395 qnod

133 2398 137 2403 ’
220 2413 253 2471 in
273 2413 338 2472 ides
352 2414 406 2473 iiia
427 2416 605 2491 eontinetur,
625 2421 656 2473 et
675 2414 756 2490 quod
775 2430 843 2474 eum
863 2414 948 2475 rebus
967 2416 1038 2490 ipsis
1061 2431 1079 2473 a
1102 2422 1198 2475 mente
1220 2418 1301 2492 eogi-

165 2526 168 2532 ‘
221 2511 291 2568 tatis
310 2513 458 2569 eonvenit.
824 2540 827 2549 ·

270 2600 332 2665 'tu
354 2607 469 2668 Aeriter
486 2608 668 2684 disputatum
686 2614 734 2668 est
753 2592 902 2685 quondam
932 2627 950 2670 a
976 2608 1178 2686 philosophis,
1202 2609 1302 2670 difler-

221 2710 303 2764 retne
322 2720 382 2765 non
407 2706 504 2765 seium
522 2713 663 2783 eoneeptu
684 2706 736 2767 aed
752 2709 841 2767 etiam
862 2724 894 2767 re
914 2710 1070 2767 existentia
1092 2708 1129 2767 ab
1150 2708 1259 2767 eetuuli
1273 2714 1303 2769 et

220 2802 344 2879 physica
366 2818 462 2862 rerum
486 2805 635 2881 essentia,
658 2822 697 2865 an
723 2822 819 2865 mem.
844 2806 974 2867 Breviter
1004 2806 1152 2881 (qnoniam
1176 2822 1222 2865 res
1243 2821 1302 2864 non

206 2899 337 2958 'uidetur
356 2916 419 2959 esse
440 2903 529 2975 tanti,
546 2907 581 2960 ut
598 2917 652 2960 nos
669 2902 807 2977 detineat)
829 2904 954 2963 dicimus
972 2904 1235 2979 existentium,etsi
1257 2916 1300 2961 ra·

220 2999 300 3072 tione
322 3003 352 3056 et
373 3005 515 3074 eoneeptn
537 2998 576 3057 ab
597 3000 704 3059 uetuali
726 3002 768 3059 rei
788 3003 915 3059 essentia
934 3000 1174 3074 diserimiuetur3
1202 2998 1241 3058 ab
1263 3014 1300 3058 ea

174 3117 179 3137 ‚
221 3102 322 3154 tamen
341 3097 510 3172 nertiqnam
528 3113 559 3155 re
577 3096 708 3157 differe.
730 3098 863 3159 Esseniia
886 3100 964 3157 enim
984 3098 1132 3173 actualis,
1155 3113 1205 3158 seu
1226 3112 1302 3173 quae

92 3266 97 3281 Ι
226 3206 285 3249 non
300 3197 334 3251 ut
346 3192 492 3268 possibilis
505 3196 661 3272 muitetur,
677 3196 729 3255 sed
748 3202 780 3256 ut
798 3199 829 3256 in
851 3212 949 3257 rerum
962 3204 1068 3255 natura
1082 3174 1206 3271 physice
1218 3202 1302 3253 extra

225 3295 352 3349 mentem
373 3292 480 3366 posita,
496 3290 558 3363 ,irae
576 3294 640 3368 ipso
659 3295 787 3353 existens
805 3300 870 3370 est,
892 3296 963 3370 quiri
982 3309 1056 3369 opus
1075 3292 1183 3351 habeat
1201 3298 1301 3351 aetua-

164 3406 169 3413 ·
223 3385 306 3445 litote
325 3386 387 3446 ulla
404 3394 457 3447 aut
473 3387 588 3466 torma,
608 3406 626 3449 e
644 3408 678 3451 se
693 3394 814 3451 entitate
836 3391 986 3469 distinete,
1009 3399 1039 3450 et
1058 3406 1109 3466 per
1127 3405 1216 3465 wem
1242 3392 1302 3448 exi·
1398 3463 1409 3487 ο

224 3490 306 3543 stene
325 3486 531 3547 eonstituatur.
