2892 4425
237 367 292 419 tat
559 374 799 421 umrrnrsrcnu
821 376 982 422 sosarnus

233 490 310 559 tam,
323 482 495 557 quamdiu
487 499 581 559 ipsam
593 500 647 545 oen
661 485 884 547 fundamentum
906 488 1001 547 omnis
1017 486 1085 547 boni
1106 500 1141 545 ae
1160 484 1311 547 bmtitntis

152 636 156 644 ,
233 582 409 655 annitamur.

293 675 333 735 it
353 692 423 736 vero
443 677 519 737 mam
538 694 598 737 non
618 680 782 755 omungit,
803 694 870 739 eum
893 682 922 738 in
944 680 1071 739 meando
1091 679 1237 740 bonorum
1258 696 1310 757 ge-

233 790 302 833 nere
316 782 450 835 versatur
464 778 597 852 animus3
609 778 749 855 nimirum
764 793 831 836 eum
847 777 965 853 respiait
978 793 1029 851 ea,
1041 792 1133 853 quae,
1146 780 1218 854 quia
1231 777 1311 837 bona

233 878 318 947 sunt,
330 875 426 948 appeti
441 880 583 949 possunt3
594 873 645 931 seri
655 875 726 949 quia
738 876 901 933 necessaria
915 874 953 931 ad
968 872 1136 932 felicitatem
1149 882 1308 951 nunaunt,

232 973 381 1030 contemni
400 974 489 1030 wem
509 978 644 1047 mmnnt.
665 970 700 1029 In
717 970 764 1029 his
778 972 894 1029 animus
915 972 1088 1029 amessiute
1102 986 1161 1031 uon
1178 974 1307 1047 rapitur,

234 1067 285 1127 sed
304 1075 404 1127 manat
421 1070 469 1129 sui
488 1069 562 1127 iuris
576 1075 605 1127 et
619 1070 650 1125 in
666 1067 797 1126 dominio
816 1068 946 1143 quodam
967 1070 1078 1155 proprii
1098 1074 1197 1145 amus,
1213 1072 1255 1128 ita
1274 1076 1310 1128 ut

231 1180 269 1223 ex
283 1166 346 1240 ipso
358 1164 484 1239 pendeat
496 1166 683 1239 appetitionis
697 1164 913 1223 determinatio.
929 1165 1078 1225 Eiusmodi
1093 1173 1309 1243 potestas‚qua

231 1262 436 1322 inteiieetuaiis
456 1264 502 1322 vis
523 1261 677 1338 appewndi
697 1261 830 1337 praedita
849 1261 1050 1337 est,1ibertas
1071 1266 1257 1339 nominatur,
1272 1280 1309 1323 ae

232 1360 302 1419 soiis
315 1360 466 1436 spiritibus
478 1360 565 1418 inest.
587 1359 651 1418 liae
664 1361 795 1417 animum
810 1358 972 1418 humanum
988 1360 1093 1419 instrui
1107 1358 1171 1419 iuss
1191 1360 1310 1419 demon·

232 1458 352 1515 stratori
371 1472 490 1530 sumns3
511 1455 563 1515 sed
588 1462 658 1515 aute
682 1454 844 1531 quandam,
866 1471 942 1531 quae
962 1455 999 1515 ad
1022 1458 1115 1533 ipsam
1142 1459 1308 1533 pertinent,

231 1553 404 1629 explicanda
423 1560 493 1612 sunt
513 1552 654 1613 breuiter

292 1660 343 1710 85.
365 1652 399 1709 ln
420 1654 524 1727 primis
544 1651 616 1711 iilud
638 1651 824 1711 reooiendnru
844 1657 902 1711 est.
924 1652 954 1710 in
975 1668 1034 1728 qno
1054 1652 1168 1713 obieeto
1187 1652 1308 1715 tibertus

231 1755 374 1808 versetur.
396 1749 438 1808 tit
457 1750 535 1808 enim
557 1764 593 1807 ex
614 1751 748 1824 proxime
764 1749 849 1809 dietis
869 1756 1007 1826 apparet,
1023 1766 1116 1825 neque
1134 1750 1240 1827 tinem,
1255 1754 1307 1827 qui

233 1850 263 1906 in
285 1847 425 1909 ieiieitate
444 1848 589 1923 compieta
612 1850 687 1907 situs
711 1853 774 1923 eat,
797 1862 889 1923 neque
914 1849 1095 1908 conditiones
1117 1855 1169 1909 aut
1188 1848 1304 1925 menis,

231 1961 306 2020 quas
327 1946 490 2005 necessario
506 1960 574 2003 enm
588 1943 648 2002 nne
668 1960 745 2004 nexa
765 1952 849 2021 aunt,
865 1944 916 2004 sed
933 1960 969 2003 ea
981 1951 1096 2005 tantam
1116 1945 1196 2005 bona
1215 1948 1306 2022 respi-

231 2044 290 2119 eit,
311 2058 387 2119 qnae
408 2045 580 2102 nenessitate
603 2057 671 2101 oum
694 2043 754 2103 iine
777 2058 835 2100 nou
859 2041 1053 2119 mitigantur,
1074 2058 1110 2101 ao
1129 2042 1253 2119 proinde
1272 2051 1307 2105 ut

231 2139 308 2200 bona
327 2156 387 2200 non
408 2142 572 2200 nsooesnno
586 2139 748 2216 appetenda
764 2147 991 2217 cognoscuntur.
1014 2140 1125 2200 Deinde
1146 2157 1212 2202 oum
1232 2142 1306 2202 dioi-

230 2245 280 2299 tur
299 2242 416 2314 animus
436 2242 515 2300 eirea
536 2238 703 2299 huiusmodi
716 2237 802 2297 finita
822 2237 898 2298 bona
920 2238 1053 2298 iibertate
1074 2239 1149 2314 frui,
1164 2239 1194 2300 id
1213 2241 1251 2300 da
1271 2241 1306 2300 ii-

231 2337 343 2398 barinto
362 2337 578 2398 inniaoeutias
597 2335 790 2412 inteiiigitur,
811 2351 887 2411 quae
906 2335 1020 2396 definiri
1042 2343 1153 2413 potest:
1169 2335 1306 2414 facultas

231 2451 262 2494 ee
282 2425 500 2496 determinarent
521 2433 563 2494 ud
583 2436 750 2508 ortionem
770 2447 822 2492 seu
844 2435 910 2494 aiiis
935 2435 1049 2493 verbis:
1067 2432 1203 2510 facultas
1224 2451 1302 2512 mea,

228 2529 336 2611 porra
359 2531 495 2594 omnibus
514 2531 725 2607 uomendum
745 2533 913 2608 requisitis,
932 2535 1028 2610 possit
1047 2548 1139 2608 opens
1161 2536 1305 2594 animem

231 2631 334 2693 elisere
352 2631 402 2691 oei
419 2631 569 2704 enaiim,
588 2628 623 2690 iis
640 2629 719 2689 ione
739 2627 789 2688 oei
806 2631 839 2688 e'o
859 2631 1020 2707 oppositam
1033 2628 1186 2706 prosilire.
1208 2630 1306 2704 Quare

231 2729 350 2790 tiberias
369 2730 511 2791 eiusmodi
532 2745 591 2792 non
612 2729 676 2788 sois
695 2729 915 2805 spontaneitate
928 2729 1130 2802 constituitur,
1145 2727 1197 2786 sed
1216 2729 1304 2788 mam

230 2828 370 2901 operandi
389 2828 536 2903 domini03
551 2828 691 2887 nimirum
712 2840 772 2884 non
795 2825 883 2885 modo
901 2826 970 2885 talis
984 2841 1047 2885 esse
1064 2823 1149 2886 debet
1162 2829 1197 2884 ut
1209 2824 1248 2884 ab
1262 2827 1307 2885 in·

230 2929 315 2982 terno
333 2925 477 3000 principio
496 2929 580 2982 sotus
601 2926 730 2999 oriatur,
745 2922 795 2982 aad
816 2924 935 2998 insuper
950 2929 1032 2983 aetus
1051 2924 1144 2999 ipsius
1157 2925 1305 2984 emanatio

231 3019 262 3077 in
282 3022 396 3095 agentis
416 3025 558 3095 potestate
571 3021 611 3079 sit
629 3026 756 3095 oportet.
778 3019 893 3097 Tertio,
909 3035 975 3080 oum
994 3024 1125 3096 animus,
1140 3020 1197 3080 hae
1217 3019 1305 3080 iiber·

230 3122 290 3178 tate
303 3119 463 3177 instructus
476 3118 633 3191 asseritur,
650 3119 753 3192 positis
771 3117 906 3178 omnibus
925 3117 963 3178 ad
979 3117 1125 3195 agendum
1139 3119 1302 3194 requisitis3

231 3219 349 3276 nonnas
368 3213 473 3275 horum
495 3217 704 3291 requisiturum
716 3231 752 3276 ea
764 3219 865 3280 omnia
879 3215 1097 3292 intelliguntur,
1111 3231 1187 3291 quae
1206 3219 1303 3274 aetum

230 3312 391 3387 seeundum
407 3311 593 3389 praecedunt.
609 3311 693 3371 Tsiia
705 3320 776 3373 sunt
790 3314 1016 3389 repraesentatio
1030 3311 1150 3387 obiecti,
1163 3311 1303 3371 iudicium

230 3414 353 3488 mentis,
367 3417 398 3471 at
416 3417 559 3487 quotquot
579 3417 678 3470 aetum
694 3412 791 3486 ipsum
810 3409 935 3470 liborum
956 3415 1152 3468 antevortunt.
1175 3409 1303 3481 Quarto,

229 3513 306 3570 inter
325 3507 468 3568 unsmodi
487 3508 669 3568 conditiones
691 3507 860 3566 deliberatio
878 3509 943 3582 ipsa
963 3512 993 3566 et
1013 3506 1189 3565 consuitatio
1209 3521 1304 3564 raren-

229 3605 321 3666 senda
340 3613 394 3664 est.
417 3605 533 3666 Etenim
553 3605 610 3666 irae
631 3612 713 3664 aetus
736 3611 807 3664 sunt
830 3606 955 3682 mentis;
976 3610 1006 3664 et
1027 3605 1094 3663 itaet
1117 3619 1135 3662 a
1156 3603 1306 3662 voantur

228 3706 368 3783 imperari
388 3707 519 3780 possint,
537 3709 635 3763 umen
657 3719 708 3779 per
728 3717 761 3762 ss
782 3701 914 3762 iibertate
935 3703 1098 3778 privantur
1122 3701 1304 3776 Quapropter

229 3803 260 3862 iti
279 3802 359 3883 quod
379 3801 541 3862 iibertatem
565 3800 726 3861 iormaiiter
746 3801 916 3876 eonstituit,
930 3801 991 3858 in
983 3815 1046 3876 ipsa
1065 3799 1306 3859 determinatione

229 3903 406 3977 amentatis,
421 3899 510 3960 nuiiis
517 3877 666 3959 obstricta
684 3897 826 3974 vineatis,
841 3900 984 3958 nernitur·
977 3913 1053 3973 ‚per
1066 3912 1155 3972 qnam
1170 3897 1304 3970 animus,

229 4002 297 4074 quia
318 3998 396 4074 vuit,
412 3998 449 4057 ad
469 3998 641 4057 aiterutram
663 4011 695 4052 se
716 3999 828 4069 partem
843 3993 976 4054 inflectit.
1000 3992 1167 4066 Postremo,
1184 3990 1303 4050 tibertus
