2892 4425
455 402 534 447 PARS
554 401 673 445 mm
695 416 707 430 ·
729 400 947 447 mcuoioitii
1180 394 1236 447 m

163 514 237 572 bam
256 509 415 571 adimimus
434 509 622 570 oonsoeiandi
642 513 745 569 mutuo
759 524 806 569 res
819 508 951 571 diuersas
971 508 1091 570 ononis
1109 510 1237 587 unatim

163 608 249 670 nobis
268 610 387 686 ignoto:
408 608 460 668 aad
479 607 511 667 id
530 621 623 668 unum
643 604 847 683 affirmamus,
867 622 927 667 non
949 622 1034 683 posse
1053 606 1146 667 Dsurn
1169 624 1239 669 oon·

166 705 338 765 bullatoris
356 703 488 781 eliioere;
508 703 588 780 quoii
606 701 736 780 prolecto
754 704 954 780 eontingerot,
973 705 999 763 si
1018 706 1141 765 materia
1158 707 1238 785 eogi-

167 807 253 862 uret.
275 801 309 859 ii
324 806 422 861 autem
438 816 508 861 oum
525 802 565 861 sit
582 801 786 876 rmbsimum,
799 806 915 860 tuntum
929 814 948 859 a
960 802 1126 863 temeritate
1139 802 1237 879 abest,

166 903 202 958 ut
219 900 283 957 sina
301 896 428 958 stultttia
446 902 572 974 nequeat
590 895 756 957 (immuni.
778 894 920 957 Rationes
938 897 1029 974 igitur
1048 896 1156 975 quibus
1175 914 1239 959 rua·

166 994 257 1055 oeriae
273 996 662 1071 ongiuuonsmmagamus,
681 1009 743 1054 non
762 982 864 1055 nostra
882 994 1066 1071 ignoratione
1085 996 1238 1073 nituntur,

165 1090 218 1151 sei
236 1090 464 1153 euidentissimis
479 1094 602 1153 rabonis
615 1092 777 1169 principiis.
797 1090 852 1153 iiis
870 1093 950 1153 anim
969 1091 1109 1153 (laeenam
1122 1099 1239 1154 annua·

165 1186 292 1249 uanos
304 1204 344 1249 ne
354 1203 374 1248 a
385 1188 446 1249 iiao
459 1188 578 1267 quidem
590 1188 669 1251 sitici
688 1204 791 1266 possa,
804 1192 957 1251 matutam
971 1205 1042 1251 uero
1060 1192 1239 1270 saginatam

164 1284 357 1363 aoneaptibua
375 1292 478 1349 mutuo
497 1286 698 1366 pugnantibus
716 1288 870 1349 wainart.

578 1500 763 1562 nrrouaus
783 1500 823 1561 11.

292 1680 339 1743 ba
360 1680 455 1745 massi
475 1680 600 1745 sommi
621 1682 812 1762 simplicitate
832 1688 865 1746 et
883 1683 1107 1763 spirimoiiiota.

225 1878 276 1931 oi.
298 1870 428 1933 Dilbeiia
448 1872 531 1935 ‹liotu
553 1878 600 1935 ast
619 1880 765 1952 qnantum
786 1876 896 1937 metata
915 1876 1091 1937 instauratio
1111 1874 1240 1953 pbiloso-

164 1968 254 2046 pbias
273 1985 335 2030 rem
354 1968 433 2031 bana
451 1969 633 2049 obscurarit,
654 1974 774 2033 notione
792 1972 990 2051 simplicitatis
1009 1988 1076 2035 aum
1098 1978 1241 2051 enneaptu

163 2068 383 2143 spiritualitatis
402 2067 537 2131 oonlasa.
558 2069 736 2131 masmim
758 2070 865 2135 tondit
883 2075 917 2131 ut
936 2072 1053 2132 animus
1074 2068 1240 2147 humanus,

165 2164 206 2228 ab
217 2166 318 2227 anima
329 2165 501 2246 brutorum,
514 2182 591 2245 quaa
605 2167 731 2244 simplex
744 2166 876 2246 proiauio
890 2172 951 2246 est,
966 2182 1026 2228 non
1045 2167 1118 2229 sais
1137 2164 1241 2228 diseri·

163 2264 347 2340 minaretur;
356 2279 411 2324 oea
423 2267 487 2326 eius
499 2265 706 2328 immortalitas
719 2265 831 2328 adstrui
844 2271 955 2343 posset,
964 2267 1036 2342 quin
1050 2263 1139 2325 lanios
1152 2265 1242 2326 mam

164 2375 227 2421 non
245 2360 397 2422 desibonis
410 2365 560 2440 eaigmtia
575 2370 813 2442 consequeretur.
836 2363 921 2424 Unda
934 2369 1064 2424 reoantes
1075 2361 1242 2440 philosophi

166 2457 254 2517 raldo
277 2457 468 2521 laborantia
492 2460 689 2538 eaoogiiauda
710 2465 763 2522 ant
786 2459 887 2521 lutura
910 2459 1009 2538 aitqua
1029 2459 1241 2538 dannatione,

165 2569 243 2631 qima
258 2555 413 2618 animabus
426 2556 562 2619 belluinis
582 2564 650 2635 post
668 2556 890 2620 dissolutionem
908 2559 1039 2635 eorporis
1059 2557 1240 2634 assignetur,

167 2656 221 2712 aut
240 2655 354 2714 ratione
373 2654 473 2732 aitqua
486 2671 540 2716 our
554 2655 611 2719 bae
629 2657 804 2718 intaritnrae
822 2656 898 2734 sint,
913 2656 1029 2717 animae
1047 2668 1120 2716 asro
1140 2651 1243 2716 huma·

167 2763 225 2810 ¹¹⁸0
243 2765 439 2828 ”tibilim
945 2824 950 2832 ,

227 2843 293 2906 iias
311 2849 402 2909 trinae
421 2849 511 2910 uitari
524 2857 688 2930 meunt,
702 2853 760 2913 nisi
776 2867 858 2913 mern
877 2851 1051 2929 simplieitas
1071 2866 1090 2911 a
1108 2849 1244 2927 spiritua·

166 2941 250 3002 litate
275 2943 495 3025 usungnsmr3
521 2949 602 3026 quoii
625 2949 676 3010 irie
699 2965 755 3012 uos
781 2947 1035 3012 amatorium
1061 2945 1240 3012 curabimus.

167 3037 346 3116 Simplicitas
365 3045 483 3123 itaque,
504 3052 538 3108 ut
556 3061 644 3124 saepe
662 3047 811 3125 liumus,
824 3049 961 3125 partium
981 3047 1138 3109 lambant
1156 3061 1244 3124 anag·

168 3140 376 3200 mentatimem
395 3142 536 3205 excindit.
559 3145 656 3218 Quare
676 3145 751 3206 iilud
765 3147 890 3224 simplos
905 3162 1007 3208 revera
1026 3144 1151 3223 boma,
1164 3141 1245 3222 quani

166 3237 337 3298 munione
355 3255 476 3314 prorsus
495 3238 591 3318 earm,
605 3248 694 3320 atqum
707 3259 769 3304 una
785 3249 903 3304 untnin
923 3251 953 3306 et
971 3242 1143 3305 indivisibili
1162 3242 1245 3303 reali·

166 3335 228 3390 tute
239 3339 365 3394 aonstat.
376 3335 487 3397 Contra
499 3339 692 3414 spiritualitas
705 3343 736 3400 iu
749 3341 908 3402 intrinseca
919 3339 1142 3418 independentia
1152 3354 1172 3400 a
1184 3353 1246 3400 ma·

166 3428 241 3488 teria
260 3431 319 3490 sita
335 3437 397 3509 ast3
411 3439 557 3510 quatenus
569 3435 645 3498 ibai
656 3437 809 3513 spirituale
828 3437 961 3515 sileatur,
975 3437 1056 3516 quoi
1076 3453 1137 3498 nou
1157 3436 1246 3498 modo

165 3525 207 3584 sit
223 3526 368 3605 simplex,
381 3528 434 3589 soil
452 3532 573 3608 insopor
584 3532 775 3595 subsbtentia
788 3550 841 3612 par
854 3551 886 3596 sa
901 3541 1037 3614 ornatur,
1052 3551 1107 3596 nee
1121 3536 1246 3596 materia

166 3621 206 3681 aii
225 3624 410 3686 wiennam
430 3627 571 3706 indigeat.
593 3629 687 3692 Porro
705 3630 861 3693 brutorum
884 3635 1002 3694 animas
1025 3647 1085 3693 non
1108 3633 1247 3709 eompeiit

164 3719 225 3778 nisi
237 3725 353 3782 unium
372 3726 488 3802 prima;
503 3741 573 3788 nam
587 3732 770 3789 sensationes
789 3745 850 3790 non
863 3731 944 3791 aliud
962 3729 1089 3807 probant
1101 3731 1159 3790 nisi
1176 3733 1245 3791 sim·

47 3849 52 3858 -
164 3814 326 3888 plicitatem
346 3819 471 3882 aliauios
491 3824 627 3900 principii
645 3840 706 3901 quo
724 3825 889 3888 subiectum
908 3831 1035 3889 saubena
1055 3827 1243 3888 iniormetnr.

164 3911 207 3970 iit
226 3914 327 3974 animo
341 3909 474 3978 humano
491 3923 630 3998 eompatit
642 3929 767 4000 suaque
784 3923 855 4004 dos,
870 3927 1010 3986 nimirum
1030 3931 1095 3986 tum
1107 3923 1246 4000 simpiisi·

165 4014 232 4088 ω,
243 4015 309 4072 tum
321 4015 532 4096 spiritualitas,
542 4020 792 4096 quamadmodum
803 4039 874 4087 mox
888 4024 1115 4088 damnaturi
1128 4037 1241 4088 sumus.
