2892 4425
233 320 291 372 812
561 327 801 374 ΙΙΤᾸΡΠΒΙΕΔΙ
822 329 981 373 mcum

292 435 414 510 Quarto,
427 449 464 493 ex
483 441 624 512 conceptu
636 453 793 513 auprcmm
811 453 917 498 musae
935 439 967 498 id
987 453 1089 498 ruram
1106 439 1211 498 aiuoet.
1233 439 1342 526 Nam·

233 534 388 594 adrerum
410 533 630 594 universitatem
653 535 835 595 condendam
859 544 947 613 atque
973 537 1235 596 administrandam
1265 539 1322 596 rei

233 646 311 691 uuus
328 629 440 688 sufficit
462 630 562 708 Deus,
584 631 631 692 rei
651 632 785 708 piuribus
812 650 886 709 opus
907 641 963 694 est.
989 633 1021 692 si
1037 633 1146 693 dicitur
1164 638 1321 710 primum,

233 730 321 788 ceteri
340 731 550 804 supervacanei
562 736 650 790 eruut
667 737 698 789 et
711 731 839 790 inutiies.
856 731 936 790 Nibii
955 736 1053 790 autem
1072 737 1135 789 tam
1149 732 1319 791 absurdum

233 833 300 902 est,
326 843 414 902 quam
447 827 538 887 Deum
570 829 704 887 inutilem
732 830 925 888 comminisci.
951 827 1001 886 Sin
1032 827 1182 903 aiterum,
1209 843 1319 887 eorurrr

235 940 322 984 nemo
347 928 402 984 erit
427 927 636 1000 omnipotens,
655 941 724 986 cum
745 929 869 1001 quisque
896 926 1020 984 uiiorurn
1042 941 1131 1000 opera
1157 925 1318 1001 indigmt3

236 1037 272 1081 uc
291 1022 412 1098 proinde
431 1023 531 1081 aniius
550 1025 606 1080 erit
624 1021 723 1098 Deus;
741 1023 818 1082 Deus
837 1025 916 1080 cuim
937 1022 1099 1080 imbecilius
1118 1029 1149 1082 et
1167 1025 1319 1096 impotens

237 1136 296 1179 nou
315 1126 361 1179 eat
380 1119 469 1178 Deus.
492 1119 622 1196 Denique
640 1119 785 1180 accedunt
799 1118 856 1178 buc
869 1131 1028 1178 maronam
1048 1126 1076 1178 et
1090 1121 1252 1188 auctoritas
1266 1135 1317 1178 sa·

237 1219 368 1292 pientum
396 1219 478 1276 omui
507 1223 603 1276 aetatu
624 1218 860 1292 praestantium,
888 1231 1013 1291 quorum
1037 1218 1207 1276 testimonia
1233 1217 1317 1293 apud
1432 1253 1433 1262 κ

239 1315 391 1376 Petarinm
412 1315 471 1391 legi
498 1319 623 1390 possunt
641 1316 672 1372 in
694 1314 770 1389 ioco,
791 1327 877 1388 quam
898 1327 989 1388 supra
1009 1312 1205 1374 innodavimus.

559 1513 806 1572 amoremne:
824 1515 985 1586 mnata.

303 1709 371 1760 154.
394 1699 634 1761 Manichaeorum
656 1708 805 1780 systema,
830 1703 900 1778 qaia
924 1702 984 1762 duo
1006 1704 1166 1780 principia,
1189 1704 1316 1765 aiterum

239 1795 395 1874 bonorum,
416 1800 540 1860 aiterum
561 1801 705 1861 maiorum
726 1799 850 1876 inducit,
871 1798 980 1860 idcirco
996 1799 1161 1860 ducimur
1181 1806 1317 1872 nomiar-
1432 1827 1433 1852 i

119 1977 124 1982 ⁸
240 1899 335 1955 tur1.
359 1896 460 1973 Ipsum
481 1904 580 1957 autem
606 1897 717 1974 duplici
740 1899 924 1973 minum
953 1899 1065 1957 mtiona
1092 1901 1226 1958 reticius:
1254 1901 1317 1975 pri·
1432 1873 1433 1948 Ῐ

241 2009 335 2071 mom,
348 1996 428 2072 quod
444 1997 669 2072 repugnantiam
685 1993 741 2056 sibi
756 1995 905 2070 impiiect3
919 1994 1024 2054 wude
1036 1995 1115 2071 quod
1128 1999 1233 2072 origini
1254 2011 1317 2054 rna·

241 2091 336 2152 ieram
359 2094 550 2169 expiicandae
573 2093 827 2154 accommodatum
849 2093 970 2152 minine
987 2094 1046 2168 sit,
1075 2101 1162 2170 atque
1180 2094 1244 2153 ideo
1262 2109 1318 2152 nec
1432 2119 1433 2132 κ

241 2188 295 2249 iini
315 2197 537 2268 propterquam
553 2193 715 2251 assumitur
735 2191 887 2251 inserviat.

301 2287 399 2365 Atque
419 2289 457 2349 ad
476 2288 702 2366 primumquod
721 2290 845 2363 attinet,
864 2288 1039 2363 principium
1062 2304 1175 2347 summe
1202 2289 1314 2349 maium

242 2386 442 2463 pugnantibus
471 2388 547 2446 inter
575 2402 607 2445 se
630 2384 820 2461 conceptibus
849 2384 1010 2443 commeare
1039 2388 1223 2461 perspicuum
1257 2392 1312 2445 ert.

242 2482 364 2543 Nomai
386 2487 556 2560 proprietati
577 2484 732 2543 verborum
752 2482 889 2542 standum
911 2488 967 2557 est,
981 2483 1124 2547 eiusmodi
1142 2486 1316 2559 principium

244 2581 361 2641 intinita
376 2581 516 2642 bonitatis
534 2584 665 2643 carentia
678 2582 916 2640 constitueretur.
930 2578 1050 2637 iadnita
1075 2586 1173 2639 autem
1187 2582 1317 2639 carenda
1432 2606 1433 2613 κ

244 2677 388 2739 bonitatis
414 2681 576 2740 reaittatem
603 2693 721 2739 ornnem
743 2679 873 2752 respuit3
897 2690 982 2735 secus
1001 2675 1118 2737 iniiuita
1144 2692 1203 2735 non
1231 2684 1316 2736 maer.

245 2776 333 2849 Quod
353 2792 423 2837 vero
442 2793 558 2837 omnem
578 2776 741 2836 realitatem
765 2773 907 2847 excindit,
927 2772 999 2833 nihii
1022 2778 1083 2849 est3
1103 2775 1128 2832 si
1143 2776 1222 2832 enim
1243 2780 1319 2834 esset

247 2874 370 2949 aitquid,
386 2876 547 2935 realitatem
569 2875 745 2949 inmineret,
761 2878 848 2948 atque
861 2872 927 2931 ideo
938 2872 1053 2931 infinita
1069 2872 1208 2931 reaiitatis
1224 2874 1321 2932 uarui-

247 2977 308 3029 tate
327 2987 387 3029 non
405 2978 563 3030 constaret.

308 3067 430 3141 Quodsi
448 3068 622 3142 principium
641 3066 714 3127 iiiud
731 3084 789 3129 noa
808 3066 927 3143 perinde
940 3066 1054 3126 dicatur
1069 3084 1182 3127 summe
1197 3068 1320 3144 mulum,

19 3154 34 3183 ‘
138 3144 144 3153 ⁸
247 3168 333 3242 quasi
354 3168 393 3225 sit
414 3162 530 3224 intinita
549 3164 688 3225 bonitatis
708 3167 834 3241 privatio
857 3164 925 3241 (quo
953 3181 1040 3224 sensu
1063 3166 1151 3224 nimis
1173 3164 1322 3223 euidenter
1432 3186 1433 3201 ¹

249 3262 506 3323 contradictionem
531 3264 687 3341 invoivit),
712 3264 763 3323 sed
788 3264 898 3323 idcirco
921 3264 1081 3339 appeiietur
1106 3263 1158 3323 iiio
1181 3264 1319 3338 nomine,

309 3486 451 3537 tabaurda
471 3486 531 3537 iaaac
551 3487 693 3552 hypothesis
710 3486 794 3536 onum
815 3485 1016 3548 antiquissimum
1039 3484 1126 3543 habuit
1150 3472 1217 3547 apud
1232 3486 1321 3531 'omnm

249 3565 300 3616 iere
317 3567 420 3629 gentiles
440 3568 560 3628 nationes,
579 3567 671 3617 ciariua
690 3570 773 3617 autem
792 3566 870 3629 rigrrit
888 3564 953 3629 apud
971 3568 1071 3615 Persea
1094 3564 1215 3626 Deinceps
1233 3563 1320 3611 instau

250 3648 305 3697 raia
324 3646 396 3698 cai'a
416 3650 513 3698 Mancia
531 3648 667 3699 zoroastris
686 3646 843 3711 pbilosophis
864 3646 968 3695 imbuto.
993 3644 1102 3695 Tandem
1121 3657 1186 3693 noro
1206 3644 1320 3705 apparatu

251 3727 366 3779 roborata
379 3729 418 3780 est
432 3741 447 3777 a
463 3729 545 3792 itania,
564 3728 608 3791 qui
624 3729 693 3777 iiiam
706 3727 753 3777 etsi
770 3740 786 3777 a
801 3728 887 3791 priori
899 3724 1080 3775 consideratum
1098 3722 1230 3773 absurdam
1247 3720 1321 3770 rideri

252 3810 371 3872 tutentur,
394 3814 474 3861 tamen
496 3824 514 3860 u
531 3812 672 3874 posteriori
690 3808 825 3871 inspectam
842 3802 1019 3868 approbatione
1037 3804 1136 3867 dignam
1154 3816 1208 3853 osae
1227 3802 1319 3850 cunun-

252 3890 299 3940 dit.
321 3893 380 3941 Eius
398 3893 468 3955 origo
488 3875 619 3955 repetenda
636 3891 674 3939 esi
692 3902 706 3937 a
730 3887 817 3937 vitiata
838 3885 972 3938 traditione
991 3883 1112 3933 matonam
1131 3880 1279 3945 spirituum,
1298 3880 1320 3926 et

252 3972 345 4031 pcccati
357 3972 483 4034 originariis
495 3970 562 4035 quod
580 3968 731 4032 primitivam
745 3965 899 4017 harmoniam
915 3964 940 4013 in
955 3960 1041 4013 mundi
1056 3961 1143 4012 ordine
1162 3958 1317 4024 perturbavit.
