2892 4425
435 368 516 413 rias
535 368 650 412 mm
672 384 685 398 ·
708 330 924 414 ΗῩΕΕΜΟΕΙΔ
1159 363 1212 413 ²01

201 487 253 539 aa.
274 478 392 538 Proteia
411 483 583 554 argumenta
596 493 698 536 ornnes
715 477 833 554 quidem
848 478 1031 538 adversarios
1046 485 1161 556 urgent.
1178 477 1218 538 it

141 577 325 638 leibnitiana
343 573 450 635 iabeiia
466 589 503 634 ex
522 590 557 636 eo
573 575 661 634 etiam
678 574 824 652 dispiioet,
837 575 917 651 quod
930 576 1044 636 animas
1062 591 1218 653 eorpusou·

142 676 180 736 tie
198 673 385 752 quibusdum,
400 679 435 732 ut
446 679 544 748 voest,
561 672 750 733 seminalibus
763 675 890 750 primum
910 672 1023 751 aiiigst.
1038 673 1114 732 'ium
1128 675 1217 734 etiam

142 772 325 850 improbatur
343 771 542 832 oommentitio
559 770 610 828 iiio
633 772 759 830 transitu
787 774 951 830 animorum
977 785 1014 830 ex
1042 773 1130 830 unies
1151 785 1217 830 sen·

143 870 234 930 tiendi
261 871 293 928 si
312 867 351 929 ad
372 859 552 928 intentorum
576 872 606 926 et
633 867 841 952 voiuntatem,
854 866 1011 945 siquidem,
1033 867 1133 926 eadem
1155 883 1218 928 ma-

141 971 359 1042 nentenstura,
371 970 519 1042 nequeunt
531 963 686 1024 facultates
699 964 769 1025 inde
786 971 964 1042 emergentes
986 964 1048 1026 ulia
1073 980 1110 1025 ex
1134 971 1217 1040 parta

142 1062 258 1122 &trahi
278 1062 327 1122 uel
347 1059 482 1139 adiungi.

202 1159 463 1236 iietempsyehosis
475 1157 621 1236 denique,
635 1166 749 1235 praeter
763 1159 891 1220 absurda
905 1161 1037 1236 superius
1052 1161 1216 1235 rsoeositu,

142 1256 218 1316 haee
236 1259 325 1316 enam
343 1257 478 1316 incurrit.
493 1255 639 1332 Primum,
654 1255 733 1331 quod
753 1256 895 1316 stultitiae
908 1262 984 1316 esset
1001 1254 1216 1316 insimulandus

142 1360 265 1414 naturae
284 1359 397 1428 auotor,
410 1354 462 1429 qui
481 1369 591 1428 poenum
611 1352 729 1413 soeieris
749 1353 958 1412 emendatriom
979 1355 1085 1413 animis
1106 1354 1217 1430 irroga·

143 1458 201 1527 rot,
220 1454 292 1527 quin
312 1451 345 1508 iri
364 1450 456 1511 uitam
472 1450 595 1526 ssagiui,
616 1450 697 1526 quod
715 1450 795 1510 tuere
815 1449 937 1528 debent,
960 1453 1128 1511 memoriam
1150 1452 1216 1510 reti·

142 1554 255 1608 notent.
277 1547 398 1623 nonae,
420 1550 537 1607 unimus
550 1562 618 1606 oum
644 1547 682 1606 ad
697 1546 859 1607 belluinum
880 1563 986 1622 eorpus
998 1547 1216 1607 informandum

143 1644 267 1722 gratim
280 1645 401 1721 taceret,
422 1644 643 1720 intelligentiae,
666 1645 838 1721 volontatis,
854 1650 1074 1721 ceterarumque
1092 1643 1217 1704 monita·

142 1750 206 1806 tum
220 1743 259 1803 ad
279 1745 457 1819 superimem
475 1744 539 1802 eius
559 1749 673 1818 partem
697 1745 905 1817 spectantium,
927 1744 1069 1802 iaeturam
1091 1741 1216 1818 iacerem

142 1857 219 1919 puae
231 1847 329 1902 omen
343 1842 507 1900 neeessario
520 1856 557 1899 ex
570 1841 635 1915 ipso
648 1838 813 1898 dimanant.
829 1839 913 1913 Quod
928 1839 1086 1898 absurdum
1106 1841 1136 1899 in
1150 1845 1217 1898 ian·

142 1944 206 1999 tum
230 1941 318 1999 eiiam
337 1941 479 2015 augescit,
501 1938 582 2013 quod
601 1939 717 1996 animus
737 1939 849 1996 ratione
871 1936 1017 2013 praeditus
1038 1938 1154 1995 nonnisi
1179 1935 1217 1995 ad

142 2051 249 2112 eorpus
272 2036 450 2112 humanum,
472 2037 557 2095 ouius
576 2036 748 2113 temperatio
767 2033 821 2093 sibi
843 2036 881 2093 sit
901 2039 1117 2110 consentanea,
1142 2033 1217 2094 reia·

142 2135 251 2198 tionem
265 2132 373 2194 habere
391 2139 497 2209 potest.
1264 2191 1266 2202 ,

204 2240 253 2292 ts.
276 2231 323 2293 ia
342 2240 513 2310 argumenta
535 2248 606 2292 vero
632 2232 866 2291 adversariorum
899 2230 978 2305 qood
1008 2230 1136 2305 attinet,
1160 2230 1216 2305 ipsi

142 2330 203 2391 duo
214 2330 365 2390 obiiciunt.
381 2330 526 2405 Primum,
540 2332 610 2405 quia
627 2344 712 2389 seoua
734 2328 873 2403 explicari
889 2342 946 2384 oon
961 2332 1058 2400 posset
1071 2326 1218 2402 quomodo

142 2430 242 2486 anima
261 2430 374 2502 eorpori
394 2430 495 2487 innota
514 2433 559 2487 tot
578 2428 665 2485 maiis
680 2432 710 2485 et
726 2426 874 2484 aemmnis
896 2422 1078 2483 subiioistur.
1092 2422 1216 2498 Deinde,

142 2527 214 2600 quia
232 2525 290 2583 nisi
304 2527 419 2584 animae
438 2529 507 2583 ante
519 2525 680 2598 extiterint,
694 2522 868 2599 eogitantius
883 2527 960 2580 esset
973 2520 1051 2581 Deus
1065 2526 1216 2595 tamquam

142 2622 268 2698 singuiis
287 2620 520 2698 generationibus
539 2620 671 2696 adstans,
687 2619 852 2681 administri
874 2620 1016 2677 instaret
1036 2616 1150 2692 imnuii,
1171 2622 1216 2691 ut,

141 2725 294 2794 eompooto
312 2734 450 2793 empore,
465 2724 544 2778 oreet
563 2720 704 2777 animam.

202 2814 311 2875 Verum
335 2815 408 2875 haee
432 2816 548 2875 taoiiem
574 2815 747 2875 solutionem
776 2813 895 2874 habent.
928 2814 1003 2875 Nam
1029 2814 1065 2874 ad
1090 2816 1218 2891 primum
1272 2878 1276 2885 ,

142 2911 224 2987 quod
242 2918 355 2987 spectat
373 2928 432 2971 non
455 2915 525 2989 quis
550 2913 661 2989 aliquid
682 2913 829 2989 expiiosre
855 2916 1021 2988 nescimus,
1041 2913 1150 2973 ideireo
1171 2916 1218 2973 ius

141 3008 284 3070 iubemus
301 3009 489 3087 mningtenui
506 3010 544 3070 ad
566 3010 710 3071 absurdas
735 3010 921 3088 hypotheses.
950 3010 1121 3071 Praesertim
1147 3026 1218 3069 uero

139 3103 173 3163 iti
191 3120 252 3164 uon
272 3105 352 3183 tinet,
364 3122 432 3166 oum
452 3121 490 3167 ex
502 3107 604 3167 divina
617 3108 795 3167 rereinmne
810 3110 938 3168 sciamus
953 3124 1052 3169 seram
1074 3110 1218 3185 originem

141 3217 362 3280 aerumnarum,
377 3204 484 3280 quibus
502 3207 534 3263 in
551 3208 696 3281 praesenti
711 3220 803 3282 genua
820 3206 983 3265 humanum
997 3206 1148 3283 affligitur.
1163 3204 1218 3265 Do-

97 3376 101 3382 ¹
141 3314 243 3358 mmor
263 3301 341 3359 enim
364 3301 402 3361 ab
423 3302 506 3379 ipsa,
530 3318 649 3363 oausam
672 3302 819 3362 eiusmodi
843 3303 960 3379 eulpam
984 3303 1074 3363 inisse
1094 3305 1217 3380 primiti-

141 3410 212 3454 vam
226 3402 460 3474 aprntoparente
472 3403 671 3475 commissam,
682 3399 721 3459 ub
734 3415 822 3475 quam
838 3402 996 3477 originaria
1009 3400 1136 3460 hominis
1150 3416 1218 3461 oon·

140 3490 216 3551 ditio
232 3500 346 3555 munta
363 3502 418 3555 est.
438 3496 528 3557 Cuius
546 3498 732 3559 revelationis
753 3499 877 3574 vestigia
895 3497 1037 3573 quaedam
1058 3499 1219 3559 clarissima

139 3592 173 3648 in
192 3592 325 3651 omnium
345 3593 519 3669 populorum
531 3594 690 3654 monitione
707 3600 874 3655 servantur.
890 3594 1036 3671 Ceterum,
1049 3594 1157 3655 iaisum
1175 3602 1220 3655 est

139 3688 273 3747 animum
297 3704 335 3749 ex
362 3690 511 3750 iunetione
534 3707 602 3751 oum
624 3707 747 3769 eorpore
766 3706 921 3753 aerumnas
944 3698 1059 3752 motum
1087 3700 1116 3753 et
1142 3694 1221 3753 maia

139 3798 255 3860 erpere.
282 3786 444 3864 Inprimis
464 3790 544 3849 enim
574 3789 783 3866 perfectionem
808 3790 935 3865 utiquam
962 3789 1067 3850 exinde
1093 3782 1219 3866 aooipit,

140 3882 219 3957 quod
243 3899 374 3947 seorsum
400 3886 581 3964 compietam‘
595 3887 790 3949 substantiam
811 3889 843 3946 in
866 3890 976 3949 ratione
997 3887 1139 3963 suppositi
1161 3901 1218 3945 non
