2892 4425
225 376 255 417 Vl
675 371 855 415 Pliffl'fflll'

277 512 395 590 Haec,
417 511 461 582 ad
481 510 741 605 philosophiam
762 500 858 603 duod
883 510 1029 587 attinet,
1054 506 1169 580 bonae
1188 531 1301 581 sanae·

222 658 292 729 que
322 635 546 707 institutionis
575 636 810 707 necessitatem
834 631 1035 705 ostendunt.
1065 634 1194 703 Verum
1215 636 1300 703 eius·

189 774 191 778 ’
222 757 319 829 modi
346 780 498 854 resque
514 760 625 853 magis
648 758 805 839 interest,
833 779 878 828 eo
902 754 1094 828 maioribus
1117 753 1299 827 difficulta-

190 977 194 985 .
223 881 318 955 tibus
338 882 502 955 afficitur.
531 886 619 955 Nam
646 879 854 953 incredibile
871 892 923 989 ept
940 893 1160 977 quantopere
1182 880 1300 953 omnia

224 1007 484 1104 propemodum
497 1030 661 1087 errorum
676 1030 804 1101 genera
820 1006 911 1079 banc
925 1005 1179 1077 nobilissimam
1195 1006 1301 1077 scien·

223 1132 307 1202 tiam
329 1130 593 1227 aggrediantur;
621 1132 724 1225 eique
749 1141 821 1202 non
840 1129 956 1203 solnm
978 1132 1014 1200 vi
1036 1143 1073 1201 et
1097 1142 1217 1224 aperta
1239 1151 1299 1224 op

222 1258 446 1350 pugnatione,
467 1256 527 1328 sed
545 1257 649 1329 etiam
669 1253 794 1326 fraude
811 1267 846 1325 et
863 1254 977 1331 fucata
998 1255 1167 1325 amicitiae
1184 1254 1300 1348 specie

223 1380 402 1453 interitum
429 1390 566 1476 parent.
595 1382 684 1451 Vere
707 1379 777 1451 dici
803 1390 918 1473 potest
943 1377 1083 1451 nullum
1111 1400 1186 1449 esse
1213 1375 1299 1448 deli·

224 1504 315 1574 rium
334 1516 393 1575 aut
409 1502 537 1583 scelus,
566 1516 684 1575 nostra
704 1506 906 1597 praesertim
923 1513 1047 1584 aetate,
1062 1502 1161 1595 qnod
1185 1501 1302 1596 pbilo-

224 1625 367 1721 sophiae
392 1628 534 1699 nomine
560 1649 632 1698 non
659 1626 841 1707 abutatur,
869 1626 1038 1721 quodque
1059 1624 1201 1697 insidias
1227 1646 1300 1697 non

223 1748 412 1823 meditetur
431 1751 597 1825 adversus
612 1751 784 1847 quidquid
804 1773 926 1822 verum
945 1762 1048 1821 estet
1067 1762 1241 1825 sanctum.
1260 1751 1301 1821 ln

223 1898 301 1947 eam
323 1899 406 1948 sane
427 1876 613 1949 incidimus
633 1876 832 1972 temperem
852 1876 1101 1958 calamitatem,
1128 1888 1168 1947 ut
1197 1898 1302 1947 nemo

223 1998 385 2094 feretum
409 2000 552 2094 lynceus
572 2002 618 2073 sit
635 2014 672 2072 et
691 2001 859 2095 pmdens.
878 2003 940 2096 qui
965 2000 1050 2071 nibil
1073 2003 1109 2069 iu
1128 2000 1194 2071 hac
1211 2000 1302 2071 sale·

224 2120 329 2196 brosa
346 2126 403 2197 via
421 2124 591 2207 offendat,
614 2138 673 2197 aut
691 2148 864 2221 nusquam
883 2126 1050 2197 incurrat.
1066 2123 1213 2195 Videant
1235 2124 1302 2219 igi·

224 2261 297 2329 tur,
321 2251 382 2343 qui
405 2273 524 2323 cereos
541 2250 816 2324 adolescentium
842 2253 977 2323 animos
999 2251 1067 2323 bac
1084 2245 1303 2346 praestantis

224 2374 311 2445 sima
327 2375 481 2457 scientia,
502 2375 563 2447 sed
579 2376 683 2449 simul
704 2377 942 2472 periculorum
957 2375 1075 2471 plena,
1093 2371 1304 2446 imbuendos

225 2501 435 2594 suscipiunt:
458 2500 623 2584 videant,
647 2504 815 2595 inquam,
837 2513 992 2595 quantus
1014 2500 1196 2571 doetrinae
1213 2498 1305 2570 dele

226 2634 302 2694 ctus
318 2622 501 2696 habendus
518 2625 580 2706 sit,
602 2647 646 2695 ne
671 2648 737 2718 pro
754 2625 897 2696 salutari
916 2622 1049 2718 pabulo
1069 2643 1201 2692 venena
1220 2643 1304 2713 pro·

227 2749 408 2841 pioentur,
431 2745 560 2840 quibus
584 2746 749 2840 deinceps
773 2745 990 2840 expellendis
1021 2747 1138 2817 nescio
1163 2767 1211 2814 an
1231 2743 1304 2816 ulla

227 2869 457 2942 medicamina
483 2883 680 2966 suppetent.
1296 2941 1300 2947 ,

284 2993 376 3065 illud
397 2996 617 3089 potissimum
634 2994 830 3067 curandum
850 3007 915 3076 est,
936 3009 973 3067 ut
995 2997 1087 3066 inter
1102 2994 1252 3088 Scyllam
1270 3007 1307 3066 et

227 3117 439 3212 Charybdim
459 3119 613 3192 medium
634 3119 892 3201 teneatnriter,
913 3121 1079 3191 nimirum
1096 3129 1134 3190 ut
1153 3119 1228 3212 duo
1244 3118 1305 3190 illa

228 3255 382 3316 extrema
405 3242 661 3315 Rationalismi
685 3257 719 3315 et
748 3243 1070 3322 Traditionnlismi‚
1092 3266 1202 3340 aeque
1224 3243 1308 3316 infe

228 3381 279 3439 sta
299 3371 420 3448 menti,
440 3382 647 3448 caveantur;
662 3393 817 3463 quornm
835 3370 924 3441 alter
941 3370 1086 3441 rationis
1104 3369 1223 3445 lumen
1243 3391 1307 3464 per

115 3587 117 3592 ,
228 3515 266 3564 se
292 3495 409 3564 omnia
441 3517 570 3589 posse,
599 3493 686 3565 alter
712 3495 798 3565 nibil
823 3517 926 3589 posse
954 3493 1162 3564 deblaterat.
1192 3493 1309 3563 Ambo

228 3617 314 3688 haec
331 3615 482 3690 absurda
507 3617 689 3714 capitalem
704 3617 822 3690 labem
846 3621 973 3692 rationi
990 3617 1154 3698 afferunt,
1170 3631 1206 3688 et
1221 3619 1308 3688 inin·

230 3742 318 3812 riam
335 3739 494 3814 benefico
511 3767 628 3833 rerum
648 3746 808 3815 omnium
820 3747 964 3816 Auctori
984 3747 1153 3838 irrogant.
1170 3743 1307 3812 Primus

226 3867 321 3936 enim
346 3867 498 3962 bominis
525 3869 615 3938 vires
636 3882 835 3963 exaggerat,
855 3870 1029 3944 secundus
1045 3870 1091 3940 de
1109 3869 1221 3962 gradu
1243 3867 1307 3936 de-

227 3989 311 4060 iicil.
342 3990 404 4062 llle
434 3993 559 4072 ileum,
588 3970 1045 4071 scientiarum‘dominum,
1075 4004 1231 4064 amente
1251 4014 1309 4062 re·
