2892 4425
229 377 266 425 84
615 453 619 460 ‚
697 381 831 428 boulena

229 492 347 551 fenore?
367 490 406 552 Ut
429 511 510 552 mens
534 500 717 568 praemature
740 495 871 554 adhiblta
891 502 919 554 et
940 499 1055 572 aggerie
1073 496 1203 556 idearum
1226 499 1301 556 alim

230 594 309 649 vires
329 607 487 670 oppressa,
513 591 615 651 ieviter
632 599 684 653 aut
703 609 741 651 ue
762 592 863 651 leviter
884 581 1003 670 quidem
1022 594 1182 654 erudiatur.

175 695 185 703 “
287 689 386 749 Tertia
398 693 579 766 ignorantiae
592 707 683 750 cansa
695 707 732 750 ex
746 691 903 750 immodico
915 692 1127 752 abstractarum
1142 693 1304 753 subtilium·

227 804 285 864 que
297 791 497 866 cognitionum
516 795 684 865 contemptu
701 793 850 866 repetitur.
868 790 941 849 Fato
956 793 1034 849 enim
1049 795 1145 850 nescio
1159 809 1217 868 quo
1231 793 1304 852 baec

150 955 153 960 A
228 889 373 946 sentemla
389 887 548 950 multorum
564 891 677 946 animos
694 892 834 963 occupat:
856 888 997 966 quidquid
1016 905 1104 965 supra
1121 905 1238 950 sensnm
1256 907 1304 949 ex·

187 998 190 1007 '
229 985 356 1062 tollitur,
380 986 523 1063 quidquid
545 988 725 1062 experientia
745 985 896 1045 oculorum
921 987 967 1045 vel
990 995 1085 1047 tactus
1107 995 1230 1046 nonest
1252 1006 1303 1046 ex·

231 1084 392 1161 ploratum,
411 1085 553 1161 quidquid
572 1087 792 1144 ratiocinatione
808 1087 925 1158 nititur,
947 1085 1090 1162 quidquid
1108 1087 1304 1146 universalem

229 1185 425 1260 cognitionem
438 1183 567 1258 exhibet,
583 1182 723 1259 quidquid
739 1185 770 1240 in
787 1199 901 1242 summa
916 1183 1007 1242 altum
1022 1185 1114 1259 sapit;
1129 1185 1244 1243 nonnisi
1258 1184 1305 1244 dc-

230 1283 433 1356 iirarnentum,
453 1282 651 1354 chimaeram,
671 1284 789 1340 inanem
810 1279 999 1339 subtilitatem
1018 1297 1091 1340 esse.
1113 1281 1177 1355 Quo
1199 1283 1305 1340 vitioso

230 1395 310 1437 more
329 1379 457 1438 efficitur
475 1386 508 1439 ut
529 1394 611 1436 mens
630 1383 760 1453 torpeat,
780 1393 814 1436 ac
837 1376 1028 1436 nobilioribus
1051 1379 1188 1454 neglectis
1211 1381 1303 1438 notio-

230 1475 335 1553 nibus,
357 1479 539 1553 ignorantiae
553 1476 680 1534 tenebris
699 1481 841 1535 teneatur.
862 1475 1030 1534 mvennum
1046 1477 1164 1552 quidem
1186 1484 1248 1554 est,
1269 1495 1306 1536 nc

230 1575 436 1650 speculationis
449 1574 585 1634 illecebra
598 1580 681 1634 mens
698 1575 811 1634 irretita
825 1576 913 1634 nimis
927 1591 1065 1652 magnum
1084 1575 1213 1635 studium
1233 1577 1306 1636 mui-

230 1679 348 1748 tamqne
365 1689 485 1752 operam
506 1672 639 1731 conferat
655 1673 687 1730 in
708 1689 754 1732 res
771 1671 910 1732 obscuras
928 1689 963 1732 ac
983 1673 1116 1733 difficiles
1133 1675 1307 1751 easdemque

231 1787 290 1829 non
315 1773 504 1830 necessarias.
530 1771 570 1830 At
591 1771 753 1831 curandum
778 1773 970 1854 paritertcst,
993 1787 1032 1831 ne
1050 1787 1086 1830 ea
1107 1774 1302 1848 omittantur,

230 1871 294 1928 sine
310 1869 417 1946 qulbus
433 1871 589 1946 pleraeque
608 1870 780 1947 disciplinae
794 1886 854 1929 non
870 1873 1020 1930 solentiam
1036 1871 1088 1930 sed
1104 1871 1248 1930 factorum
1263 1871 1306 1930 ln·

230 1968 375 2046 digestam
393 1969 545 2028 historiam
564 1969 784 2045 praeseferrent.

289 2068 402 2142 marte
418 2083 507 2127 causa
524 2084 562 2127 ex
584 2069 682 2144 inepta
703 2067 868 2126 stadiorum
887 2067 1026 2126 electione
1048 2067 1198 2143 dimanat,
1220 2083 1308 2142 saepe

230 2169 308 2225 enlm
332 2165 367 2227 ut
388 2172 422 2227 ut
442 2166 524 2225 nullo
544 2169 730 2226 scientiarum
759 2165 890 2241 delectu,
919 2167 990 2243 quin
1014 2171 1160 2242 spectetur
1180 2181 1239 2243 quo
1261 2167 1306 2224 in·

121 2301 124 2307 ·
230 2267 349 2341 genium
371 2265 466 2341 ferat,
488 2265 526 2324 ad
545 2277 580 2324 ea
595 2264 691 2325 stadia
711 2264 908 2323 adolescentes
930 2264 1149 2341 propellantur,
1173 2264 1306 2340 adquae

230 2378 289 2422 aon
307 2370 431 2441 natura,
448 2368 508 2422 non
527 2364 700 2441 consilium,
717 2362 769 2423 sed
787 2380 895 2440 casus,
915 2366 1080 2441 temeritas,
1102 2363 1193 2423 iibido
1212 2362 1304 2422 ducit.

231 2461 308 2522 iiiuc
321 2478 378 2523 risu
389 2465 488 2523 evenit
500 2468 534 2522 ut
548 2469 578 2524 et
595 2466 625 2521 in
641 2464 688 2523 his
705 2479 823 2539 operam
838 2462 993 2539 oleumque
1006 2463 1146 2541 perdent,
1161 2470 1191 2521 et
1204 2464 1306 2521 ceteris

230 2559 392 2636 disciplinis
412 2578 470 2620 non
498 2560 693 2638 imbuantur,
721 2562 855 2638 adquae
879 2562 1015 2621 idoneam
1041 2564 1189 2639 ingenium
1210 2562 1306 2620 sortiti

231 2664 312 2718 sunt.
333 2658 498 2735 Antequam
522 2662 612 2735 igitur
632 2661 698 2735 quis
714 2659 784 2717 hulc
807 2660 1010 2734 potiusquam
1032 2659 1118 2717 alteri
1137 2658 1308 2734 disciplinae

231 2759 347 2832 penitus
362 2756 540 2815 hauriendae
557 2772 588 2815 se
601 2756 706 2831 dedat,
728 2755 891 2813 consideret
906 2770 1014 2831 quaeso
1031 2754 1102 2830 quid
1120 2754 1238 2813 valeant
1255 2756 1308 2815 hu·

232 2856 325 2927 meri,
348 2854 420 2929 quid
437 2853 515 2912 ferre
532 2858 689 2928 recusent,
709 2866 764 2911 nec
783 2868 884 2910 omnes
902 2868 987 2927 posse
1004 2854 1115 2909 omnia.

292 2960 342 3009 lo.
362 2946 416 3011 Ad'
427 2966 553 3011 errorem
576 2966 646 3009 vero
665 2949 742 3026 quod
765 2950 888 3025 attinet,
916 2949 965 3009 hic
983 2964 1042 3007 non
1060 2955 1106 3009 cst
1123 2948 1202 3009 aliud
1217 2966 1306 3025 quam

232 3064 367 3108 assensus
384 3048 475 3108 falsae
490 3049 681 3123 propositioni
697 3046 861 3124 adhibitus,
881 3049 928 3108 vei
946 3041 1095 3109 dissensus
1110 3064 1213 3125 verae,
1233 3064 1309 3125 quse

232 3144 368 3222 pestifem
385 3146 585 3223 cognitionum
605 3146 667 3204 lues
687 3148 768 3204 vario
788 3162 825 3205 ex
845 3145 925 3206 fonte
941 3147 1073 3206 dimanet
1088 3150 1109 3205 ¹.

296 3330 306 3371 ι
322 3324 434 3372 Bacoam
450 3320 562 3372 notiones
579 3322 654 3373 falsas
670 3320 745 3373 idolo
758 3323 879 3385 nominat,
890 3336 1024 3388 earumque
1042 3326 1149 3387 quatuor
1169 3338 1258 3390 genera
1276 3340 1310 3377 rc·

233 3404 329 3452 censet:
348 3401 422 3452 idola
440 3401 536 3465 iribrts,
552 3402 626 3453 idcio
639 3416 741 3468 specus
757 3402 831 3454 idcio
841 3403 909 3467 sori,
926 3404 1000 3455 idola
1016 3405 1124 3457 iitcciri.
1142 3406 1212 3457 idola
1228 3407 1309 3459 tribus

233 3480 335 3530 fundate
352 3494 404 3531 csse
424 3480 460 3531 ait
479 3481 505 3530 in
522 3483 575 3547 ipsa
594 3482 724 3533 homiuum
744 3486 849 3547 natura,
870 3499 913 3536 seu
935 3486 1038 3549 aralius,
1056 3500 1086 3536 ex
1107 3500 1136 3537 ea
1155 3489 1309 3539 occasionem

166 3618 169 3623 .
233 3574 339 3625 sumere,
357 3565 432 3626 atque
449 3563 538 3613 boram
553 3566 646 3627 septem
664 3564 745 3615 foutoe
766 3566 881 3629 assignat.
903 3568 1001 3618 Primus
1020 3570 1059 3618 est
1076 3568 1203 3620 inclinatio
1221 3569 1310 3619 mertis

233 3641 402 3704 cdssmaiorcm
412 3642 530 3704 ¹ordinem
548 3646 573 3693 cf
590 3644 764 3708 caecitatem
775 3644 922 3696 credendam
937 3648 963 3697 in
980 3648 1062 3711 rebus,
1079 3662 1153 3712 ᾳιιιιιιι
1170 3662 1254 3712 reapse
1266 3649 1308 3699 sit.

234 3724 266 3772 li.
281 3722 363 3773 Animi
375 3722 498 3773 evanue
515 3724 547 3774 ah
562 3724 603 3787 lis,
620 3738 685 3789 quse
695 3726 771 3777 mmai
789 3726 902 3778 admissis
919 3728 1099 3780 contradicunt.
1117 3732 1161 3782 iil.
1178 3726 1249 3786 Quod
1267 3726 1308 3790 iis,

234 3803 398 3879 quae'snbito
416 3804 443 3855 et
459 3804 531 3855 facilc
548 3808 655 3856 mentem
679 3805 785 3867 feriunt,
811 3807 886 3857 homo
904 3809 1011 3859 maxime
1031 3811 1159 3861 moveatur
1179 3809 1309 3870 ceteraque

234 3884 285 3935 iliis
301 3897 355 3936 esse
375 3885 467 3936 similia
483 3886 604 3949 opinetur.
624 3890 666 3937 lv.
685 3886 757 3945 Quod
781 3901 849 3938 mena
866 3902 962 3953 semper
980 3891 1085 3941 ulterius
1101 3888 1196 3952 gliscat,
1216 3900 1261 3937 aco
1277 3888 1309 3938 fa·

234 3964 282 4015 olle
297 3966 463 4031 conquiescat.
481 3970 514 4017 V.
533 3966 672 4018 affectuum
689 3968 737 4031 vis,
748 3981 813 4031 quae
830 3968 861 4019 ed
880 3968 916 4031 id,
935 3970 1003 4032 quod
1018 3971 1140 4028 volamus,
1152 3968 1309 4019 vehementer
1430 3980 1433 3983 ·

235 4045 345 4098 inclinat.
362 4050 405 4100 vl.
421 4051 542 4098 &nanum
561 4048 703 4107 illecebram
717 4049 783 4100 unde
798 4049 826 4099 iit
845 4054 872 4099 nt
891 4062 930 4109 ea,
948 4062 1012 4112 quae
1029 4052 1053 4099 ia
1070 4060 1156 4103 sensus
1171 4048 1309 4113 incurrunt,
