2892 4425
251 363 309 416 m
581 371 823 418 arunumrcrn
843 355 1011 418 eraclius*

249 479 391 540 dneetam
410 477 628 555 mutaturum,
642 481 696 556 qui
714 485 794 540 carte
813 479 916 542 linitur
934 484 992 557 αῖς
1007 483 1071 540 tum
1090 494 1131 546 aa
1149 487 1232 558 parte
1252 483 1339 546 olric-

249 577 289 635 eti
302 575 456 636 intuitione
468 576 683 653 comprehensi,
698 577 779 653 quoi
791 578 822 636 in
835 579 980 638 mucore
992 579 1133 654 auctoris,
1144 579 1339 654 simplicitate

249 673 349 749 vocal,
368 679 401 732 et
418 689 478 734 non
498 673 587 734 morio
606 675 680 734 iinte
696 676 839 750 increato,
859 675 910 735 reti
931 677 1037 734 meato
1049 677 1141 736 etiam
1155 675 1243 736 rebus
1264 687 1338 738 eon·

249 775 321 830 atat.
347 770 460 831 Deinde
478 772 562 832 nulia
579 780 702 848 apparet
721 775 798 832 ratio
822 787 876 832 cur
895 772 1041 832 obiectum
1062 771 1229 832 retiariome
1249 783 1337 836 outo·

249 866 362 944 logicae
379 884 443 930 care
461 868 569 930 debeam
588 871 700 946 aliquid
719 873 909 930 terminatum
930 877 961 930 ct
980 869 1109 947 linitum,
1129 887 1199 932 cum
1220 875 1335 948 opume

249 979 313 1024 aare
330 968 425 1042 poerit
443 969 541 1043 ipsum
559 967 706 1028 coiectum
727 967 888 1043 inlinitum,
905 967 995 1044 quod,
1010 969 1095 1026 iuxta
1114 975 1247 1046 ayetmnu
1261 970 1332 1044 lice,

249 1065 282 1124 ln
300 1068 422 1141 praevia
439 1061 596 1126 intuitione
614 1065 726 1126 directa
746 1067 956 1126 contineretur.
972 1066 1068 1126 immo
1087 1081 1158 1126 vern
1178 1067 1210 1126 id
1229 1084 1332 1128 necm-
1435 1131 1436 1138 χ

247 1163 356 1222 mnam
377 1163 464 1238 piuue
483 1171 580 1238 ωας
601 1163 745 1240 siquidem
766 1179 816 1238 per
837 1161 1048 1239 reflexionem,
1066 1170 1224 1224 ninneton
1243 1181 1333 1242 saepe

251 1264 365 1337 repetit,
379 1262 511 1321 idemne
530 1261 621 1338 relegi
632 1260 718 1320 debet
732 1265 762 1320 et
775 1259 927 1336 explicari,
948 1260 1027 1336 quod
1041 1267 1110 1322 ante
1128 1264 1160 1319 in
1174 1263 1334 1324 inanitione

249 1361 356 1420 lucrm.
382 1358 456 1420 Cum
477 1362 568 1437 igitur
591 1362 623 1418 in
642 1375 677 1420 ea
696 1361 768 1420 iuuit
793 1359 852 1418 Eue
872 1361 1077 1434 immetatum,
1104 1375 1209 1438 nempe
1226 1359 1332 1436 Deum

250 1455 395 1517 obiectum
408 1457 550 1517 muemotli
571 1473 623 1532 per
635 1471 668 1516 se
686 1456 726 1516 ab
742 1459 849 1516 iutuitu
865 1455 1030 1516 reflexiouia
1051 1459 1193 1517 removeri
1214 1462 1330 1534 nequit,

249 1554 319 1628 niel,
340 1560 428 1627 prout
446 1555 602 1614 inuuuone
621 1554 733 1614 directa
753 1557 930 1629 continetur,
950 1553 1061 1630 ailquid
1082 1554 1209 1616 informe
1227 1564 1259 1616 et
1278 1573 1332 1618 ra-

250 1665 324 1726 gum.
336 1657 552 1727 repraeoentare
568 1652 702 1728 dicatum
714 1653 794 1729 quoti
812 1658 890 1714 certa
904 1653 1096 1731 &aarum
1113 1653 1332 1730 pantheiamum

250 1747 405 1809 redoleret.
587 1809 593 1816 ,

230 1878 232 1881 -
311 1845 466 1918 Necdicat
484 1850 685 1908 amoenitatem
698 1846 780 1908 iiiam
801 1848 869 1908 intio
881 1847 1008 1908 denteri
1028 1848 1108 1925 quod
1129 1850 1158 1909 ia
1173 1849 1335 1915 tfflcxioue

252 1957 368 2004 nectare
386 1946 428 2004 ait
450 1945 626 2020 peculiarem
647 1951 796 2020 aspectum
816 1943 947 2022 deliniri,
959 1961 1018 2021 quo
1038 1948 1222 2022 pertingatur
1241 1945 1333 2020 Idea,

251 2054 327 2118 pute
345 2043 553 2119 compreirmii
570 2049 636 2104 tota
654 2058 713 2102 nou
735 2048 838 2118 poiaet.
855 2042 931 2102 Nam
951 2041 1034 2102 uuiti
1053 2059 1114 2102 non
1132 2049 1177 2104 mi
1195 2058 1271 2118 opua
1290 2047 1335 2104 ri·

252 2142 329 2218 gnie,
351 2140 403 2200 sci
420 2140 528 2218 oppido
547 2141 657 2201 suflicit
675 2139 797 2200 diecto
817 2139 952 2200 mentalis
970 2146 1002 2200 et
1020 2141 1161 2216 attentio,
1182 2156 1258 2217 qnae
1278 2144 1334 2202 uni

251 2254 323 2313 prae
342 2240 408 2300 aliie
426 2239 533 2299 obiecti
552 2238 684 2315 partiam
710 2244 774 2313 aut,
795 2240 821 2297 oi
843 2236 935 2315 iubat,
957 2238 1122 2315 espectnm
1141 2237 1333 2301 adhibeatur.

250 2336 290 2395 Et
306 2352 389 2413 eane,
410 2337 557 2413 quomodo
577 2340 607 2396 ei
627 2338 770 2395 aermonla
790 2334 977 2395 determinari
997 2335 1142 2397 obiectam
1163 2336 1334 2397 Marionis

251 2440 361 2509 patret,
380 2436 408 2494 ei
427 2448 524 2495 termo
542 2433 667 2510 intelligi
687 2434 801 2509 nequit,
821 2434 878 2492 niel
899 2434 996 2511 rigna,
1017 2450 1055 2493 ex
1074 2433 1181 2509 qulbtre
1200 2440 1331 2510 constat,

131 2526 141 2543 '
252 2548 319 2592 cuni
339 2532 507 2593 notionibus
525 2530 747 2607 immuta„
767 2546 844 2607 qaae
863 2532 922 2591 iam
943 2537 1040 2591 mente
1060 2537 1219 2607 conceptae
1247 2534 1332 2605 aiut,

254 2632 284 2688 ui
303 2630 504 2691 witonis
523 2630 615 2687 anina
633 2628 831 2703 copulentur?

315 2734 383 2785 iat.
406 2726 501 2786 Venio
520 2741 600 2787 nunc
619 2726 658 2785 ari
676 2727 814 2785 intuitum
835 2724 990 2803 directum,
1005 2728 1090 2787 cuiue
1109 2726 1254 2787 obiectum
1275 2729 1333 2787 im·

253 2823 411 2885 mediatum
430 2830 476 2884 eet
494 2824 580 2900 itieu,
601 2838 707 2899 nempe
727 2822 828 2901 Deus,
852 2838 924 2900 seu,
949 2829 982 2884 ut
1006 2824 1125 2884 tandem
1147 2840 1180 2884 aa
1203 2824 1335 2901 explicat

156 2926 167 2939 '
252 2926 366 2993 auctor,
380 2926 427 2981 eat
438 2921 516 2981 Deua
536 2928 623 2996 prout
642 2921 785 2981 mundum
805 2923 951 2981 creatione
965 2924 1124 2999 progignit.
1137 2922 1242 2995 Quoad
1261 2937 1333 2997 par-

252 3022 311 3076 tem
332 3016 421 3092 hanc,
435 3032 511 3091 quae
530 3024 620 3092 caput
638 3024 684 3077 eet
703 3020 884 3096 systematis,
899 3020 1026 3094 primum
1047 3020 1172 3079 observo
1188 3034 1253 3078 eam
1270 3026 1333 3079 ata·

252 3112 304 3173 biii
319 3112 511 3173 fundamento
529 3113 670 3190 destitui,
692 3116 938 3191 quemadmodum
959 3116 1082 3177 interius
1102 3117 1181 3177 clare
1200 3117 1334 3193 paldolt,

251 3227 319 3271 oum
340 3217 514 3288 argumenta
532 3211 704 3287 diruemus,
724 3213 830 3289 quibus
850 3216 1073 3289 rupcmtmitur.
1103 3212 1212 3273 Deinde
1231 3216 1333 3273 censui

250 3311 398 3367 communi
418 3316 447 3368 et
466 3310 660 3368 conscientiae
675 3311 842 3369 taetimonio
856 3309 941 3369 vaide
962 3316 1116 3389 repugnat.
1134 3310 1208 3369 Nam
1231 3312 1258 3368 ai
1277 3326 1333 3369 on·

251 3407 365 3483 toiogoa
383 3408 575 3483 excipiamus,
592 3422 679 3465 nemo
697 3407 848 3467 hominum
869 3406 947 3467 hanc
965 3406 1166 3467 immediatam
1183 3409 1260 3467 entis
1281 3424 1330 3467 su·

251 3507 345 3580 premi
364 3512 394 3565 el
412 3507 567 3566 creationis
587 3504 863 3583 contemplationem
884 3509 913 3565 in
934 3522 967 3567 se
987 3508 1146 3583 experitur.
1172 3506 1333 3581 Attamen,

251 3603 338 3661 enam
364 3605 448 3664 iuxta
471 3608 599 3665 auctoris
619 3605 786 3681 principia,
815 3607 940 3681 quisquc
959 3620 1023 3664 eum
1046 3606 1176 3665 conscire
1196 3604 1332 3679 deberet3

251 3700 394 3777 illiadem
409 3705 439 3761 ui
459 3702 625 3762 reflexionis
644 3706 795 3763 cacumin
813 3702 950 3761 distincte
969 3709 998 3762 et
1018 3700 1146 3761 dilucide
1168 3716 1251 3761 meua
1271 3718 1334 3778 per-
1435 3720 1436 3737 ¹

251 3802 357 3878 tingit,
385 3816 463 3877 qaae
481 3800 604 3861 obscure
623 3807 652 3860 et
672 3799 793 3859 confuse
813 3802 968 3893 intuitione
988 3798 1228 3876 implicabantur.
1257 3802 1335 3861 Cum

251 3900 341 3974 igitur
361 3915 419 3957 non
441 3898 528 3957 modo
550 3914 594 3957 res
615 3898 732 3973 linitae,
755 3898 805 3957 sed
826 3898 913 3957 ctiam
937 3897 975 3976 (et
994 3897 1111 3974 quidem
1132 3898 1333 3973 potissimum>

251 3993 311 4053 lina
331 3998 493 4056 increatum
513 4002 542 4054 et
562 3994 653 4053 libera
675 3997 783 4054 creatio
804 4012 837 4053 eo
859 3997 967 4055 intuitu
988 3996 1223 4069 ecuvoimntur;
1244 4010 1337 4055 nemo
