2892 4425
233 388 271 441 52
563 394 804 440 mosminse
824 396 985 439 sumtibus

230 524 310 568 nunc
325 508 491 582 instruitur,
511 505 623 582 imma,
639 522 677 565 an
691 507 773 581 prius
793 522 949 581 enrpnmm
970 507 1034 565 sive
1055 507 1223 567 meientium
1247 512 1316 570 sive

229 608 409 665 terrestrium
425 603 620 663 substantiam
639 606 802 679 creauerit,
824 602 929 663 dende
947 618 1012 662 eum
1034 607 1097 665 suis
1117 603 1189 664 ineis
1206 606 1313 666 distin·

232 704 309 761 xerit
334 718 369 761 ao
397 716 451 777 pro
475 701 658 778 singutorum
684 701 854 761 muneribus
879 700 1042 760 ordinarit:
1067 702 1100 761 id
1122 703 1160 761 nd
1181 703 1315 765 diuinum

232 800 373 874 pertinuit
391 797 566 873 itbertatsm,
581 804 669 874 atque
683 812 720 857 ex
739 798 916 857 renotatione
935 797 1086 857 sciendum
1104 806 1160 875 est,
1174 816 1234 860 non
1248 802 1316 878 piri·

233 895 366 972 iosnpbie
384 894 595 955 definiendum.

295 1002 343 1053 it.
366 990 446 1053 iiaen
464 996 557 1070 igitur
586 1008 654 1053 eum
686 995 729 1052 ita
759 994 838 1068 sint,
862 992 936 1052 iiind
964 1000 1082 1053 maneat
1111 1010 1229 1057 neeesse
1249 1004 1313 1057 sat:

232 1092 374 1152 mnndum
397 1092 497 1151 alten
514 1108 532 1151 e
552 1091 647 1151 nibiio
666 1091 805 1150 munium
833 1106 917 1166 esse,
941 1092 1030 1168 idque
1053 1108 1088 1151 ex
1113 1094 1313 1169 superioribus

232 1190 405 1249 sedentibus
421 1189 660 1249 manifestissime
680 1190 880 1265 consequitur.
897 1188 1074 1249 Luculenter
1094 1191 1172 1249 enim
1193 1200 1316 1267 apparet

233 1288 408 1348 adversariis
427 1284 571 1363 eiingtum
590 1300 677 1344 omne
693 1285 852 1360 praeeiudi.
871 1286 946 1344 Nam
959 1289 984 1345 si
1004 1286 1143 1362 mundus,
1161 1294 1194 1347 ut
1217 1296 1316 1349 usten-

233 1386 346 1461 dimus,
368 1400 386 1443 a
406 1384 467 1443 Deo
486 1384 645 1458 productus
666 1389 722 1457 est,
743 1384 784 1441 ita
798 1387 896 1441 tamen
918 1390 951 1442 nt
969 1398 987 1442 u
1005 1384 1107 1443 divina
1127 1391 1231 1443 natura
1253 1402 1314 1445 nou

233 1482 398 1555 effluxerit,
419 1495 474 1539 nen
493 1495 511 1537 a
531 1482 651 1555 praevia
665 1479 795 1555 quadam
812 1479 993 1555 imprndneta
1013 1482 1134 1540 materia
1155 1490 1316 1557 generatus

233 1583 291 1655 stt;
318 1579 348 1637 id
367 1594 460 1637 unum
486 1578 629 1653 reiiqnnm
650 1583 715 1651 est,
738 1583 772 1637 ut
795 1580 889 1653 ipsum
912 1578 1013 1639 divina
1034 1582 1143 1638 virtute
1162 1596 1198 1639 ex
1222 1579 1318 1639 nibiio

233 1678 385 1736 emersisse
403 1673 559 1734 iateamnr.
580 1674 698 1733 Praeter
715 1676 795 1733 enim
815 1675 893 1735 hune
916 1676 1033 1735 modum
1055 1677 1152 1737 uuiins
1171 1676 1247 1737 eiius
1268 1694 1317 1737 sn·

234 1780 330 1849 peresi
346 1788 406 1849 gun
423 1771 554 1831 mundns
577 1772 693 1847 prodire
713 1773 850 1847 potuerit.

295 1872 390 1946 Atque
409 1886 477 1929 enm
499 1869 641 1928 mnndum
661 1886 679 1929 e
699 1869 793 1928 nihiin
813 1876 943 1929 creatum
963 1870 1109 1947 dicimus,
1131 1872 1161 1932 id
1183 1888 1243 1932 nnn
1264 1890 1315 1948 pe-

235 1969 319 2029 rinde
337 1967 462 2044 inteiiigi
481 1966 579 2043 debet,
600 1970 686 2043 qnasi
706 1967 834 2026 nibilum
854 1984 886 2027 se
905 1969 1001 2027 instar
1021 1972 1158 2029 materiae
1177 1970 1316 2046 suppedi-

235 2067 324 2142 tarit,
342 2082 379 2125 ex
406 2081 466 2142 qna
495 2063 623 2124 mundus
650 2063 838 2125 nuntiaretur.
860 2065 895 2124 id
917 2068 996 2125 enim
1020 2065 1174 2127 ridieninm
1196 2084 1318 2143 prorsus

234 2171 310 2225 emat
330 2170 359 2224 et
371 2169 474 2224 mutuo
491 2168 656 2239 pugnantes
670 2161 752 2223 ideas
764 2164 925 2240 copularet.
948 2162 1004 2224 Sed
1026 2164 1244 2241 intelligendum
1269 2171 1316 2226 est

234 2265 293 2338 ita,
319 2260 501 2322 otmundus
524 2259 620 2337 quoad
646 2277 730 2320 sunm
756 2265 848 2320 totam
873 2261 1067 2321 substantiam
1096 2268 1127 2320 et
1153 2263 1317 2322 unalitatem

234 2359 337 2419 divina
358 2361 472 2420 antinus
492 2357 651 2433 productus
674 2359 729 2433 sit,
752 2359 823 2434 quin
845 2357 955 2434 ntiqntd
977 2360 1023 2417 sui
1050 2365 1117 2418 ente
1142 2361 1316 2435 praeiverit,

235 2475 272 2517 ex
293 2473 352 2534 qun
371 2463 523 2533 tamquam
545 2473 583 2515 ax
603 2456 727 2515 mamria
744 2454 945 2514 nnnflneretur.
970 2455 1027 2515 Sed
1043 2457 1181 2534 qnoniam
1204 2459 1317 2517 creatio

235 2558 325 2616 istaes
345 2571 443 2615 rernm
463 2571 480 2613 e
500 2553 594 2613 nibiiu
615 2559 660 2612 est
688 2551 727 2613 ub
754 2552 821 2612 eliis
849 2557 954 2613 aeriter
978 2553 1229 2630 oppugnamus
1248 2555 1317 2613 aitis

235 2651 417 2714 subabsurde
437 2651 600 2726 inteiieeta,
620 2650 715 2726 piaoet
734 2647 783 2708 hie
795 2663 860 2709 eam
879 2651 1017 2725 penuiiari
1039 2650 1161 2710 arbonis
1181 2649 1315 2728 aliquan-

235 2748 331 2808 tnium
351 2763 495 2824 exponere
514 2754 602 2824 atque
621 2764 641 2806 a
663 2747 747 2807 iaisis
768 2747 1055 2823 interpretationibus
1076 2747 1235 2808 vindicare.

653 2945 837 3002 tinnientes
856 2943 896 3002 11.

340 3139 383 3199 De
404 3155 463 3200 ouo
485 3136 686 3220 repugnantia
707 3141 865 3204 creationis
887 3123 1075 3222 umdemque
1097 3145 1215 3205 notione

704 3248 850 3326 legitima.

300 3436 348 3487 itt.
369 3428 531 3488 creationis
550 3430 679 3503 nomine,
699 3436 735 3489 nt
754 3432 870 3490 iamax
898 3433 1029 3507 proxime
1053 3432 1140 3499 dietis
1160 3437 1257 3508 patet,
1280 3449 1316 3491 eu

237 3527 316 3586 acido
335 3525 528 3604 signitinatnr,
548 3542 609 3603 qua
626 3526 750 3588 aiieotus
770 3529 894 3588 enibiin
920 3531 1067 3606 gignitur,
1094 3545 1170 3605 quse
1194 3528 1317 3605 proinde

238 3626 375 3684 tutamen
395 3623 483 3684 omne
497 3627 663 3701 praeeuntis
683 3628 841 3702 materiae,
859 3641 894 3685 ex
914 3643 972 3704 qua
993 3627 1042 3706 iiis
1061 3627 1161 3700 tieret,
1173 3626 1314 3686 excindit.

238 3720 432 3796 Quamobrem
453 3739 552 3782 creare
572 3723 707 3800 ailquid,
730 3723 805 3783 idem
827 3731 871 3783 est
899 3731 988 3801 atque
1015 3723 1088 3785 iiiud
1117 3727 1161 3784 sin
1182 3723 1315 3801 eiiissre,

239 3825 273 3878 nt
293 3817 406 3878 nubum
427 3825 496 3879 ante
515 3827 611 3880 exstet
627 3820 804 3897 subiectum,
824 3837 859 3880 ex
880 3836 940 3898 quo
960 3822 1048 3881 veluti
1070 3820 1231 3881 deducatur
1251 3823 1273 3878 ¹.

298 3951 458 4014 ti’erspinias
478 3952 535 4001 irinc
553 3951 695 4013 discrimen,
714 3953 783 4015 quod
801 3953 864 4002 inter
883 3953 1033 4002 creationem
1054 3952 1119 4016 riget
1136 3954 1161 4001 et
1177 3950 1314 4014 simptiaem

239 4027 433 4088 productionem.
446 4031 520 4089 Quod
535 4030 636 4094 quidem
651 4031 776 4092 pmenisre
790 4033 945 4094 sentientis.
957 4033 1065 4082 ‘tbumas
1084 4031 1122 4080 bis
1143 4030 1233 4080 verbis:
1248 4051 1260 4074 s
1275 4032 1317 4079 itst
