2892 4425
282 345 339 398 ”4
610 353 849 402 {nnuman
869 357 1028 404 mcum

279 464 385 524 merito
407 459 633 525 et‘nouriitione
658 463 781 526 inetur.
804 465 895 544 Atqui
927 467 1030 528 ‹tirinu
1060 469 1178 531 tonina
1204 473 1366 538 Μαι
1433 513 1434 530 ,

277 567 325 622 rot
340 575 456 622 rumne
473 560 585 622 bouum
605 578 776 639 rummeqne
793 567 999 626 neoeuuuriuue
1022 565 1171 629 Perieetue
1189 572 1291 648 igitur
1313 593 1366 635 uu·
1433 565 1434 572 '

278 660 401 719 ruunro
419 662 476 719 orit
494 660 576 720 iiiam
596 675 711 720 tumme
729 659 851 738 diligere
869 669 898 722 et
918 667 1092 724 ueneratio.

336 757 422 832 Quod
447 760 474 818 ui
491 757 595 818 ‹iirina
614 757 751 818 roiuntue
771 775 831 820 nou
858 769 945 836 prout
963 762 994 820 in
1014 761 1118 822 dimna
1136 763 1274 826 tumturn
1290 769 1365 830 ‘diii-

277 857 373 936 guum
396 863 541 933 uantur,
553 857 604 918 aed
615 863 701 933 prout
711 855 751 917 ud
764 873 862 917 rerum
878 865 1042 919 creaturum
1056 862 1243 922 exiuoeutiam
1266 867 1363 928 refut

276 965 338 1037 tur,
360 959 534 1034 inapieitnr3
555 971 591 1015 ea
606 955 823 1016 abaotntieairne
843 957 1056 1018 indifferentiae
1079 959 1213 1022 libertate
1228 965 1363 1038 ganum

276 1057 400 1119 dicenda
420 1061 476 1116 eat.
496 1055 578 1129 Quae
592 1053 710 1130 quidem
732 1053 853 1114 libertus
872 1071 931 1114 non
952 1055 1069 1132 quidem
1086 1059 1117 1116 iu
1135 1057 1192 1118 hoe
1212 1064 1276 1121 nitu
1295 1071 1360 1138 at,

275 1156 355 1236 quoti
375 1156 453 1216 Deua
479 1155 573 1231 poenit
593 1153 710 1212 iuoerno
730 1151 829 1227 utiquo
848 1159 915 1212 uetu
941 1156 1040 1230 augeri
1067 1161 1122 1214 unt
1148 1159 1287 1236 prtuart3
1308 1163 1362 1222 auu

276 1255 307 1314 in
328 1253 385 1313 hou
407 1253 492 1314 unior
514 1253 655 1325 eeruttur,
675 1249 756 1326 quud
779 1249 857 1314 Deua
872 1251 996 1310 eundem
1014 1245 1113 1312 arium
1134 1253 1265 1331 dirigam
1289 1275 1360 1334 pus.

174 1397 179 1403 .
276 1356 317 1413 uit
336 1351 374 1412 ud
394 1352 541 1411 obtectum
564 1355 616 1409 eut
631 1363 726 1424 serua,
748 1347 886 1408 relatione
908 1348 1062 1410 dumtaxat
1078 1359 1108 1411 et
1128 1361 1278 1432 renpoetu,
1297 1373 1359 1417 m„
1433 1385 1434 1402 ,

277 1464 347 1510 vero
364 1451 480 1508 interne
500 1446 598 1523 uirque
618 1445 761 1522 reaiitote,
775 1447 913 1522 veriam,
937 1447 1182 1524 quemadmodum
1202 1451 1236 1508 in
1257 1455 1360 1527 primo
1433 1459 1434 1494 i

276 1544 401 1606 artteuio
420 1544 642 1619 exprimumuu.
666 1543 753 1616 Quod
772 1559 844 1602 vero
870 1543 947 1604 Deua
965 1546 1043 1604 circe
1067 1545 1179 1606 uniente
1206 1549 1358 1610 eiusmodi

275 1645 315 1704 sit
334 1642 418 1718 iiber,
438 1640 576 1717 perfacile
594 1642 734 1702 iudicium
755 1645 811 1702 eet.
828 1641 975 1718 Principio
997 1645 1074 1702 enirn
1095 1644 1126 1704 id
1145 1646 1358 1720 perfectionem

274 1745 425 1817 importat,
446 1746 532 1798 etex
552 1738 687 1799 absoluta
706 1739 759 1798 liet
784 1741 954 1801 necessitate
974 1744 1142 1818 requiritur.
1164 1743 1251 1817 Quot
1272 1750 1357 1807 euim

274 1840 418 1900 inventu
432 1837 584 1898 existendo
594 1835 764 1897 absolutum
772 1845 828 1914 eut,
838 1841 881 1898 eie
895 1855 958 1898 ease
968 1847 1093 1916 oportet,
1105 1847 1140 1900 ut
1150 1843 1279 1904 otiorum
1294 1863 1356 1906 unu

273 1943 357 2017 egent
378 1939 530 1996 eomttetu.
553 1935 606 1995 Vir
623 1943 722 1996 autem
741 1935 895 2012 appetendi
917 1942 952 1997 ut
976 1936 1104 2013 perieotu
1130 1940 1218 2016 piene
1238 1945 1303 2020 ait,
1323 1947 1354 2006 iu

273 2035 399 2113 obieeta,
420 2041 508 2111 prout
522 2033 692 2096 eorumdem
713 2034 833 2095 bouitas
852 2041 882 2095 et
899 2034 1027 2095 conditio
1046 2037 1194 2114 postulet,
1210 2038 1285 2099 terri
1306 2043 1356 2102 de·

272 2135 333 2197 bet.
348 2135 446 2210 Quare
459 2140 494 2193 ut
506 2134 614 2194 nummi
626 2140 656 2192 et
671 2135 829 2194 neeessarii
849 2131 919 2192 boui
937 2149 1054 2193 summa
1075 2140 1104 2198 et
1123 2141 1292 2200 nemu-h
1310 2142 1355 2201 di-

273 2234 359 2295 ieetio
378 2234 416 2293 ad
435 2232 641 2311 perfectionem
660 2234 806 2308 pertinet3
835 2233 877 2291 rto
900 2229 977 2292 fluifl
1005 2239 1036 2292 et
1062 2237 1259 2313 oontingentte
1281 2239 1352 2299 boui

273 2334 446 2411 ooutingeur
464 2338 495 2393 et
513 2331 605 2391 iibere
624 2332 766 2406 appetitio
786 2332 954 2408 requiritur.

332 2428 430 2507 Atque
449 2445 487 2489 ex
506 2430 595 2490 huius
614 2429 801 2505 perfeetionis
829 2434 972 2504 uouoeptu
994 2429 1068 2492 iliud
1087 2434 1177 2492 etium
1200 2438 1351 2513 ernergtt,
1381 2426 1390 2437 '

273 2532 307 2589 ut
325 2527 426 2590 ‹ituinu
445 2526 564 2587 iibertue
590 2526 804 2587 considerantia
834 2528 953 2587 minime
978 2531 1017 2588 sit
1039 2529 1135 2604 quoad
1160 2530 1271 2591 bonam
1300 2541 1352 2594 unt

271 2625 381 2687 melam
400 2626 583 2701 eiectionem,
608 2624 729 2702 periuria
747 2626 832 2701 quari
851 2627 943 2701 possit
961 2624 1051 2701 Deua,
1070 2610 1110 2686 'ut
1134 2627 1173 2686 ed
1193 2628 1350 2691 nonnum

271 2730 302 2785 et
320 2732 464 2801 taurum,
486 2726 636 2785 nicetium
655 2723 827 2799 uriturpem
854 2731 883 2783 et
906 2722 1072 2784 iudaeorum
1095 2727 1244 2799 optionem
1265 2728 1348 2789 femi.

270 2820 328 2884 Seri
343 2824 500 2899 oogttunrie
521 2825 607 2885 unior
627 2828 671 2883 eat
690 2828 823 2897 respectu
836 2821 980 2881 bonorum
993 2838 1068 2898 quea
1081 2822 1166 2881 finita
1180 2830 1264 2901 suut,
1278 2842 1352 2903 qun·

269 2925 357 2980 tenua
376 2934 412 2980 ea
432 2920 508 2980 veiie
527 2923 619 2996 potuit
638 2921 685 2981 uei
706 2935 860 2995 respuere3
881 2920 923 2978 itu
936 2925 1058 2997 tumen,
1073 2926 1107 2979 ut
1128 2920 1274 2997 quidquid
1298 2940 1348 2983 ve-

271 3017 317 3093 itt,
340 3017 371 3076 id
396 3032 511 3094 semper
528 3018 640 3078 bunum
656 3003 705 3077 'ad
720 3034 816 3077 mores
834 3016 913 3093 quod
937 3018 1040 3077 attinet
1060 3033 1123 3077 esee
1141 3018 1258 3081 debent.
1284 3021 1351 3081 tte

203 3166 210 3173 .
269 3116 330 3173 uiro
359 3115 469 3175 muium
491 3116 601 3175 morule
627 3115 739 3176 nuttam
764 3118 907 3175 rationem
933 3121 1158 3175 oousentuneum
1183 3116 1274 3176 hebet
1295 3134 1350 3178 eur

270 3220 397 3289 ametm,
424 3213 475 3273 red
495 3219 611 3274 tantum
633 3221 668 3274 ut
690 3214 759 3274 odiu
782 3216 831 3274 sit.
856 3214 954 3287 Quare
976 3228 1043 3273 oum
1072 3212 1110 3272 ud
1137 3212 1349 3289 perfectionem

270 3310 431 3371 roiuututis
453 3316 562 3388 spectet
572 3313 602 3370 tu
618 3304 733 3373 obieeta
747 3311 907 3371 seeundum
928 3310 1097 3371 eorumdem
1112 3316 1249 3371 nutrirem
1264 3313 1349 3389 ferri3

269 3408 398 3485 pertento
418 3410 555 3483 uniuntur
575 3412 677 3488 nequit
695 3409 839 3469 eiusmodi
859 3410 970 3469 muium
989 3424 1050 3468 uon
1076 3410 1182 3469 odisse.
1212 3411 1302 3484 Quod
1323 3415 1350 3471 ai

137 3550 143 3559 .
268 3513 367 3567 creute
387 3507 507 3569 tibertus
526 3510 557 3568 in
576 3508 649 3570 iliud
662 3508 839 3586 quaudoque
859 3524 890 3567 se
910 3506 1052 3583 luetluet,
1071 3507 1102 3567 id
1121 3523 1157 3567 ex
1177 3510 1272 3584 ipsius
1294 3512 1350 3569 im·

269 3604 427 3667 beoiititutu
446 3607 653 3684 protieiauitur,
675 3612 728 3667 eut
747 3620 786 3665 ex
806 3604 904 3665 iaiiuci
923 3605 1031 3666 iudicio
1051 3608 1172 3681 mentis,
1194 3622 1255 3683 qno
1281 3610 1350 3685 quis

268 3703 348 3782 quoti
368 3712 453 3783 turpe
472 3712 527 3782 eat,
549 3705 604 3767 sibi
624 3704 1081 3782 oougruereopinatur.1iteum
1096 3703 1173 3787 Deus
1188 3720 1283 3782 neque
1303 3708 1348 3769 iu·

268 3802 338 3863 dieii
358 3820 468 3880 errore,
488 3818 543 3864 neo
562 3805 636 3864 vitio
656 3804 816 3863 uoluntatis
842 3803 954 3879 turpari
976 3803 1079 3878 posuit,
1104 3802 1215 3861 muium
1237 3804 1349 3863 moraie

247 3894 403 3987 ‘appetere
425 3903 538 3977 nequit,
551 3900 620 3961 lieet
643 3902 674 3960 in
695 3902 762 3961 uitis
780 3901 819 3961 ob
838 3902 953 3963 occultu
970 3900 1022 3961 sed
1044 3904 1122 3962 iusto
1139 3901 1263 3961 ouusittu
1283 3918 1349 3977 per·

271 3997 386 4056 mittere
404 3998 506 4072 poerit.
