2892 4425
453 341 457 346 '
538 357 595 402 sse
617 359 796 404 ceremon

401 613 406 622 ·
479 503 848 649 carmelitarum

533 756 572 802 DE
585 755 794 808 mortemue.

188 958 339 1018 Hactenus
359 957 512 1032 metues,
531 971 607 1033 quse
626 973 679 1016 erus
700 960 763 1016 slve
784 960 814 1016 lu
833 974 863 1016 se
883 959 945 1018 slve
964 961 994 1018 in
1014 961 1075 1020 iuis
1094 919 1203 1036 praed·

127 1059 196 1134 μία
211 1054 418 1133 partitionibus
439 1056 607 1130 respiciunt,
621 1054 855 1130 explanavimuq
870 1071 948 1116 nuuc
968 1055 1079 1133 aliquid
1097 1057 1203 1116 addeu-

127 1156 199 1216 dum
220 1154 258 1214 de
279 1153 394 1213 iudiciis
412 1169 488 1228 quac
501 1169 536 1212 ca
554 1154 591 1211 iis
611 1153 777 1212 notionibus
794 1153 998 1230 ciiormautur,
1020 1163 1049 1214 et
1070 1157 1203 1216 seientia·

128 1271 195 1313 rum
216 1255 359 1328 principia
379 1250 529 1311 exhibent.
547 1253 682 1328 Quinque
700 1259 797 1311 sutem
818 1253 949 1312 articulis
965 1253 1205 1330 dmepnmmm

126 1355 274 1428 integram
302 1350 496 1410 exsolvemus.
525 1349 655 1410 Primam
676 1349 806 1410 dicemus
829 1350 866 1410 de
890 1351 1006 1410 diverse
1030 1351 1205 1414 iudiciorum

126 1451 233 1524 classe,
247 1455 334 1525 pmut
349 1450 529 1508 exiometuru
542 1451 650 1507 virtute
667 1447 851 1510 decorantur.
866 1447 977 1508 Deinde
995 1457 1092 1510 utrum
1107 1452 1206 1509 omniu

127 1547 237 1608 iudicia
256 1547 303 1607 vel
331 1549 479 1606 momnis
499 1547 536 1606 od
558 1545 676 1622 aliquod
695 1561 787 1606 uuum
811 1546 908 1606 reduci
932 1550 1069 1624 possint,
1090 1565 1125 1608 ex
1147 1565 1206 1624 quc

85 1623 94 1640 ⁸
127 1645 277 1724 ueudeem
295 1645 340 1706 vel
356 1661 416 1721 quc
433 1645 606 1704 innitantur.
624 1643 722 1704 Tertio
741 1646 913 1721 principium
934 1647 1127 1722 muselltails,
1148 1661 1206 1722 quo

128 1746 278 1804 axiomata
296 1741 533 1818 amonentem
545 1743 691 1818 nituntur,
705 1741 926 1802 vindicabimus.
942 1738 1072 1820 Denique
1092 1744 1206 1808 duobus

129 1843 285 1920 postremis
305 1839 435 1901 articulis
454 1841 553 1900 Kantil
574 1847 661 1916 atquc
680 1841 781 1900 liumll
801 1841 963 1900 doctrinam
986 1843 1159 1904 micilcrnus.

549 2035 734 2096 Aturcocus
755 2037 779 2094 Ι.

144 2228 151 2235 ’
247 2236 291 2295 De
312 2234 430 2295 diurn
451 2234 631 2297 indicium
653 2236 745 2297 ciosse
765 2244 859 2315 prosi
880 2236 922 2297 ud
943 2242 1093 2304 mommo

464 2338 668 2403 morimeam
693 2342 869 2404 meiunmr'.

195 2532 245 2583 67.
267 2524 408 2584 Memoria
428 2524 477 2583 hic
497 2526 692 2585 revocandum
707 2532 762 2599 cst,
777 2525 854 2601 quod
867 2528 897 2585 lu
912 2525 1018 2603 Logica
1038 2524 1205 2585 docuimus:

133 2622 244 2684 iudicia
263 2622 449 2699 immediata,
462 2629 606 2699 quotquot
624 2631 711 2699 suot,
727 2622 862 2683 bifariam
884 2623 1048 2699 dispertiri,
1070 2625 1206 2682 nimirum

134 2724 165 2779 iu
184 2738 240 2795 ea,
261 2736 386 2796 quorum
407 2724 516 2781 veritas
535 2721 672 2781 clucescit
685 2738 721 2781 ex
737 2724 801 2797 ipso
815 2722 945 2781 idearum
967 2738 1056 2797 nexu,
1077 2728 1107 2780 et
1127 2723 1156 2779 ln
1175 2736 1209 2781 ee

132 2835 209 2896 qnae
226 2834 286 2877 non
305 2820 390 2894 item,
405 2818 456 2877 sed
479 2818 558 2879 loom
577 2822 642 2895 ipso
665 2827 695 2879 et
714 2822 893 2897 experientia
912 2820 1083 2879 laudentur.
1102 2820 1206 2879 Enem-

135 2917 183 2993 pla
210 2918 297 2993 primi
320 2919 432 2993 generis
457 2918 530 2977 sint:
548 2922 651 2995 paries
676 2918 768 2979 simol
790 2924 925 2997 comptor
945 2922 1074 2997 ceqrroni
1096 2922 1207 2994 toiom3

3 3023 4 3026 ’
135 3017 162 3073 ri
188 3012 227 3074 od
254 3014 427 3091 oeqooiilrsss
447 3014 584 3093 aequatio
603 3014 720 3092 danos,
747 3035 823 3095 quoe
845 3023 1002 3096 ruperunt
1018 3022 1087 3079 sorti
1102 3036 1208 3097 aequm
1244 2994 1255 3019 ⁸

136 3111 190 3171 iio.
215 3112 356 3187 Exempla
376 3119 473 3171 antem
492 3116 605 3189 generis
621 3118 786 3189 posterioris
801 3133 863 3177 esse
879 3124 1009 3193 moui:
1035 3120 1141 3193 coqs'io,
1158 3115 1208 3177 dc·

139 3209 200 3269 lore
215 3206 344 3287 officior,
362 3216 392 3269 et
411 3210 522 3287 reliqua
534 3219 679 3293 quotquot
697 3216 876 3274 couscientia
897 3214 997 3290 reieri3
1020 3218 1081 3273 aut:
1104 3217 1211 3273 emmer
1245 3276 1253 3297 .

135 3324 273 3387 corporo,
294 3310 374 3384 ionis
391 3308 504 3384 adurit,
531 3314 582 3367 cer
601 3314 647 3368 esi
668 3313 781 3387 aroris,
806 3319 893 3389 eique
915 3313 1044 3386 similia,
1071 3326 1145 3389 quae
1159 3314 1211 3369 lm·

137 3406 265 3467 mediata
301 3422 444 3466 sensuum
474 3410 691 3467 renunciatione
711 3414 873 3469 notescunt.
906 3408 1006 3469 Prima
1034 3406 1210 3469 multimodis
1311 3430 1319 3446 ·

135 3508 325 3566 nominentur
351 3508 381 3582 ¹3
410 3508 472 3568 iure
492 3513 589 3567 autem
609 3507 667 3567 dici
689 3515 811 3585 possum
831 3508 942 3569 indicia
962 3527 982 3569 u
1002 3511 1115 3586 priori,
1143 3509 1211 3583 quia

136 3620 173 3663 es
191 3605 371 3679 experientia
391 3620 450 3664 uou
471 3604 610 3681 pendeut3
630 3606 675 3666 vei
696 3606 866 3685 casimiro,
890 3611 959 3685 qula
981 3622 1017 3667 ex
1038 3607 1212 3667 resolutione

135 3699 218 3761 ideae
244 3701 366 3763 subiecti
390 3710 442 3763 eut
464 3703 621 3778 praedicati
648 3711 834 3766 coemuntur.
863 3706 982 3783 liltore,
1005 3708 1058 3766 etsi
1082 3704 1212 3764 diversos

136 3802 225 3859 ciem
245 3798 495 3893 denominationes
515 3803 617 3862 sortita
639 3794 718 3880 siut,
739 3805 890 3865 commode
911 3811 1008 3865 tomen
1032 3804 1129 3863 soceri
1150 3812 1212 3877 poc

201 4018 210 4059 t
226 4010 291 4063 Vide
306 4014 427 4075 molente
440 4016 503 4077 ossi.
520 4022 544 4075 t.
561 4028 615 4077 cup.
633 4022 656 4077 t,
668 4020 714 4066 art.
727 4024 750 4066 2.
