2892 4425
232 385 291 436 216
561 391 782 434 lml'llfflcd
803 391 979 436 eutimius

233 514 284 559 sae
303 498 486 574 detegantur.
508 498 605 572 Quare
626 498 732 557 harum
753 499 901 576 neglectus
925 501 1067 576 pervertit
1087 513 1135 575 ea,
1151 513 1227 576 quae
1243 507 1312 559 sunt

232 597 371 656 scientiae
391 595 594 671 nodamenta,
612 601 647 654 et
664 603 789 655 naturae
812 596 982 674 reluctatur,
997 613 1085 674 quoe,
1107 603 1140 656 ut
1154 598 1249 672 lnquit
1261 595 1308 656 Sr-

233 709 317 769 noea,
332 695 479 754 ociosum
503 692 593 752 nobis·
613 694 764 769 ingenium
793 693 888 771 dedit,
914 695 988 754 idest
1008 709 1113 753 causas
1132 693 1240 752 mendi
1261 707 1308 750 rn-

231 789 343 864 pidum.
365 789 410 848 Ne
427 797 525 850 autem
543 790 695 849 breuitatis
711 793 853 850 terminus
873 793 1085 868 transiliamus,
1106 797 1208 850 totam·
1221 804 1307 867 qnae·

231 889 355 946 ationem
373 887 467 948 tubus
484 887 670 947 absolvemus
690 889 835 948 articulis.
857 889 991 949 Primum
1012 889 1049 948 de
1070 891 1189 947 nodone
1207 901 1311 946 causae

231 987 410 1060 generatim,
425 985 529 1044 delude
546 984 583 1044 de
604 984 795 1045 allicientium
814 993 977 1045 creatorum
998 988 1170 1062 activitate3
1192 981 1309 1044 tandem

232 1083 269 1142 de
287 1099 378 1144 causa
395 1083 491 1161 duali,
508 1100 584 1160 quae
604 1085 699 1143 omitti
718 1091 877 1160 nequeunt,
899 1065 1056 1146 edicemus.

656 1279 840 1338 Anniculus
860 1279 884 1336 l.

597 1479 651 1538 ¹De
674 1479 791 1539 notione
812 1493 930 1538 musae.

293 1674 343 1725 55.
364 1664 427 1726 Etsi
447 1679 556 1726 musae
581 1681 686 1726 nomen
716 1665 856 1727 eidcicnti
879 1668 1064 1743 potissimum
1085 1667 1176 1727 tribui
1199 1667 1313 1744 soleat,

230 1771 328 1823 tamen
347 1779 382 1824 aa
403 1780 463 1823 vox
485 1764 573 1823 iatius
591 1770 744 1841 evagatur,
768 1769 798 1823 et
818 1767 979 1841 generatim
999 1752 1150 1842 significat
1170 1764 1312 1842 quidquid

230 1864 379 1921 concurrit
400 1868 429 1920 et
456 1861 571 1921 confert
593 1861 631 1921 ad
653 1860 876 1936 productionem
900 1862 1030 1922 alterius.
1052 1863 1115 1923 lieo
1136 1863 1314 1922 uniuersalis

230 1973 337 2018 causae
356 1961 437 2018 notio
454 1962 612 2034 importare
630 1957 757 2017 ridetur.
773 1958 806 2018 ld
828 1975 910 2035 tero,
923 1959 1002 2035 quod
1016 1959 1203 2037 producitur,
1218 1962 1313 2019 nomi-

230 2061 319 2114 uatur
337 2052 482 2131 efferim
500 2061 531 2114 et
550 2055 675 2115 actualis
692 2055 837 2132 influxus,
858 2072 944 2132 quem
963 2071 1054 2116 causa
1072 2059 1195 2133 quaevis
1214 2059 1245 2116 in
1260 2073 1315 2117 sno

230 2167 334 2229 genere
352 2151 390 2212 ad
410 2154 596 2212 mutandam
621 2152 740 2214 eiiaetui
761 2153 985 2231 impartiendam
1010 2155 1126 2233 exerit,
1149 2153 1315 2215 ramatum

233 2254 431 2326 nuncupatur.
873 2296 877 2304 ι

290 2347 452 2409 Causarum
476 2349 660 2426 quadruplex
680 2356 725 2409 eat
750 2366 863 2427 genus:
892 2350 1071 2426 materialis,
1094 2347 1246 2427 sonneiis,
1270 2348 1314 2425 es-

224 2448 334 2523 Jicr'ens
351 2447 511 2522 ctJinulis.
534 2448 617 2521 Quae
637 2450 755 2523 partitio
773 2464 810 2507 ex
829 2450 894 2523 ipsa
916 2462 1012 2507 rerum
1032 2446 1236 2507 observatione
1254 2446 1314 2505 col-

231 2546 342 2623 ligitur.
369 2545 445 2606 Nam
475 2549 505 2604 in
528 2562 605 2605 nova
633 2549 673 2605 rel
696 2548 860 2622 cuiuspiam
884 2544 1055 2621 effectione,
1073 2547 1161 2605 cuius
1176 2545 1315 2621 exempla

231 2648 387 2703 innumera
406 2650 592 2721 contuemur,
609 2650 737 2719 mutuor
756 2644 934 2705 considerari
947 2650 1082 2720 possum.
1098 2643 1248 2720 Primum,
1258 2640 1315 2702 cm

230 2743 303 2802 iliud
325 2744 410 2801 cuius
431 2744 547 2801 actione
568 2742 693 2802 ellectus
715 2744 856 2819 gignitur.
879 2742 1001 2819 Deinde,
1017 2743 1227 2827 subiectum-ln
1253 2758 1313 2817 quo

230 2856 282 2900 ena
296 2837 440 2899 eiusmodi
457 2845 595 2915 operatur
610 2840 648 2899 ad
667 2840 805 2899 eiiecium
820 2840 1051 2916 producendum.
1065 2840 1176 2916 Tertio,
1195 2838 1314 2899 realitas

232 2937 296 3011 ilia,
316 2935 459 3012 quidquid
478 2937 529 3010 sit,
551 2952 628 3012 quoe
641 2953 693 3013 per
706 2938 797 2998 talem
816 2940 960 2997 actionem
977 2941 1006 2996 in
1026 2937 1188 2997 subiectum
1203 2936 1316 2996 induci-

231 3044 290 3095 tur.
311 3033 462 3108 Tandem,
483 3032 591 3092 bonum
612 3033 706 3111 iilud,
729 3035 809 3111 quod
836 3052 925 3113 agens
946 3035 980 3110 (si
1004 3038 1116 3095 radone
1136 3037 1175 3095 sit
1197 3033 1312 3109 praedi-

230 3133 303 3209 tum)
331 3148 368 3193 as
391 3134 505 3194 actione
525 3149 579 3192 sua
597 3136 738 3209 consequi
753 3132 863 3210 studet,
880 3139 932 3192 aut
948 3133 986 3193 ed
1002 3134 1080 3210 quod
1096 3126 1314 3209 procurandum

233 3233 268 3304 (sl
284 3232 397 3290 ratione
411 3229 553 3307 privaturi
570 3245 737 3306 asupremo
752 3228 927 3293 Ordinature
946 3231 1094 3309 dirigitur.
1121 3229 1224 3289 Ponite
1244 3234 1315 3288 ante

103 3368 107 3375 ι
173 3300 187 3323 ⁰
229 3331 329 3389 oculos
349 3328 503 3405 artificem,
527 3332 577 3406 qui
598 3329 723 3390 solidam
740 3328 900 3389 Alexandri
921 3329 1049 3407 elligiem
1067 3346 1083 3389 e
1103 3343 1247 3389 marmore
1265 3346 1315 3389 ex·

231 3427 355 3503 sculpat.
370 3427 404 3486 ln
419 3427 474 3487 hoc
492 3429 637 3504 exemplo,
659 3434 693 3487 ut
711 3427 828 3504 videtis,
848 3436 975 3503 quatuor
989 3430 1112 3505 cogitari
1132 3426 1253 3487 debent:
1267 3443 1316 3487 ar-

231 3524 303 3585 tilex
324 3528 397 3600 ipse,
416 3527 466 3602 qui
485 3531 614 3597 statuam
634 3525 784 3601 elaborat3
806 3542 946 3602 marmor,
969 3542 1004 3585 ex
1025 3542 1084 3602 quo
1102 3526 1219 3601 signum
1239 3524 1315 3584 illud

229 3624 377 3699 exsurgit,
399 3622 550 3698 dispositio
574 3624 718 3700 partium,
741 3638 828 3700 quam
851 3638 981 3682 marmor
1004 3624 1107 3699 recipit
1127 3620 1164 3681 ad
1185 3621 1316 3679 Alexan·

229 3719 275 3779 dri
297 3720 477 3780 re'ierendam
500 3720 642 3798 dguram3
664 3721 790 3799 denique
810 3737 928 3796 scopus,
947 3736 1035 3798 quem
1053 3719 1110 3779 sibi
1133 3718 1266 3793 sculptor
1284 3720 1315 3777 in

228 3819 376 3894 operando
394 3822 569 3895 praestituit.
593 3822 655 3881 lam
678 3836 748 3879 vero
762 3820 875 3893 ,horum
898 3822 1027 3897 primum
1048 3834 1139 3879 causo
1163 3814 1312 3893 efficieris,

230 3916 354 3975 aiterum
376 3918 563 3995 materialis,
588 3922 707 3979 1111111111
722 3915 875 3994 formalis,
897 3924 1034 3994 quartum
1047 3914 1155 3993 finalis
1180 3917 1315 3973 nomino-

230 4019 289 4073 tur.
314 4016 391 4093 Ergo
409 4024 536 4093 quatuor
553 4020 654 4095 uigent
674 4032 831 4077 causarum
856 4031 972 4093 genera.
1001 4015 1038 4074 iit
1059 4016 1204 4090 quoniam
1219 4012 1312 4089 alioc,
