2892 4425
220 281 278 334 256
546 285 786 334 fflssffllffl
807 285 968 334 dminus

279 398 461 474 Argumenta
477 411 560 473 vcro,
572 395 681 473 quium
700 397 788 456 sunni
808 403 939 473 systema
958 394 1062 456 roam
1081 403 1217 477 conatur,
1239 405 1299 462 tria
1416 461 1417 470 ,

220 497 404 574 potissimum
424 501 509 570 sunt,
529 496 561 553 ni
581 493 678 554 iaiior.
701 493 852 571 Primum,
873 495 944 570 quia
964 495 1037 554 ordo
1056 498 1231 574 cognitionis
1252 517 1299 560 re·

219 592 361 670 spondere
373 590 459 652 debet
471 591 568 650 ordini
581 607 699 668 rerum3
719 594 750 650 in
765 593 867 652 ordine
880 599 977 652 autem
999 610 1096 654 rernm
1111 613 1171 656 non
1183 613 1203 656 a
1216 614 1298 660 crea-

219 693 294 751 turis
315 686 657 764 adDeam,seda1ieo
677 690 715 748 ad
735 697 884 750 creaturas
904 690 939 750 iit
959 691 1078 768 gradus.
1095 693 1297 772 Potissimum,

219 790 289 867 qnia
308 804 393 850 secus
411 788 478 848 idea
496 787 550 846 Dei
577 786 789 863 suppeditanda
808 795 885 848 esset
911 803 929 846 a
956 787 1043 848 renus
1063 793 1192 868 creatis,
1217 793 1298 868 quod

219 892 281 948 um
303 891 468 962 repugnat,
493 900 582 961 qoam
603 891 748 960 repugnat
776 883 924 944 infinitum
944 900 962 943 a
983 885 1075 946 finitis
1095 894 1294 964 progenerari.

219 983 330 1046 andc
349 999 397 1043 res
415 988 529 1042 mentm
546 983 579 1042 in
599 997 631 1040 se
645 982 716 1056 ipsis
732 984 879 1056 inspectae
899 985 1016 1058 propria
1036 991 1137 1044 carmt
1156 987 1296 1064 inteiligi-

219 1079 343 1153 btiitate,
363 1095 439 1157 quae
458 1081 574 1140 nonnisi
593 1079 631 1136 in
645 1079 781 1138 msoiom
801 1082 925 1140 venitote
946 1085 1087 1142 moratur.
1109 1083 1144 1141 ln
1165 1083 1223 1142 hac
1242 1086 1297 1161 igi·

220 1183 270 1239 tnr
289 1181 368 1239 cerni
388 1177 506 1253 debent,
527 1179 553 1236 si
573 1176 699 1252 intelligi
719 1177 825 1238 veiint.
847 1176 959 1253 Tertio,
979 1180 1049 1255 quia
1069 1181 1197 1254 primum
1217 1181 1297 1242 obic-

220 1281 301 1336 ctnm
321 1276 506 1352 cogitationis
525 1280 693 1333 concretum
713 1279 778 1350 est,
800 1280 888 1351 atque
907 1277 1068 1352 eiusmodi,
1090 1284 1123 1336 ut
1143 1278 1180 1336 ad
1201 1281 1296 1354 ipsum

221 1373 411 1450 cogitationen
429 1387 532 1431 omncs
550 1377 734 1430 revocentur.
757 1371 829 1430 Cura
850 1373 942 1448 igitur
960 1375 1081 1449 quaevis
1100 1376 1238 1451 cogitatio
1258 1375 1298 1434 nd

220 1469 316 1532 fleam
338 1469 384 1526 vei
403 1466 469 1542 Dei,
490 1467 536 1527 rei
559 1469 674 1544 mundi,
694 1468 741 1528 vei
762 1471 917 1528 creadcnis
938 1469 1109 1547 reducatur3
1131 1473 1161 1529 in
1176 1471 1297 1530 nautri-

221 1565 290 1642 piici
310 1564 442 1624 maiitate
467 1566 594 1638 primum
614 1565 760 1624 obiectum
780 1567 944 1626 intuitionis
967 1569 1059 1626 animi
1079 1571 1179 1643 reponi
1199 1568 1295 1628 decc.

221 1662 334 1736 Quibus
345 1663 525 1738 argumentis
537 1661 661 1740 accedit,
676 1668 709 1722 nt
729 1665 771 1722 sio
792 1665 883 1722 mirus
897 1669 1055 1724 concentus
1069 1663 1212 1726 habeatnr
1232 1667 1298 1744 phi-

222 1759 385 1835 iosophiam
404 1761 480 1818 tuter
500 1765 530 1818 et
551 1760 779 1837 renotationem,
800 1775 875 1837 quae
896 1777 914 1820 a
934 1759 994 1820 Dec
1015 1769 1044 1822 et
1063 1779 1082 1822 a
1101 1767 1247 1824 creatione
1266 1767 1297 1824 in

222 1860 284 1920 sois
303 1857 488 1935 dogmatibus
508 1857 670 1918 exorditur.

229 1994 233 2001 -
283 1964 352 2016 tta.
372 1955 508 2033 systema
521 1955 578 2016 hoc
597 1955 873 2016 Maiebmnchianne
888 1959 1009 2017 outonis
1023 1959 1057 2018 in
1071 1958 1133 2018 Deo
1148 1963 1300 2022 morano

210 2039 288 2116 ‘esse
299 2055 428 2132 videtur,
447 2056 592 2130 praesenti
605 2055 854 2114 mtionaiisiarum
867 2058 1032 2132 progressui
1047 2057 1295 2132 accommodatae.

221 2153 336 2228 Quibus
355 2169 426 2215 vero
445 2155 526 2212 vitiis
545 2158 647 2228 peccet
665 2151 838 2229 singiliatim
859 2151 1065 2214 indicabimus.

280 2252 438 2328 Principio,
451 2251 517 2326 pius
536 2266 629 2326 amno
649 2249 842 2328 psychoiogos
856 2252 1013 2328 generatim
1035 2258 1237 2328 versamque
1259 2252 1298 2313 iis

222 2352 350 2427 mpergit
369 2349 511 2424 maeatis,
531 2364 551 2408 a
574 2348 681 2423 quibus
707 2348 836 2424 plerique
860 2364 960 2419 corum
980 2348 1091 2426 detergi
1116 2357 1243 2425 possent.
1267 2349 1298 2410 Si

222 2449 301 2509 euim
320 2448 460 2507 sensistae
478 2448 539 2505 seri
561 2447 688 2505 nominis
706 2447 906 2521 excipiantur,
926 2448 977 2522 qui
997 2446 1200 2522 philosophiae
1219 2447 1298 2505 radi·

221 2548 298 2607 citus
309 2546 430 2605 vidone
443 2545 546 2603 meritc
559 2550 734 2619 argunntnr3
749 2543 853 2619 reliqui
866 2546 996 2602 saniores
1008 2543 1111 2606 saitem
1125 2543 1299 2621 psychoicgi

222 2640 309 2719 iongc
326 2640 435 2702 absum
453 2639 491 2699 ab
504 2638 662 2714 mundius,
679 2656 754 2716 qnos
773 2640 903 2701 Giobcrti
923 2640 962 2699 ad
974 2656 1061 2701 suum
1082 2646 1212 2719 systema
1230 2655 1299 2702 sna·

223 2735 540 2817 dendum‘cxaggcrat.
552 2737 618 2797 Non
638 2739 717 2797 enim
737 2739 930 2797 communiter
948 2740 992 2797 sic
1012 2737 1051 2797 ad
1069 2737 1231 2816 subiectum
1250 2752 1300 2797 co-

224 2836 322 2912 gitans
340 2836 613 2910 contemptationem
635 2842 784 2911 revocem,
800 2842 832 2894 ut
852 2835 921 2895 inde
941 2836 1115 2912 principium
1130 2834 1301 2896 effectivum

223 2933 361 2991 scientiae
379 2937 409 2991 et
427 2932 559 2991 idearum
572 2931 703 2992 exhiberi
723 2938 846 3009 potent3
867 2932 919 2991 sed
939 2934 1139 3008 suimetipsius
1153 2934 1302 2993 conscien-

223 3030 313 3105 tiam,
334 3028 559 3107 adproctasnm
579 3028 814 3105 philosophicum
835 3030 914 3105 quod
935 3032 1055 3104 attinet,
1075 3035 1227 3105 tamquam
1244 3031 1303 3104 pri·

223 3143 306 3191 mura
326 3125 444 3202 nimand
464 3127 494 3183 iu
507 3125 610 3185 ordine
629 3129 726 3202 potius
746 3126 952 3203 edrcociopicc
971 3132 1059 3202 quani
1082 3126 1177 3204 moion
1196 3128 1303 3187 consti·

224 3230 322 3285 tnnnt.
351 3223 501 3298 Quaeret
529 3223 591 3299 ipse
610 3222 779 3301 Gartcsius,
808 3226 875 3286 iicet
893 3240 997 3300 parurn
1025 3224 1080 3283 sibi
1101 3226 1300 3300 consentiens,

225 3322 353 3384 votuisse
371 3320 431 3381 dici
446 3327 561 3398 possct3
583 3324 691 3399 quippe
704 3326 755 3397 qai
769 3328 922 3397 postquam
937 3338 969 3381 se
982 3324 1109 3398 cogitare
1129 3327 1159 3380 ct
1178 3324 1304 3381 existere

224 3420 603 3497 animadvertit-continno
622 3418 661 3479 ad
681 3417 777 3494 ideas,
797 3434 873 3495 onae
894 3421 992 3478 animo
1012 3420 1137 3494 inerant,
1159 3418 1304 3478 obiectire

225 3518 463 3594 contemplandas
483 3524 608 3577 mentem
630 3517 788 3577 transferre
812 3515 981 3592 contendit,
1002 3518 1033 3574 in
1052 3531 1110 3592 qna
1125 3516 1304 3591 contempta·

224 3618 382 3678 tioncnou
402 3624 463 3677 tarn
484 3616 644 3677 subiecere
662 3614 825 3692 clementa,
846 3630 935 3691 quam
955 3613 1099 3675 obiectiva
1119 3616 1216 3689 potins
1237 3628 1304 3674 con-

226 3718 358 3796 qnisisit.

287 3814 343 3875 Sed
363 3814 506 3891 quidquid
525 3813 563 3873 da
582 3814 711 3873 canesio
731 3819 783 3872 aut
803 3812 869 3873 aiiis
889 3814 945 3889 sit,
967 3826 1092 3889 qaorum
1111 3808 1242 3871 coemto
1261 3812 1307 3869 ni·

228 3912 270 3970 hii
290 3913 329 3972 ad
350 3914 501 3974 scientiam
523 3914 659 3988 interest,
679 3910 779 3985 procui
801 3909 890 3969 dubio
910 3914 1016 3969 natura
1035 3908 1162 3969 methodi
1182 3906 1307 3984 psycho-
