2892 4425
584 340 658 383 eras
681 340 797 383 samaa
1186 332 1223 383 tt

151 466 236 526 mnr3
266 464 417 511 assensum
440 464 507 509 vero
526 448 606 507 bane
628 448 725 523 ipsum
747 449 893 524 opinionis
913 446 1058 509 sombuo
1078 446 1225 524 agnitos

151 546 206 606 bis.
226 548 366 625 Demque.
376 546 558 607 oerdtndinis
578 553 672 607 status
689 546 740 605 iiie
757 549 827 617 erit,
849 548 883 607 in
899 562 958 623 prro
975 548 1095 607 mm
1109 545 1225 609 abieoto
1332 611 1336 616 ,

9 673 29 691 ··
143 645 271 719 fimiter
291 644 449 718 adhereat,
475 646 538 703 aine
561 642 627 703 ata
647 640 835 703 dubitatione
855 648 912 704 aas
932 646 1059 722 oppositi
1079 642 1225 706 solticitu-

148 742 324 817 diaeonus
342 742 460 820 quidem
480 741 618 801 adhaesio
635 756 687 815 per
707 755 742 798 so
758 742 876 799 nonnisi
893 757 996 801 verum
1012 743 1150 818 respicit3
1169 740 1226 803 bos

148 844 226 899 enim
242 839 447 899 tantummodo
468 840 528 897 vim
546 836 636 897 babet
654 836 821 897 atrabendi
834 844 960 898 amntem
980 840 1035 915 sio,
1054 846 1089 899 ut
1102 839 1141 899 ab
1159 840 1224 901 eius

148 954 269 997 msensn
282 954 400 996 omnem
414 935 618 995 titubationem
637 934 785 995 enoiudat.
803 935 843 994 m
859 936 1001 1013 quoniam
1014 952 1097 996 mens
1114 934 1223 997 adbae-

150 1052 213 1095 rere
228 1026 500 1121 aliquando'poiest
517 1032 603 1107 taiso,
621 1032 700 1110 quod
716 1032 832 1092 debitae
849 1029 1089 1093 considerationis
1105 1032 1221 1095 meatu

149 1148 250 1191 aarum
273 1137 429 1207 appareat;
454 1130 579 1190 eiiieitnr
602 1131 672 1191 bine
696 1138 731 1191 ut
750 1133 900 1207 persuasio
922 1132 1065 1206 quaedam
1090 1132 1224 1191 innam·

149 1232 240 1289 turin
255 1230 364 1303 animo,
384 1244 459 1304 quae
472 1230 553 1289 voois
571 1228 665 1287 abusu
686 1230 825 1303 appaiiari
843 1244 960 1305 qnoque
979 1228 1053 1287 sniet
1069 1214 1224 1305 mundo,

149 1342 216 1389 num
231 1330 262 1385 in
280 1343 311 1387 se
328 1328 473 1403 opinionis
490 1326 631 1388 ambitum
654 1342 710 1385 non
733 1326 1005 1403 praetermodum.
1021 1324 1069 1387 Sic
1082 1327 1226 1403 menapis

145 1425 301 1503 aliquando
319 1427 434 1501 niquis
455 1441 515 1483 non
535 1424 648 1485 dubitet
666 1424 704 1483 de
723 1442 767 1502 re,
786 1440 862 1501 qnae
879 1427 1047 1502 main
1064 1424 1086 1485 a'
1101 1426 1226 1485 veritate

147 1522 279 1583 dlsoedit.
299 1522 383 1597 Quod
400 1526 426 1583 si
444 1522 581 1599 perdurat
597 1523 683 1583 iirma
699 1524 751 1583 iiia
765 1526 861 1601 ‘animi
875 1526 1031 1598 sententis,
1044 1524 1136 1583 edam
1156 1539 1225 1583 mm

147 1616 291 1697 detegitn'r
304 1638 402 1699 error3
423 1638 476 1681 neo
495 1621 640 1683 certitudo
657 1638 711 1682 nee
727 1624 827 1698 opinio
842 1620 975 1682 sonanda
992 1627 1048 1696 est,
1064 1618 1117 1680 sed
1136 1620 1225 1681 obsti·

149 1722 228 1780 natio
242 1723 347 1780 menda
367 1728 397 1779 et
419 1722 589 1797 pertinacia.
612 1721 692 1780 idem
711 1724 895 1797 proportione
909 1718 1037 1795 quadam
1054 1718 1114 1777 diei
1129 1724 1225 1795 potrst

147 1818 184 1878 de
204 1819 350 1878 evidentia
369 1835 445 1895 quae
465 1835 517 1895 par
537 1836 568 1879 se
589 1834 626 1879 ex
648 1820 711 1879 soia
731 1822 854 1880 veritate
873 1818 997 1895 renidet,-
1015 1819 1152 1895 mamus
1171 1833 1224 1877 ns·

148 1917 287 1994 giigeritia
314 1921 473 1993 speatantis
505 1919 640 1979 credatur
666 1934 886 1995 nonnumquam
910 1933 974 1979 esse
1001 1916 1121 1978 evidens
1142 1914 1222 1993 quod

147 2017 267 2077 evidens
288 2033 390 2092 reapse
410 2034 469 2077 non
489 2026 544 2078 eet.

206 2114 262 2175 Sed
282 2122 344 2177 tum
364 2117 400 2177 de
413 2118 560 2180 evidentia
584 2125 645 2177 tum
661 2120 749 2176 etiam
770 2118 807 2176 de
820 2116 1005 2191 oet-titudine,
1024 2131 1101 2191 quae
1117 2117 1150 2174 in
1168 2114 1222 2172 ob·

18 2219 22 2229 “
149 2215 229 2271 ieotis
245 2215 371 2274 naturali
389 2215 491 2274 iumini
511 2215 750 2290 respondentibus
768 2232 835 2275 enm
849 2217 914 2290 ipsa
934 2219 1014 2273 arete
1028 2215 1223 2286 maneantur,

149 2310 257 2369 iusiore
272 2313 422 2388 aliquanto
436 2330 569 2372 mamone
584 2313 738 2392 dicendam
755 2320 808 2372 est.
836 2313 875 2370 iis
895 2315 995 2386 itaque
1015 2313 1160 2387 integrum
1177 2328 1222 2370 ur·

149 2407 271 2467 ticulum
288 2407 479 2468 destinamus.

568 2605 751 2660 Anarcunus
771 2603 810 2660 11.
908 2655 913 2663 .

461 2805 504 2864 De
519 2804 694 2865 certitudine
709 2811 740 2862 et
752 2803 910 2864 esmeria

209 3005 257 3054 ta.
282 2995 392 3070 Soopns
415 2999 520 3056 mentis
541 3005 658 3057 nostrae
681 3000 711 3055 in
733 2999 884 3056 veritatem
906 2997 1040 3056 maanus
1063 2998 1088 3056 ts
1108 3001 1171 3070 est,
1191 3003 1223 3055 ut

148 3111 241 3154 rerum
256 3102 365 3153 eertum
379 3095 600 3171 evidentemqne
617 3098 751 3154 notitiam
765 3111 987 3170 consequamur.
1004 3094 1068 3170 Age
1086 3096 1145 3152 iam
1162 3109 1222 3152 oer-

144 3189 244 3251 titudo
262 3195 291 3250 in
315 3192 441 3268 quadam
464 3192 667 3252 immobilitate
689 3196 795 3254 mentis
817 3193 930 3252 obieoto
950 3191 1138 3252 adhaerentis
1157 3207 1222 3268 pro

147 3289 209 3360 prio
224 3290 280 3346 sita
300 3296 353 3348 est.
375 3289 526 3366 Signisseat
537 3295 621 3350 enim
636 3293 776 3368 quietem,
794 3306 853 3366 qua
871 3307 953 3350 mena
969 3289 1109 3364 afficitur,
1124 3291 1153 3348 in
1174 3305 1223 3348 oo

148 3385 276 3458 gnib'one
302 3401 389 3460 quam
417 3391 583 3464 aequisivit.
613 3389 697 3462 Quod
723 3396 821 3449 summ
848 3388 990 3448 eiusmodi
1019 3391 1102 3465 quies
1134 3390 1223 3448 menti
1273 3473 1276 3479 1

146 3488 309 3555 competere
324 3483 436 3561 debeat,
451 3487 647 3546 clarissimum
662 3495 716 3548 est.
739 3487 815 3547 Nam
831 3490 928 3549 omnis
940 3490 1069 3563 potentia
1086 3489 1223 3563 conquie

146 3581 202 3640 soit
224 3581 254 3638 in
276 3586 454 3656 possessione
476 3585 545 3644 boni
570 3587 607 3645 ad
631 3587 710 3662 qnod
732 3587 847 3663 tendit3
869 3587 977 3646 bonum
998 3593 1096 3648 sutem
1117 3587 1224 3649 mentis

145 3685 191 3740 eut
209 3681 270 3740 veri
284 3682 421 3755 oognitio.
447 3683 521 3742 Cum
540 3687 634 3761 igitur·
652 3701 735 3744 mens
749 3687 914 3761 assequitur
935 3685 1131 3760 cognitionem
1149 3686 1222 3757 seri,
1312 3673 1320 3690 '

145 3777 209 3838 fleri
229 3794 288 3837 non
307 3785 403 3853 potest
423 3783 494 3855 quin
512 3781 627 3856 expieta
649 3799 686 3842 ea
709 3783 766 3844 bae
785 3789 866 3858 parte
883 3781 1042 3856 tendentia,
1060 3797 1119 3858 qna
1140 3799 1224 3842 mens

145 3875 183 3934 ad
197 3875 269 3936 iiiud
289 3875 447 3952 terebatur,
465 3880 494 3937 in
515 3883 578 3938 eius
599 3880 751 3956 adeptione
769 3883 894 3957 qnmmm
913 3881 1053 3953 inveniat,
1065 3880 1140 3940 idest
1161 3897 1223 3940 eer-

146 3974 269 4062 titudine
287 3977 422 4053 gaudeat.
