2892 4425
244 312 264 367 Β
666 324 903 371 rauutmom

303 431 485 493 Incunabula
498 435 588 511 igitur
607 434 808 511 philosophiae
826 436 858 493 in
872 434 992 493 Oriente
1009 433 1140 511 luerunt,
1159 449 1247 511 quma
1265 438 1320 512 pri·

242 530 285 587 sci
305 532 450 605 sapientes
471 547 585 608 semper
606 538 641 592 ut
660 535 833 608 magistrum
855 546 1024 607 suspexere,
1044 538 1133 607 atque
1155 531 1238 607 illuc,
1255 548 1318 592 eru·

241 624 339 685 diendi
354 630 467 705 gratia,
482 644 569 704 saepe
586 630 689 707 longas
702 630 952 705 peregrinationes
966 630 1095 703 aggressi
1108 635 1190 693 suot
1212 629 1319 689 &rum

241 726 371 800 gentium
390 724 538 801 Sineoses,
556 727 683 803 Assyrii,
700 726 838 802 Aegyptii
856 726 1038 800 potissimum
1057 728 1277 803 praestiterunt,
1291 733 1321 785 et

241 822 474 899 maximelnd13
496 824 573 899 apud
594 840 667 899 quos
687 824 847 898 speculatio
868 838 972 882 omues
990 822 1052 881 iere
1073 822 1186 883 formas
1202 824 1320 903 induit,
1405 876 1408 880 ,

241 926 271 979 et
287 923 440 979 innumera
461 922 595 996 procudit
619 928 782 999 systemata
801 924 824 979 ¹.
1344 976 1348 985 .

237 1022 240 1031 '
302 1015 473 1092 Sepieotrm
487 1020 675 1079 vetustissimi
690 1020 832 1077 memoria
844 1020 998 1094 praecipue
1010 1018 1195 1078 celebrantur
1207 1018 1321 1079 eChal-

241 1110 322 1172 ducis
345 1114 435 1190 (quos
458 1114 572 1175 Tullius
592 1117 833 1191 antiquissimam
849 1114 1000 1175 doctorum
1023 1132 1116 1191 pensa
1139 1113 1319 1191 appetam)

240 1210 377 1288 Berosus;
399 1229 435 1271 ex
449 1211 602 1289 Aegyptiis
612 1212 834 1289 Trlsmegtstos3
853 1213 932 1288 apud
945 1213 1050 1273 Persas
1060 1214 1225 1289 damastes,
1242 1214 1321 1290 apud

231 1308 330 1385 ¹ludos
345 1310 446 1385 vynsa
466 1317 495 1368 et
513 1310 653 1385 Buddas;
677 1310 754 1385 apud
776 1310 911 1369 Sirenses
929 1310 1067 1371 Laches
1090 1318 1121 1371 et
1141 1311 1320 1387 Cantemus,

137 1410 142 1418 '
241 1404 458 1465 Saochouiaton
471 1406 657 1483 Phoenicius,
669 1407 817 1467 Zamolnls
831 1414 861 1467 et
872 1407 1051 1468 Anacharsis
1063 1408 1204 1485 Scythae,
1213 1408 1321 1485 aliique

161 1516 165 1525 ¹
240 1517 330 1577 penes
349 1500 423 1559 alias
443 1507 544 1577 gentas
564 1518 625 1561 non
650 1505 747 1578 pauci.
1159 1507 1165 1515 ’

243 1648 246 1653 .
301 1606 332 1659 6.
358 1598 439 1659 luter
463 1598 626 1659 Orientalss
647 1602 779 1660 nationes
801 1604 896 1661 omitti
922 1618 981 1661 non
1009 1602 1094 1663 debet
1118 1602 1319 1663 Hebraeorum

241 1711 332 1771 gens,
350 1700 426 1773 quae
445 1702 544 1771 utpote
559 1702 748 1771 paternarum
770 1698 963 1757 traditionum
983 1700 1197 1759 studiosissima
1219 1706 1249 1757 ct
1271 1716 1319 1759 sa·

240 1808 357 1852 crorum
379 1792 536 1851 bibliorum
559 1801 662 1853 ornata
679 1797 837 1871 institutis,
857 1811 928 1870 prae
948 1797 1069 1872 reliquis
1091 1788 1320 1872 populisabun·

241 1892 324 1951 davit
345 1894 497 1966 sapientia.
522 1892 583 1963 Nec
607 1909 678 1952 uero
702 1893 866 1952 audiendus
886 1901 931 1953 est
953 1894 1105 1970 Bracker,
1130 1897 1182 1970 qui
1204 1898 1323 1970 propria
1366 1909 1373 1923 ·

240 1988 431 2065 philosophos
446 1991 476 2047 in
497 2004 531 2049 ea
545 1990 675 2049 extitisse
690 1997 791 2067 negat,
810 1994 865 2051 etsi
883 1992 1043 2065 permultos
1064 2006 1132 2051 rere
1152 2006 1275 2067 magnos
1290 1998 1322 2051 et

241 2070 427 2147 doctissimos
440 2086 630 2163 politioraque
644 2087 818 2163 prudentiae
834 2087 965 2147 eruditos
977 2088 1112 2147 floruisse
1129 2088 1266 2147 fateatur.
1280 2088 1322 2149 At

241 2196 296 2262 ego
318 2201 389 2245 saue
412 2186 509 2244 nescio
529 2202 620 2261 quare
646 2174 824 2262 philosophi
838 2201 945 2244 nomm
974 2184 1141 2261 Quodam
1161 2188 1202 2246 sit
1221 2185 1322 2263 Moysi
1423 2199 1424 2210 ¹

241 2298 290 2340 ex.
307 2299 337 2358 g.
362 2289 391 2340 et
411 2282 528 2358 horidi,
548 2285 760 2360 praecipueque
780 2281 941 2358 Salomoni,
963 2285 1047 2341 cuius
1066 2284 1216 2358 sapientis
1229 2299 1320 2359 pree·

240 2377 363 2438 cedebat
381 2380 556 2456 sapientiam
577 2383 706 2440 martium
729 2379 921 2440 mentalium
939 2384 970 2438 et
990 2379 1201 2457 aeqyptiomm
1217 2421 1225 2437 .
1242 2384 1323 2438 ..et

240 2476 408 2554 disputavit
430 2495 517 2554 super
536 2477 621 2555 liyne
642 2495 661 2537 a
683 2477 781 2553 cedro,
793 2495 882 2556 pace
902 2482 947 2537 cst
968 2481 1002 2538 ia
1025 2477 1149 2552 Libone,
1170 2493 1261 2554 ruspare
1280 2475 1324 2534 od
1343 2513 1351 2518 -

240 2573 407 2651 hyssopum,
430 2590 507 2650 quae
529 2574 680 2650 eyredilor
697 2575 734 2634 de
753 2580 884 2651 pericle,
908 2581 939 2633 et
958 2574 1099 2633 disseruit
1118 2573 1162 2638 rie*
1180 2576 1322 2634 iumentis
1423 2618 1424 2669 ἰ

241 2675 272 2730 et
291 2670 460 2741 uolneribus
479 2675 510 2728 et
531 2671 688 2746 reptilibus
708 2675 738 2730 et
755 2671 890 2748 piscibus
903 2674 929 2728 ³.

302 2776 331 2826 t.
354 2769 399 2827 Ex
413 2767 532 2827 Oriente
544 2767 730 2842 philosophia
743 2770 883 2844 migrauit
900 2769 932 2824 in
942 2765 1108 2840 Graeciam,
1122 2781 1181 2839 qao
1195 2765 1321 2826 feliciori

240 2867 328 2926 insita
347 2866 410 2925 sole
435 2865 548 2924 fruetus
569 2880 618 2922 eos
639 2863 773 2940 protulit,
794 2879 869 2940 quos
887 2864 949 2922 iure
966 2864 1063 2921 omnis
1084 2863 1189 2925 mirata
1208 2869 1254 2922 est
1276 2879 1324 2922 ae-

240 2969 297 3022 tas.
316 2962 454 3022 Omnium
478 2963 644 3035 veterrimi,
668 2963 718 3036 qui
739 2963 856 3037 proprie
875 2959 993 3020 scholas
1009 2959 1191 3036 fundarunt,
1213 2957 1323 3019 Thales

300 3154 372 3202 iser
397 3151 553 3214 potissiruum
571 3153 728 3202 mmnseutur
750 3152 777 3200 io
795 3151 845 3200 tria
863 3150 959 3200 himma
976 3151 1126 3202 distributa:
1145 3149 1196 3201 duo
1213 3153 1323 3214 Nyssa,

168 3285 170 3290 ,
241 3231 292 3282 diro
309 3233 455 3292 Mimanta,
473 3230 523 3280 duo
542 3229 673 3294 seahhya.
699 3230 856 3293 Philosophia
873 3233 1007 3282 Alimenta
1022 3215 1152 3281 exordium
1169 3243 1228 3280 suae
1246 3231 1322 3278 resti·
1423 3262 1425 3309 ss

241 3310 348 3374 gationis
365 3309 434 3360 ducit
448 3325 462 3359 a
479 3311 636 3376 revelatione,
655 3313 680 3360 st
697 3314 803 3372 systema
821 3309 888 3373 quod
908 3310 1023 3362 eiiormst
1042 3311 1180 3374 appellatur
1193 3309 1322 3370 lederna,

240 3391 311 3455 quasi
328 3391 462 3454 amplitioet
481 3393 506 3440 et
522 3391 643 3454 courpieat
658 3391 749 3450 Verior,
762 3390 839 3441 libros
858 3390 976 3440 nimirum
991 3391 1083 3455 qrrihos
1098 3386 1324 3439 rominebrtrrrdo·

240 3471 321 3521 ctrina
332 3483 412 3521 sacra
430 3471 589 3534 Philosophia
602 3473 684 3520 autem
698 3473 792 3535 Nyssa
812 3469 941 3519 exorditur
953 3483 968 3520 a
981 3471 1103 3534 principio
1119 3470 1251 3532 eogitsnte3
1267 3469 1324 3531 phi-

239 3551 353 3615 losophis
368 3549 491 3614 seahhya
509 3565 524 3600 a
543 3549 750 3614 contemplatione
768 3552 879 3600 estune.
893 3550 997 3615 'hlirurp
1011 3564 1071 3602 sanc
1088 3553 1127 3600 est
1143 3549 1323 3614 posmodum

237 3629 341 3680 tendam
351 3630 511 3680 humanitatis
524 3632 672 3692 scrutantes,
685 3643 740 3680 cam
753 3629 892 3680 abundasse
900 3630 1029 3693 sapientia,
1039 3633 1065 3680 et
1078 3630 1165 3693 primis
1179 3628 1324 3678 hominibus

240 3709 385 3759 immensam
402 3711 482 3760 lucam
501 3724 642 3761 coruscasse
661 3711 820 3774 reperiamus.
842 3711 870 3761 ld
889 3713 973 3775 aperte
993 3711 1083 3762 refutat
1104 3724 1147 3762 eos
1165 3711 1209 3774 qui
1228 3709 1325 3772 primos

242 3789 354 3839 homiues
372 3789 488 3841 barbaros
507 3793 610 3854 lingunt.

234 3901 236 3908 .
300 3871 365 3917 tile
379 3871 550 3922 Divinatione
560 3883 614 3934 cap.
632 3875 653 3921 t.

301 3951 476 4012 tlirqamlib.
490 3959 515 4014 t,
526 3966 547 4002 e.
562 3957 586 4016 i,
600 3965 624 4002 r.
637 3959 722 4006 tima.
