<?xml version="1.0" encoding="UTF-8"?>
<!DOCTYPE html PUBLIC "-//W3C//DTD XHTML 1.0 Transitional//EN"
    "http://www.w3.org/TR/xhtml1/DTD/xhtml1-transitional.dtd">
<html xmlns="http://www.w3.org/1999/xhtml" xml:lang="en" lang="en">
 <head>
  <title>
</title>
<meta http-equiv="Content-Type" content="text/html;charset=utf-8" />
  <meta name='ocr-system' content='tesseract 3.04.00' />
  <meta name='ocr-capabilities' content='ocr_page ocr_carea ocr_par ocr_line ocrx_word'/>
</head>
<body>
  <div class='ocr_page' id='page_1' title='image "./institutionesph01libegoog_0409.png"; bbox 0 0 2892 4425; ppageno 0'>
   <div class='ocr_carea' id='block_1_1' title="bbox 438 382 1217 435">
    <p class='ocr_par' dir='ltr' id='par_1_1' title="bbox 438 382 1217 435">
     <span class='ocr_line' id='line_1_1' title="bbox 438 382 1217 435; baseline 0.01 -8"><span class='ocrx_word' id='word_1_1' title='bbox 438 382 517 429; x_wconf 64' lang='grc' dir='ltr'><strong>ΡΜ</strong></span> <span class='ocrx_word' id='word_1_2' title='bbox 538 383 657 429; x_wconf 80' lang='lat' dir='ltr'><strong>tuem</strong></span> <span class='ocrx_word' id='word_1_3' title='bbox 676 396 690 415; x_wconf 76' lang='lat'>⁸</span> <span class='ocrx_word' id='word_1_4' title='bbox 711 382 930 432; x_wconf 66' lang='lat' dir='ltr'><strong>mmmmm</strong></span> <span class='ocrx_word' id='word_1_5' title='bbox 1165 382 1217 435; x_wconf 66' lang='lat'><strong>¹⁸1</strong></span> 
     </span>
    </p>
   </div>
   <div class='ocr_carea' id='block_1_2' title="bbox 142 491 1190 649">
    <p class='ocr_par' dir='ltr' id='par_1_2' title="bbox 142 491 1190 649">
     <span class='ocr_line' id='line_1_2' title="bbox 142 491 1190 649; baseline 0.007 -97"><span class='ocrx_word' id='word_1_6' title='bbox 142 491 336 649; x_wconf 53' lang='lat' dir='ltr'><strong>aetnisgis</strong></span> <span class='ocrx_word' id='word_1_7' title='bbox 355 492 502 553; x_wconf 78' lang='lat' dir='ltr'><strong>uousnnt</strong></span> <span class='ocrx_word' id='word_1_8' title='bbox 526 498 726 569; x_wconf 71' lang='lat' dir='ltr'><strong>properantes.</strong></span> <span class='ocrx_word' id='word_1_9' title='bbox 748 494 806 568; x_wconf 82' lang='lat' dir='ltr'><strong>Qui</strong></span> <span class='ocrx_word' id='word_1_10' title='bbox 833 509 898 555; x_wconf 87' lang='lat' dir='ltr'><strong>euru</strong></span> <span class='ocrx_word' id='word_1_11' title='bbox 918 496 1015 573; x_wconf 90' lang='lat' dir='ltr'><strong>cupit,</strong></span> <span class='ocrx_word' id='word_1_12' title='bbox 1036 494 1190 575; x_wconf 77' lang='lat' dir='ltr'><strong>physioiog</strong></span> 
     </span>
    </p>
   </div>
   <div class='ocr_carea' id='block_1_3' title="bbox 129 684 1223 3384">
    <p class='ocr_par' dir='ltr' id='par_1_3' title="bbox 129 684 1223 3384">
     <span class='ocr_line' id='line_1_3' title="bbox 201 684 1221 768; baseline 0.008 -23"><span class='ocrx_word' id='word_1_13' title='bbox 201 686 333 747; x_wconf 84' lang='lat' dir='ltr'><strong>Tertium</strong></span> <span class='ocrx_word' id='word_1_14' title='bbox 352 684 556 747; x_wconf 78' lang='lat' dir='ltr'><strong>observatione</strong></span> <span class='ocrx_word' id='word_1_15' title='bbox 573 687 697 765; x_wconf 76' lang='lat' dir='ltr'><strong>dignum</strong></span> <span class='ocrx_word' id='word_1_16' title='bbox 716 694 774 764; x_wconf 90' lang='lat' dir='ltr'><strong>est,</strong></span> <span class='ocrx_word' id='word_1_17' title='bbox 788 704 893 750; x_wconf 87' lang='lat' dir='ltr'><strong>seusus</strong></span> <span class='ocrx_word' id='word_1_18' title='bbox 907 704 1092 768; x_wconf 65' lang='lat' dir='ltr'><strong>equaquam</strong></span> <span class='ocrx_word' id='word_1_19' title='bbox 1107 692 1172 753; x_wconf 86' lang='lat' dir='ltr'><strong>istil</strong></span> <span class='ocrx_word' id='word_1_20' title='bbox 1190 696 1221 753; x_wconf 89' lang='lat' dir='ltr'><strong>in</strong></span> 
     </span>
     <span class='ocr_line' id='line_1_4' title="bbox 141 781 1222 867; baseline 0.008 -25"><span class='ocrx_word' id='word_1_21' title='bbox 141 785 261 860; x_wconf 90' lang='lat' dir='ltr'><strong>proprio</strong></span> <span class='ocrx_word' id='word_1_22' title='bbox 275 781 389 843; x_wconf 80' lang='lat' dir='ltr'><strong>obiecto</strong></span> <span class='ocrx_word' id='word_1_23' title='bbox 403 785 459 843; x_wconf 86' lang='lat' dir='ltr'><strong>rite</strong></span> <span class='ocrx_word' id='word_1_24' title='bbox 476 785 648 861; x_wconf 70' lang='lat' dir='ltr'><strong>attingendo</strong></span> <span class='ocrx_word' id='word_1_25' title='bbox 665 785 827 846; x_wconf 85' lang='lat' dir='ltr'><strong>durnrnodo</strong></span> <span class='ocrx_word' id='word_1_26' title='bbox 840 787 1020 849; x_wconf 82' lang='lat' dir='ltr'><strong>conditiones</strong></span> <span class='ocrx_word' id='word_1_27' title='bbox 1033 789 1143 867; x_wconf 87' lang='lat' dir='ltr'><strong>adsint,</strong></span> <span class='ocrx_word' id='word_1_28' title='bbox 1157 794 1222 867; x_wconf 82' lang='lat' dir='ltr'><strong>qni·</strong></span> 
     </span>
     <span class='ocr_line' id='line_1_5' title="bbox 140 880 1220 961; baseline 0.007 -20"><span class='ocrx_word' id='word_1_29' title='bbox 140 880 198 941; x_wconf 82' lang='lat' dir='ltr'><strong>bes</strong></span> <span class='ocrx_word' id='word_1_30' title='bbox 216 882 409 941; x_wconf 68' lang='lat' dir='ltr'><strong>meduan</strong></span> <span class='ocrx_word' id='word_1_31' title='bbox 424 881 566 958; x_wconf 71' lang='lat' dir='ltr'><strong>adstringi</strong></span> <span class='ocrx_word' id='word_1_32' title='bbox 585 886 720 959; x_wconf 89' lang='lat' dir='ltr'><strong>superius</strong></span> <span class='ocrx_word' id='word_1_33' title='bbox 739 883 973 961; x_wconf 77' lang='lat' dir='ltr'><strong>explanavimus.</strong></span> <span class='ocrx_word' id='word_1_34' title='bbox 986 886 1051 958; x_wconf 81' lang='lat' dir='ltr'><strong>Quo</strong></span> <span class='ocrx_word' id='word_1_35' title='bbox 1070 902 1141 949; x_wconf 78' lang='lat' dir='ltr'><strong>vero</strong></span> <span class='ocrx_word' id='word_1_36' title='bbox 1160 904 1220 949; x_wconf 89' lang='lat' dir='ltr'><strong>ms·</strong></span> 
     </span>
     <span class='ocr_line' id='line_1_6' title="bbox 141 976 1219 1057; baseline 0.007 -21"><span class='ocrx_word' id='word_1_37' title='bbox 141 981 189 1055; x_wconf 77' lang='lat' dir='ltr'><strong>gis</strong></span> <span class='ocrx_word' id='word_1_38' title='bbox 205 976 244 1037; x_wconf 82' lang='lat' dir='ltr'><strong>sii</strong></span> <span class='ocrx_word' id='word_1_39' title='bbox 265 980 302 1036; x_wconf 93' lang='lat' dir='ltr'><strong>iis</strong></span> <span class='ocrx_word' id='word_1_40' title='bbox 320 976 536 1037; x_wconf 68' lang='lat' dir='ltr'><strong>conditiouim</strong></span> <span class='ocrx_word' id='word_1_41' title='bbox 554 980 705 1054; x_wconf 87' lang='lat' dir='ltr'><strong>recedunt,</strong></span> <span class='ocrx_word' id='word_1_42' title='bbox 724 996 761 1041; x_wconf 93' lang='lat' dir='ltr'><strong>eo</strong></span> <span class='ocrx_word' id='word_1_43' title='bbox 777 982 873 1057; x_wconf 72' lang='lat' dir='ltr'><strong>magis</strong></span> <span class='ocrx_word' id='word_1_44' title='bbox 892 983 984 1041; x_wconf 88' lang='lat' dir='ltr'><strong>errori</strong></span> <span class='ocrx_word' id='word_1_45' title='bbox 1001 988 1070 1042; x_wconf 87' lang='lat' dir='ltr'><strong>sent</strong></span> <span class='ocrx_word' id='word_1_46' title='bbox 1088 982 1219 1044; x_wconf 82' lang='lat' dir='ltr'><strong>obnoxii.</strong></span> 
     </span>
     <span class='ocr_line' id='line_1_7' title="bbox 140 1074 1221 1157; baseline 0.003 -21"><span class='ocrx_word' id='word_1_47' title='bbox 140 1078 183 1137; x_wconf 81' lang='lat' dir='ltr'><strong>iit</strong></span> <span class='ocrx_word' id='word_1_48' title='bbox 201 1076 306 1136; x_wconf 81' lang='lat' dir='ltr'><strong>exinde</strong></span> <span class='ocrx_word' id='word_1_49' title='bbox 321 1074 395 1135; x_wconf 83' lang='lat' dir='ltr'><strong>nihii</strong></span> <span class='ocrx_word' id='word_1_50' title='bbox 409 1078 440 1134; x_wconf 94' lang='lat' dir='ltr'><strong>iu</strong></span> <span class='ocrx_word' id='word_1_51' title='bbox 454 1074 585 1136; x_wconf 78' lang='lat' dir='ltr'><strong>teserem</strong></span> <span class='ocrx_word' id='word_1_52' title='bbox 599 1080 791 1153; x_wconf 86' lang='lat' dir='ltr'><strong>seeptioornrn</strong></span> <span class='ocrx_word' id='word_1_53' title='bbox 811 1080 934 1138; x_wconf 88' lang='lat' dir='ltr'><strong>eruitur.</strong></span> <span class='ocrx_word' id='word_1_54' title='bbox 956 1077 1048 1137; x_wconf 65' lang='lat' dir='ltr'><strong>Meno</strong></span> <span class='ocrx_word' id='word_1_55' title='bbox 1067 1080 1145 1157; x_wconf 80' lang='lat' dir='ltr'><strong>enim</strong></span> <span class='ocrx_word' id='word_1_56' title='bbox 1161 1095 1221 1139; x_wconf 89' lang='lat' dir='ltr'><strong>non</strong></span> 
     </span>
     <span class='ocr_line' id='line_1_8' title="bbox 140 1174 1220 1251; baseline 0.002 -18"><span class='ocrx_word' id='word_1_57' title='bbox 140 1174 223 1235; x_wconf 85' lang='lat' dir='ltr'><strong>ridet</strong></span> <span class='ocrx_word' id='word_1_58' title='bbox 246 1174 405 1235; x_wconf 61' lang='lat' dir='ltr'><strong>eundum</strong></span> <span class='ocrx_word' id='word_1_59' title='bbox 426 1188 490 1233; x_wconf 91' lang='lat' dir='ltr'><strong>esse</strong></span> <span class='ocrx_word' id='word_1_60' title='bbox 516 1174 591 1233; x_wconf 84' lang='lat' dir='ltr'><strong>reiic</strong></span> <span class='ocrx_word' id='word_1_61' title='bbox 616 1180 725 1233; x_wconf 84' lang='lat' dir='ltr'><strong>reetern</strong></span> <span class='ocrx_word' id='word_1_62' title='bbox 749 1176 960 1251; x_wconf 69' lang='lat' dir='ltr'><strong>peroepdonm</strong></span> <span class='ocrx_word' id='word_1_63' title='bbox 983 1174 1109 1251; x_wconf 78' lang='lat' dir='ltr'><strong>obieod,</strong></span> <span class='ocrx_word' id='word_1_64' title='bbox 1130 1178 1220 1235; x_wconf 79' lang='lat' dir='ltr'><strong>edera</strong></span> 
     </span>
     <span class='ocr_line' id='line_1_9' title="bbox 139 1270 1221 1349; baseline 0.002 -19"><span class='ocrx_word' id='word_1_65' title='bbox 139 1286 209 1331; x_wconf 83' lang='lat' dir='ltr'><strong>crue</strong></span> <span class='ocrx_word' id='word_1_66' title='bbox 223 1271 301 1347; x_wconf 76' lang='lat' dir='ltr'><strong>ieges</strong></span> <span class='ocrx_word' id='word_1_67' title='bbox 320 1284 380 1330; x_wconf 91' lang='lat' dir='ltr'><strong>nou</strong></span> <span class='ocrx_word' id='word_1_68' title='bbox 399 1277 565 1346; x_wconf 66' lang='lat' dir='ltr'><strong>manetur,</strong></span> <span class='ocrx_word' id='word_1_69' title='bbox 578 1286 653 1348; x_wconf 82' lang='lat' dir='ltr'><strong>ques</strong></span> <span class='ocrx_word' id='word_1_70' title='bbox 666 1270 705 1331; x_wconf 87' lang='lat' dir='ltr'><strong>ed</strong></span> <span class='ocrx_word' id='word_1_71' title='bbox 717 1270 863 1331; x_wconf 86' lang='lat' dir='ltr'><strong>obiectum</strong></span> <span class='ocrx_word' id='word_1_72' title='bbox 876 1271 1093 1349; x_wconf 84' lang='lat' dir='ltr'><strong>percipiendum</strong></span> <span class='ocrx_word' id='word_1_73' title='bbox 1113 1277 1221 1332; x_wconf 89' lang='lat' dir='ltr'><strong>nuturs</strong></span> 
     </span>
     <span class='ocr_line' id='line_1_10' title="bbox 139 1367 1223 1457; baseline 0.002 -30"><span class='ocrx_word' id='word_1_74' title='bbox 139 1369 337 1444; x_wconf 67' lang='lat' dir='ltr'><strong>praescripsit.</strong></span> <span class='ocrx_word' id='word_1_75' title='bbox 352 1367 414 1427; x_wconf 83' lang='lat' dir='ltr'><strong>Nee</strong></span> <span class='ocrx_word' id='word_1_76' title='bbox 424 1369 532 1427; x_wconf 81' lang='lat' dir='ltr'><strong>retient</strong></span> <span class='ocrx_word' id='word_1_77' title='bbox 545 1374 740 1457; x_wconf 56' lang='lat' dir='ltr'><strong>consonetut</strong></span> <span class='ocrx_word' id='word_1_78' title='bbox 757 1385 795 1429; x_wconf 85' lang='lat' dir='ltr'><strong>ex</strong></span> <span class='ocrx_word' id='word_1_79' title='bbox 817 1384 933 1446; x_wconf 83' lang='lat' dir='ltr'><strong>errore,</strong></span> <span class='ocrx_word' id='word_1_80' title='bbox 947 1385 1033 1446; x_wconf 85' lang='lat' dir='ltr'><strong>quero</strong></span> <span class='ocrx_word' id='word_1_81' title='bbox 1057 1368 1223 1429; x_wconf 84' lang='lat' dir='ltr'><strong>subiectum</strong></span> 
     </span>
     <span class='ocr_line' id='line_1_11' title="bbox 139 1464 1220 1543; baseline 0.001 -19"><span class='ocrx_word' id='word_1_82' title='bbox 139 1466 269 1524; x_wconf 74' lang='lat' dir='ltr'><strong>sentim</strong></span> <span class='ocrx_word' id='word_1_83' title='bbox 282 1466 405 1525; x_wconf 85' lang='lat' dir='ltr'><strong>incurrit</strong></span> <span class='ocrx_word' id='word_1_84' title='bbox 417 1464 536 1541; x_wconf 81' lang='lat' dir='ltr'><strong>quondo</strong></span> <span class='ocrx_word' id='word_1_85' title='bbox 551 1470 663 1525; x_wconf 83' lang='lat' dir='ltr'><strong>ostatu</strong></span> <span class='ocrx_word' id='word_1_86' title='bbox 683 1466 809 1525; x_wconf 76' lang='lat' dir='ltr'><strong>munuli</strong></span> <span class='ocrx_word' id='word_1_87' title='bbox 830 1465 955 1543; x_wconf 77' lang='lat' dir='ltr'><strong>resedit,</strong></span> <span class='ocrx_word' id='word_1_88' title='bbox 975 1466 1136 1527; x_wconf 61' lang='lat' dir='ltr'><strong>meatur</strong></span> <span class='ocrx_word' id='word_1_89' title='bbox 1152 1480 1220 1542; x_wconf 86' lang='lat' dir='ltr'><strong>pos·</strong></span> 
     </span>
     <span class='ocr_line' id='line_1_12' title="bbox 139 1560 1220 1639; baseline 0.003 -18"><span class='ocrx_word' id='word_1_90' title='bbox 139 1560 265 1623; x_wconf 69' lang='lat' dir='ltr'><strong>siuiites</strong></span> <span class='ocrx_word' id='word_1_91' title='bbox 284 1562 413 1622; x_wconf 72' lang='lat' dir='ltr'><strong>eiusde-</strong></span> <span class='ocrx_word' id='word_1_92' title='bbox 433 1565 523 1622; x_wconf 64' lang='lat' dir='ltr'><strong>mani</strong></span> <span class='ocrx_word' id='word_1_93' title='bbox 544 1578 598 1639; x_wconf 94' lang='lat' dir='ltr'><strong>pro</strong></span> <span class='ocrx_word' id='word_1_94' title='bbox 619 1567 700 1622; x_wconf 84' lang='lat' dir='ltr'><strong>statu</strong></span> <span class='ocrx_word' id='word_1_95' title='bbox 719 1563 857 1623; x_wconf 73' lang='lat' dir='ltr'><strong>nwmeii.</strong></span> <span class='ocrx_word' id='word_1_96' title='bbox 872 1562 1036 1623; x_wconf 82' lang='lat' dir='ltr'><strong>Paeeiiaria</strong></span> <span class='ocrx_word' id='word_1_97' title='bbox 1055 1562 1220 1625; x_wconf 80' lang='lat' dir='ltr'><strong>esrodeee·</strong></span> 
     </span>
     <span class='ocr_line' id='line_1_13' title="bbox 139 1658 1220 1737; baseline 0.002 -20"><span class='ocrx_word' id='word_1_98' title='bbox 139 1660 249 1734; x_wconf 80' lang='lat' dir='ltr'><strong>patonis</strong></span> <span class='ocrx_word' id='word_1_99' title='bbox 267 1658 416 1735; x_wconf 78' lang='lat' dir='ltr'><strong>exempta,</strong></span> <span class='ocrx_word' id='word_1_100' title='bbox 436 1674 513 1736; x_wconf 84' lang='lat' dir='ltr'><strong>quse</strong></span> <span class='ocrx_word' id='word_1_101' title='bbox 532 1658 686 1735; x_wconf 70' lang='lat' dir='ltr'><strong>obituum,</strong></span> <span class='ocrx_word' id='word_1_102' title='bbox 707 1661 877 1735; x_wconf 78' lang='lat' dir='ltr'><strong>praesertim</strong></span> <span class='ocrx_word' id='word_1_103' title='bbox 897 1660 995 1737; x_wconf 83' lang='lat' dir='ltr'><strong>queed</strong></span> <span class='ocrx_word' id='word_1_104' title='bbox 1016 1659 1130 1721; x_wconf 83' lang='lat' dir='ltr'><strong>obieeta</strong></span> <span class='ocrx_word' id='word_1_105' title='bbox 1158 1676 1220 1721; x_wconf 90' lang='lat' dir='ltr'><strong>non</strong></span> 
     </span>
     <span class='ocr_line' id='line_1_14' title="bbox 137 1755 1220 1833; baseline 0.002 -16"><span class='ocrx_word' id='word_1_106' title='bbox 137 1758 258 1833; x_wconf 83' lang='lat' dir='ltr'><strong>propris</strong></span> <span class='ocrx_word' id='word_1_107' title='bbox 276 1757 364 1817; x_wconf 91' lang='lat' dir='ltr'><strong>unius</strong></span> <span class='ocrx_word' id='word_1_108' title='bbox 384 1772 488 1817; x_wconf 83' lang='lat' dir='ltr'><strong>sensus</strong></span> <span class='ocrx_word' id='word_1_109' title='bbox 506 1756 558 1817; x_wconf 84' lang='lat' dir='ltr'><strong>sed</strong></span> <span class='ocrx_word' id='word_1_110' title='bbox 577 1758 746 1817; x_wconf 85' lang='lat' dir='ltr'><strong>communie</strong></span> <span class='ocrx_word' id='word_1_111' title='bbox 760 1755 906 1833; x_wconf 86' lang='lat' dir='ltr'><strong>piuribus,</strong></span> <span class='ocrx_word' id='word_1_112' title='bbox 927 1772 987 1819; x_wconf 84' lang='lat' dir='ltr'><strong>une</strong></span> <span class='ocrx_word' id='word_1_113' title='bbox 1006 1758 1096 1819; x_wconf 84' lang='lat' dir='ltr'><strong>uerbo</strong></span> <span class='ocrx_word' id='word_1_114' title='bbox 1114 1757 1220 1819; x_wconf 67' lang='lat' dir='ltr'><strong>dsssoi</strong></span> 
     </span>
     <span class='ocr_line' id='line_1_15' title="bbox 138 1853 1222 1931; baseline 0.002 -18"><span class='ocrx_word' id='word_1_115' title='bbox 138 1870 193 1914; x_wconf 83' lang='lat' dir='ltr'><strong>res</strong></span> <span class='ocrx_word' id='word_1_116' title='bbox 212 1856 238 1913; x_wconf 90' lang='lat' dir='ltr'><strong>si</strong></span> <span class='ocrx_word' id='word_1_117' title='bbox 256 1861 340 1930; x_wconf 86' lang='lat' dir='ltr'><strong>petes</strong></span> <span class='ocrx_word' id='word_1_118' title='bbox 359 1853 398 1914; x_wconf 80' lang='lat' dir='ltr'><strong>sii</strong></span> <span class='ocrx_word' id='word_1_119' title='bbox 416 1853 593 1913; x_wconf 77' lang='lat' dir='ltr'><strong>adversariis</strong></span> <span class='ocrx_word' id='word_1_120' title='bbox 613 1858 648 1913; x_wconf 90' lang='lat' dir='ltr'><strong>ut</strong></span> <span class='ocrx_word' id='word_1_121' title='bbox 671 1853 837 1929; x_wconf 83' lang='lat' dir='ltr'><strong>exemplum</strong></span> <span class='ocrx_word' id='word_1_122' title='bbox 858 1853 979 1931; x_wconf 83' lang='lat' dir='ltr'><strong>aliquod</strong></span> <span class='ocrx_word' id='word_1_123' title='bbox 998 1854 1125 1915; x_wconf 75' lang='lat' dir='ltr'><strong>niteram</strong></span> <span class='ocrx_word' id='word_1_124' title='bbox 1141 1855 1222 1915; x_wconf 89' lang='lat' dir='ltr'><strong>dees·</strong></span> 
     </span>
     <span class='ocr_line' id='line_1_16' title="bbox 137 1950 1223 2028; baseline 0 -17"><span class='ocrx_word' id='word_1_125' title='bbox 137 1952 249 2027; x_wconf 82' lang='lat' dir='ltr'><strong>pitoeis</strong></span> <span class='ocrx_word' id='word_1_126' title='bbox 271 1966 347 2028; x_wconf 83' lang='lat' dir='ltr'><strong>quae</strong></span> <span class='ocrx_word' id='word_1_127' title='bbox 373 1953 570 2011; x_wconf 86' lang='lat' dir='ltr'><strong>intercesserit</strong></span> <span class='ocrx_word' id='word_1_128' title='bbox 595 1957 727 2026; x_wconf 88' lang='lat' dir='ltr'><strong>respectu</strong></span> <span class='ocrx_word' id='word_1_129' title='bbox 748 1952 881 2027; x_wconf 77' lang='lat' dir='ltr'><strong>integrae</strong></span> <span class='ocrx_word' id='word_1_130' title='bbox 905 1950 1054 2011; x_wconf 70' lang='lat' dir='ltr'><strong>iaeuiutis</strong></span> <span class='ocrx_word' id='word_1_131' title='bbox 1078 1952 1223 2013; x_wconf 84' lang='lat' dir='ltr'><strong>ssetieudi</strong></span> 
     </span>
     <span class='ocr_line' id='line_1_17' title="bbox 137 2046 1220 2124; baseline 0.001 -18"><span class='ocrx_word' id='word_1_132' title='bbox 137 2062 191 2106; x_wconf 87' lang='lat' dir='ltr'><strong>sen</strong></span> <span class='ocrx_word' id='word_1_133' title='bbox 203 2060 272 2107; x_wconf 81' lang='lat' dir='ltr'><strong>enm</strong></span> <span class='ocrx_word' id='word_1_134' title='bbox 284 2047 429 2108; x_wconf 86' lang='lat' dir='ltr'><strong>obiectum</strong></span> <span class='ocrx_word' id='word_1_135' title='bbox 440 2052 612 2124; x_wconf 83' lang='lat' dir='ltr'><strong>perceptum</strong></span> <span class='ocrx_word' id='word_1_136' title='bbox 625 2047 666 2107; x_wconf 87' lang='lat' dir='ltr'><strong>sit</strong></span> <span class='ocrx_word' id='word_1_137' title='bbox 684 2046 723 2107; x_wconf 87' lang='lat' dir='ltr'><strong>ab</strong></span> <span class='ocrx_word' id='word_1_138' title='bbox 744 2047 881 2107; x_wconf 86' lang='lat' dir='ltr'><strong>omnibus</strong></span> <span class='ocrx_word' id='word_1_139' title='bbox 895 2048 932 2105; x_wconf 92' lang='lat' dir='ltr'><strong>iis</strong></span> <span class='ocrx_word' id='word_1_140' title='bbox 952 2047 1100 2122; x_wconf 84' lang='lat' dir='ltr'><strong>sensibus,</strong></span> <span class='ocrx_word' id='word_1_141' title='bbox 1120 2064 1139 2106; x_wconf 86' lang='lat' dir='ltr'><strong>u</strong></span> <span class='ocrx_word' id='word_1_142' title='bbox 1158 2050 1220 2123; x_wconf 84' lang='lat' dir='ltr'><strong>qui-</strong></span> 
     </span>
     <span class='ocr_line' id='line_1_18' title="bbox 138 2141 1219 2222; baseline 0 -19"><span class='ocrx_word' id='word_1_143' title='bbox 138 2141 196 2203; x_wconf 82' lang='lat' dir='ltr'><strong>bus</strong></span> <span class='ocrx_word' id='word_1_144' title='bbox 214 2145 319 2222; x_wconf 76' lang='lat' dir='ltr'><strong>atdugi</strong></span> <span class='ocrx_word' id='word_1_145' title='bbox 339 2148 464 2222; x_wconf 86' lang='lat' dir='ltr'><strong>poteret.</strong></span> <span class='ocrx_word' id='word_1_146' title='bbox 488 2142 671 2204; x_wconf 81' lang='lat' dir='ltr'><strong>sensibilitas</strong></span> <span class='ocrx_word' id='word_1_147' title='bbox 690 2144 768 2203; x_wconf 88' lang='lat' dir='ltr'><strong>enirn</strong></span> <span class='ocrx_word' id='word_1_148' title='bbox 789 2144 905 2220; x_wconf 89' lang='lat' dir='ltr'><strong>proprie</strong></span> <span class='ocrx_word' id='word_1_149' title='bbox 931 2156 992 2201; x_wconf 91' lang='lat' dir='ltr'><strong>une</strong></span> <span class='ocrx_word' id='word_1_150' title='bbox 1018 2142 1144 2203; x_wconf 80' lang='lat' dir='ltr'><strong>tennitas</strong></span> <span class='ocrx_word' id='word_1_151' title='bbox 1164 2150 1219 2219; x_wconf 70' lang='lat' dir='ltr'><strong>ut,</strong></span> 
     </span>
     <span class='ocr_line' id='line_1_19' title="bbox 138 2239 1223 2318; baseline -0.002 -18"><span class='ocrx_word' id='word_1_152' title='bbox 138 2255 215 2318; x_wconf 81' lang='lat' dir='ltr'><strong>quae</strong></span> <span class='ocrx_word' id='word_1_153' title='bbox 234 2243 265 2300; x_wconf 89' lang='lat' dir='ltr'><strong>in</strong></span> <span class='ocrx_word' id='word_1_154' title='bbox 275 2244 374 2303; x_wconf 77' lang='lat' dir='ltr'><strong>varios</strong></span> <span class='ocrx_word' id='word_1_155' title='bbox 394 2243 476 2303; x_wconf 83' lang='lat' dir='ltr'><strong>reiut</strong></span> <span class='ocrx_word' id='word_1_156' title='bbox 496 2255 595 2301; x_wconf 89' lang='lat' dir='ltr'><strong>remos</strong></span> <span class='ocrx_word' id='word_1_157' title='bbox 608 2257 662 2318; x_wconf 88' lang='lat' dir='ltr'><strong>per</strong></span> <span class='ocrx_word' id='word_1_158' title='bbox 673 2240 793 2301; x_wconf 81' lang='lat' dir='ltr'><strong>diverse</strong></span> <span class='ocrx_word' id='word_1_159' title='bbox 810 2255 922 2317; x_wconf 82' lang='lat' dir='ltr'><strong>ergene</strong></span> <span class='ocrx_word' id='word_1_160' title='bbox 936 2239 1110 2316; x_wconf 83' lang='lat' dir='ltr'><strong>expiieetur.</strong></span> <span class='ocrx_word' id='word_1_161' title='bbox 1125 2239 1223 2313; x_wconf 82' lang='lat' dir='ltr'><strong>Qusse</strong></span> 
     </span>
     <span class='ocr_line' id='line_1_20' title="bbox 137 2334 1220 2415; baseline 0 -17"><span class='ocrx_word' id='word_1_162' title='bbox 137 2341 375 2415; x_wconf 66' lang='lat' dir='ltr'><strong>murorumque</strong></span> <span class='ocrx_word' id='word_1_163' title='bbox 386 2337 532 2399; x_wconf 80' lang='lat' dir='ltr'><strong>obiectum</strong></span> <span class='ocrx_word' id='word_1_164' title='bbox 548 2337 667 2415; x_wconf 62' lang='lat' dir='ltr'><strong>duuod</strong></span> <span class='ocrx_word' id='word_1_165' title='bbox 678 2337 803 2397; x_wconf 85' lang='lat' dir='ltr'><strong>diversis</strong></span> <span class='ocrx_word' id='word_1_166' title='bbox 818 2335 952 2398; x_wconf 68' lang='lat' dir='ltr'><strong>nundus</strong></span> <span class='ocrx_word' id='word_1_167' title='bbox 966 2334 1135 2412; x_wconf 82' lang='lat' dir='ltr'><strong>respondet,</strong></span> <span class='ocrx_word' id='word_1_168' title='bbox 1149 2343 1220 2412; x_wconf 84' lang='lat' dir='ltr'><strong>peta</strong></span> 
     </span>
     <span class='ocr_line' id='line_1_21' title="bbox 129 2433 1219 2512; baseline -0.007 -12"><span class='ocrx_word' id='word_1_169' title='bbox 129 2437 217 2500; x_wconf 71' lang='lat' dir='ltr'><strong>eina·</strong></span> <span class='ocrx_word' id='word_1_170' title='bbox 235 2441 265 2495; x_wconf 86' lang='lat' dir='ltr'><strong>et</strong></span> <span class='ocrx_word' id='word_1_171' title='bbox 288 2439 383 2495; x_wconf 79' lang='lat' dir='ltr'><strong>tocies·</strong></span> <span class='ocrx_word' id='word_1_172' title='bbox 406 2435 663 2512; x_wconf 81' lang='lat' dir='ltr'><strong>(qusmedrnoduus</strong></span> <span class='ocrx_word' id='word_1_173' title='bbox 686 2441 733 2495; x_wconf 85' lang='lat' dir='ltr'><strong>eet</strong></span> <span class='ocrx_word' id='word_1_174' title='bbox 756 2434 793 2494; x_wconf 94' lang='lat' dir='ltr'><strong>de</strong></span> <span class='ocrx_word' id='word_1_175' title='bbox 814 2441 913 2511; x_wconf 86' lang='lat' dir='ltr'><strong>motu,</strong></span> <span class='ocrx_word' id='word_1_176' title='bbox 935 2433 1098 2509; x_wconf 57' lang='lat' dir='ltr'><strong>wanda,</strong></span> <span class='ocrx_word' id='word_1_177' title='bbox 1120 2437 1219 2493; x_wconf 82' lang='lat' dir='ltr'><strong>exten·</strong></span> 
     </span>
     <span class='ocr_line' id='line_1_22' title="bbox 138 2529 1219 2611; baseline -0.004 -19"><span class='ocrx_word' id='word_1_178' title='bbox 138 2534 233 2608; x_wconf 88' lang='lat' dir='ltr'><strong>stoue,</strong></span> <span class='ocrx_word' id='word_1_179' title='bbox 252 2531 348 2609; x_wconf 73' lang='lat' dir='ltr'><strong>dgura</strong></span> <span class='ocrx_word' id='word_1_180' title='bbox 366 2534 436 2610; x_wconf 84' lang='lat' dir='ltr'><strong>ete.)</strong></span> <span class='ocrx_word' id='word_1_181' title='bbox 460 2535 606 2611; x_wconf 72' lang='lat' dir='ltr'><strong>integrum</strong></span> <span class='ocrx_word' id='word_1_182' title='bbox 622 2549 707 2593; x_wconf 85' lang='lat' dir='ltr'><strong>susm</strong></span> <span class='ocrx_word' id='word_1_183' title='bbox 729 2533 904 2592; x_wconf 83' lang='lat' dir='ltr'><strong>sententium</strong></span> <span class='ocrx_word' id='word_1_184' title='bbox 925 2529 1102 2592; x_wconf 83' lang='lat' dir='ltr'><strong>sensibdites</strong></span> <span class='ocrx_word' id='word_1_185' title='bbox 1115 2543 1219 2588; x_wconf 70' lang='lat' dir='ltr'><strong>muers</strong></span> 
     </span>
     <span class='ocr_line' id='line_1_23' title="bbox 137 2625 1221 2708; baseline -0.004 -20"><span class='ocrx_word' id='word_1_186' title='bbox 137 2643 198 2688; x_wconf 88' lang='lat' dir='ltr'><strong>non</strong></span> <span class='ocrx_word' id='word_1_187' title='bbox 217 2627 340 2706; x_wconf 81' lang='lat' dir='ltr'><strong>proteri,</strong></span> <span class='ocrx_word' id='word_1_188' title='bbox 360 2633 417 2690; x_wconf 89' lang='lat' dir='ltr'><strong>nisi</strong></span> <span class='ocrx_word' id='word_1_189' title='bbox 437 2646 540 2708; x_wconf 87' lang='lat' dir='ltr'><strong>reapse</strong></span> <span class='ocrx_word' id='word_1_190' title='bbox 558 2647 615 2708; x_wconf 83' lang='lat' dir='ltr'><strong>ops</strong></span> <span class='ocrx_word' id='word_1_191' title='bbox 634 2632 770 2690; x_wconf 84' lang='lat' dir='ltr'><strong>omnium</strong></span> <span class='ocrx_word' id='word_1_192' title='bbox 792 2629 912 2690; x_wconf 80' lang='lat' dir='ltr'><strong>iliorum</strong></span> <span class='ocrx_word' id='word_1_193' title='bbox 924 2641 1061 2690; x_wconf 83' lang='lat' dir='ltr'><strong>sensuum</strong></span> <span class='ocrx_word' id='word_1_194' title='bbox 1074 2625 1221 2686; x_wconf 81' lang='lat' dir='ltr'><strong>obiectum</strong></span> 
     </span>
     <span class='ocr_line' id='line_1_24' title="bbox 136 2721 1222 2804; baseline -0.001 -19"><span class='ocrx_word' id='word_1_195' title='bbox 136 2727 276 2803; x_wconf 74' lang='lat' dir='ltr'><strong>attigerit</strong></span> <span class='ocrx_word' id='word_1_196' title='bbox 298 2726 329 2788; x_wconf 82' lang='lat' dir='ltr'><strong>Si</strong></span> <span class='ocrx_word' id='word_1_197' title='bbox 350 2744 412 2788; x_wconf 89' lang='lat' dir='ltr'><strong>uno</strong></span> <span class='ocrx_word' id='word_1_198' title='bbox 429 2734 546 2789; x_wconf 72' lang='lat' dir='ltr'><strong>nutum</strong></span> <span class='ocrx_word' id='word_1_199' title='bbox 573 2744 663 2789; x_wconf 88' lang='lat' dir='ltr'><strong>sensu</strong></span> <span class='ocrx_word' id='word_1_200' title='bbox 681 2725 885 2804; x_wconf 86' lang='lat' dir='ltr'><strong>deprehendit,</strong></span> <span class='ocrx_word' id='word_1_201' title='bbox 902 2723 1111 2800; x_wconf 87' lang='lat' dir='ltr'><strong>incornpietum</strong></span> <span class='ocrx_word' id='word_1_202' title='bbox 1128 2721 1222 2784; x_wconf 80' lang='lat' dir='ltr'><strong>ueluti</strong></span> 
     </span>
     <span class='ocr_line' id='line_1_25' title="bbox 135 2821 1215 2903; baseline -0.004 -20"><span class='ocrx_word' id='word_1_203' title='bbox 135 2821 278 2884; x_wconf 84' lang='lat' dir='ltr'><strong>indicium</strong></span> <span class='ocrx_word' id='word_1_204' title='bbox 302 2827 494 2901; x_wconf 81' lang='lat' dir='ltr'><strong>pronuntist3</strong></span> <span class='ocrx_word' id='word_1_205' title='bbox 516 2826 597 2903; x_wconf 87' lang='lat' dir='ltr'><strong>qnod</strong></span> <span class='ocrx_word' id='word_1_206' title='bbox 619 2841 657 2886; x_wconf 88' lang='lat' dir='ltr'><strong>au</strong></span> <span class='ocrx_word' id='word_1_207' title='bbox 684 2823 814 2886; x_wconf 82' lang='lat' dir='ltr'><strong>sufficiet</strong></span> <span class='ocrx_word' id='word_1_208' title='bbox 838 2825 871 2888; x_wconf 90' lang='lat' dir='ltr'><strong>iu</strong></span> <span class='ocrx_word' id='word_1_209' title='bbox 896 2822 947 2882; x_wconf 90' lang='lat' dir='ltr'><strong>iiie</strong></span> <span class='ocrx_word' id='word_1_210' title='bbox 974 2829 1065 2898; x_wconf 68' lang='lat' dir='ltr'><strong>cun,</strong></span> <span class='ocrx_word' id='word_1_211' title='bbox 1093 2835 1134 2880; x_wconf 81' lang='lat' dir='ltr'><strong>ex</strong></span> <span class='ocrx_word' id='word_1_212' title='bbox 1157 2821 1215 2880; x_wconf 87' lang='lat' dir='ltr'><strong>cir·</strong></span> 
     </span>
     <span class='ocr_line' id='line_1_26' title="bbox 134 2916 1219 2996; baseline -0.002 -16"><span class='ocrx_word' id='word_1_213' title='bbox 134 2923 320 2982; x_wconf 81' lang='lat' dir='ltr'><strong>cumstantiis</strong></span> <span class='ocrx_word' id='word_1_214' title='bbox 340 2921 540 2984; x_wconf 77' lang='lat' dir='ltr'><strong>definiendum</strong></span> <span class='ocrx_word' id='word_1_215' title='bbox 559 2930 614 2983; x_wconf 88' lang='lat' dir='ltr'><strong>est.</strong></span> <span class='ocrx_word' id='word_1_216' title='bbox 634 2923 732 2996; x_wconf 81' lang='lat' dir='ltr'><strong>Quare</strong></span> <span class='ocrx_word' id='word_1_217' title='bbox 752 2923 778 2982; x_wconf 91' lang='lat' dir='ltr'><strong>si</strong></span> <span class='ocrx_word' id='word_1_218' title='bbox 800 2920 1029 2982; x_wconf 76' lang='lat' dir='ltr'><strong>circumstantiis</strong></span> <span class='ocrx_word' id='word_1_219' title='bbox 1042 2916 1075 2977; x_wconf 86' lang='lat' dir='ltr'><strong>id</strong></span> <span class='ocrx_word' id='word_1_220' title='bbox 1096 2933 1156 2976; x_wconf 91' lang='lat' dir='ltr'><strong>non</strong></span> <span class='ocrx_word' id='word_1_221' title='bbox 1176 2918 1219 2978; x_wconf 82' lang='lat' dir='ltr'><strong>ie-</strong></span> 
     </span>
     <span class='ocr_line' id='line_1_27' title="bbox 134 3015 1219 3094; baseline 0 -18"><span class='ocrx_word' id='word_1_222' title='bbox 134 3015 278 3094; x_wconf 76' lang='lat' dir='ltr'><strong>munus,</strong></span> <span class='ocrx_word' id='word_1_223' title='bbox 292 3018 413 3079; x_wconf 83' lang='lat' dir='ltr'><strong>horuoa</strong></span> <span class='ocrx_word' id='word_1_224' title='bbox 431 3022 651 3082; x_wconf 74' lang='lat' dir='ltr'><strong>renunciatione</strong></span> <span class='ocrx_word' id='word_1_225' title='bbox 661 3023 751 3080; x_wconf 86' lang='lat' dir='ltr'><strong>unius</strong></span> <span class='ocrx_word' id='word_1_226' title='bbox 765 3033 869 3080; x_wconf 85' lang='lat' dir='ltr'><strong>sensus</strong></span> <span class='ocrx_word' id='word_1_227' title='bbox 883 3019 962 3078; x_wconf 87' lang='lat' dir='ltr'><strong>circs</strong></span> <span class='ocrx_word' id='word_1_228' title='bbox 975 3015 1123 3078; x_wconf 83' lang='lat' dir='ltr'><strong>obiectum</strong></span> <span class='ocrx_word' id='word_1_229' title='bbox 1140 3030 1219 3076; x_wconf 83' lang='lat' dir='ltr'><strong>eorn-</strong></span> 
     </span>
     <span class='ocr_line' id='line_1_28' title="bbox 135 3112 1219 3195; baseline -0.001 -22"><span class='ocrx_word' id='word_1_230' title='bbox 135 3127 227 3174; x_wconf 82' lang='lat' dir='ltr'><strong>mune</strong></span> <span class='ocrx_word' id='word_1_231' title='bbox 244 3114 379 3190; x_wconf 87' lang='lat' dir='ltr'><strong>piuribns</strong></span> <span class='ocrx_word' id='word_1_232' title='bbox 399 3119 462 3194; x_wconf 76' lang='lat' dir='ltr'><strong>regi</strong></span> <span class='ocrx_word' id='word_1_233' title='bbox 482 3133 515 3178; x_wconf 87' lang='lat' dir='ltr'><strong>ss</strong></span> <span class='ocrx_word' id='word_1_234' title='bbox 534 3119 657 3195; x_wconf 74' lang='lat' dir='ltr'><strong>petitu,</strong></span> <span class='ocrx_word' id='word_1_235' title='bbox 671 3116 801 3192; x_wconf 78' lang='lat' dir='ltr'><strong>periculo</strong></span> <span class='ocrx_word' id='word_1_236' title='bbox 819 3116 976 3190; x_wconf 81' lang='lat' dir='ltr'><strong>exponitur</strong></span> <span class='ocrx_word' id='word_1_237' title='bbox 995 3112 1124 3190; x_wconf 71' lang='lat' dir='ltr'><strong>eraudi,</strong></span> <span class='ocrx_word' id='word_1_238' title='bbox 1139 3112 1219 3190; x_wconf 86' lang='lat' dir='ltr'><strong>quod</strong></span> 
     </span>
     <span class='ocr_line' id='line_1_29' title="bbox 133 3210 1222 3291; baseline 0 -21"><span class='ocrx_word' id='word_1_239' title='bbox 133 3225 195 3270; x_wconf 87' lang='lat' dir='ltr'><strong>uon</strong></span> <span class='ocrx_word' id='word_1_240' title='bbox 215 3211 415 3290; x_wconf 55' lang='lat' dir='ltr'><strong>sensibilium</strong></span> <span class='ocrx_word' id='word_1_241' title='bbox 434 3228 511 3291; x_wconf 78' lang='lat' dir='ltr'><strong>ques</strong></span> <span class='ocrx_word' id='word_1_242' title='bbox 528 3215 615 3290; x_wconf 60' lang='lat' dir='ltr'><strong>pene</strong></span> <span class='ocrx_word' id='word_1_243' title='bbox 633 3216 816 3290; x_wconf 74' lang='lat' dir='ltr'><strong>interrogate</strong></span> <span class='ocrx_word' id='word_1_244' title='bbox 836 3227 895 3272; x_wconf 91' lang='lat' dir='ltr'><strong>non</strong></span> <span class='ocrx_word' id='word_1_245' title='bbox 916 3218 973 3287; x_wconf 88' lang='lat' dir='ltr'><strong>est,</strong></span> <span class='ocrx_word' id='word_1_246' title='bbox 995 3210 1047 3270; x_wconf 91' lang='lat' dir='ltr'><strong>ssd</strong></span> <span class='ocrx_word' id='word_1_247' title='bbox 1067 3211 1222 3271; x_wconf 66' lang='lat' dir='ltr'><strong>metientis</strong></span> 
     </span>
     <span class='ocr_line' id='line_1_30' title="bbox 132 3293 732 3384; baseline 0.012 -18"><span class='ocrx_word' id='word_1_248' title='bbox 132 3307 347 3384; x_wconf 66' lang='lat' dir='ltr'><strong>impurum</strong></span> <span class='ocrx_word' id='word_1_249' title='bbox 365 3309 456 3372; x_wconf 72' lang='lat' dir='ltr'><strong>mnu</strong></span> <span class='ocrx_word' id='word_1_250' title='bbox 474 3310 573 3371; x_wconf 66' lang='lat' dir='ltr'><strong>renes</strong></span> <span class='ocrx_word' id='word_1_251' title='bbox 713 3293 732 3322; x_wconf 78' lang='lat'>⁸</span> 
     </span>
    </p>
   </div>
   <div class='ocr_carea' id='block_1_4' title="bbox 647 3500 698 3556">
    <p class='ocr_par' dir='ltr' id='par_1_4' title="bbox 647 3500 698 3556">
     <span class='ocr_line' id='line_1_31' title="bbox 647 3500 698 3556; baseline 0.02 -1"><span class='ocrx_word' id='word_1_252' title='bbox 647 3500 698 3556; x_wconf 91' lang='lat' dir='ltr'><strong>iii.</strong></span> 
     </span>
    </p>
   </div>
   <div class='ocr_carea' id='block_1_5' title="bbox 254 3693 1097 3778">
    <p class='ocr_par' dir='ltr' id='par_1_5' title="bbox 254 3693 1097 3778">
     <span class='ocr_line' id='line_1_32' title="bbox 254 3693 1097 3778; baseline -0.002 -26"><span class='ocrx_word' id='word_1_253' title='bbox 254 3771 259 3778; x_wconf 84' lang='lat'>.</span> <span class='ocrx_word' id='word_1_254' title='bbox 354 3699 390 3752; x_wconf 78' lang='lat' dir='ltr'><strong>is</strong></span> <span class='ocrx_word' id='word_1_255' title='bbox 406 3709 463 3767; x_wconf 80' lang='lat' dir='ltr'><strong>pso</strong></span> <span class='ocrx_word' id='word_1_256' title='bbox 479 3697 564 3750; x_wconf 74' lang='lat' dir='ltr'><strong>octus</strong></span> <span class='ocrx_word' id='word_1_257' title='bbox 580 3696 644 3766; x_wconf 83' lang='lat' dir='ltr'><strong>ipse</strong></span> <span class='ocrx_word' id='word_1_258' title='bbox 660 3693 804 3750; x_wconf 80' lang='lat' dir='ltr'><strong>sentiendi</strong></span> <span class='ocrx_word' id='word_1_259' title='bbox 823 3697 995 3766; x_wconf 79' lang='lat' dir='ltr'><strong>reponetur.</strong></span> <span class='ocrx_word' id='word_1_260' title='bbox 1095 3759 1097 3764; x_wconf 46' lang='grc'>,</span> 
     </span>
    </p>
   </div>
   <div class='ocr_carea' id='block_1_6' title="bbox 130 3887 1219 4070">
    <p class='ocr_par' dir='ltr' id='par_1_6' title="bbox 130 3887 1219 4070">
     <span class='ocr_line' id='line_1_33' title="bbox 193 3887 1218 3967; baseline -0.003 -19"><span class='ocrx_word' id='word_1_261' title='bbox 193 3896 245 3949; x_wconf 79' lang='lat' dir='ltr'><strong>se.</strong></span> <span class='ocrx_word' id='word_1_262' title='bbox 266 3889 302 3950; x_wconf 87' lang='lat' dir='ltr'><strong>in</strong></span> <span class='ocrx_word' id='word_1_263' title='bbox 315 3892 418 3967; x_wconf 86' lang='lat' dir='ltr'><strong>primis</strong></span> <span class='ocrx_word' id='word_1_264' title='bbox 431 3888 575 3950; x_wconf 86' lang='lat' dir='ltr'><strong>sentiendi</strong></span> <span class='ocrx_word' id='word_1_265' title='bbox 591 3894 674 3948; x_wconf 83' lang='lat' dir='ltr'><strong>ectus</strong></span> <span class='ocrx_word' id='word_1_266' title='bbox 693 3887 732 3949; x_wconf 86' lang='lat' dir='ltr'><strong>eb</strong></span> <span class='ocrx_word' id='word_1_267' title='bbox 756 3890 945 3965; x_wconf 88' lang='lat' dir='ltr'><strong>impressione</strong></span> <span class='ocrx_word' id='word_1_268' title='bbox 958 3903 1047 3966; x_wconf 84' lang='lat' dir='ltr'><strong>quam</strong></span> <span class='ocrx_word' id='word_1_269' title='bbox 1061 3887 1175 3947; x_wconf 84' lang='lat' dir='ltr'><strong>obieeta</strong></span> <span class='ocrx_word' id='word_1_270' title='bbox 1187 3889 1218 3946; x_wconf 93' lang='lat' dir='ltr'><strong>in</strong></span> 
     </span>
     <span class='ocr_line' id='line_1_34' title="bbox 130 3984 1219 4070; baseline -0.006 -23"><span class='ocrx_word' id='word_1_271' title='bbox 130 3987 272 4048; x_wconf 89' lang='lat' dir='ltr'><strong>sensoriis</strong></span> <span class='ocrx_word' id='word_1_272' title='bbox 291 3986 404 4049; x_wconf 82' lang='lat' dir='ltr'><strong>taetunt</strong></span> <span class='ocrx_word' id='word_1_273' title='bbox 428 3986 515 4048; x_wconf 84' lang='lat' dir='ltr'><strong>rside</strong></span> <span class='ocrx_word' id='word_1_274' title='bbox 531 3985 735 4063; x_wconf 74' lang='lat' dir='ltr'><strong>distinguitur.</strong></span> <span class='ocrx_word' id='word_1_275' title='bbox 764 3985 844 4070; x_wconf 78' lang='lat' dir='ltr'><strong>Haec</strong></span> <span class='ocrx_word' id='word_1_276' title='bbox 867 3989 946 4048; x_wconf 87' lang='lat' dir='ltr'><strong>euim</strong></span> <span class='ocrx_word' id='word_1_277' title='bbox 965 3986 1086 4046; x_wconf 87' lang='lat' dir='ltr'><strong>orneino</strong></span> <span class='ocrx_word' id='word_1_278' title='bbox 1101 3984 1219 4060; x_wconf 75' lang='lat' dir='ltr'><strong>passive</strong></span> 
     </span>
    </p>
   </div>
   <div class='ocr_carea' id='block_1_7' title="bbox 0 0 1450 4425">
    <p class='ocr_par' dir='ltr' id='par_1_7' title="bbox 0 0 1450 4425">
     <span class='ocr_line' id='line_1_35' title="bbox 0 0 1450 4425; baseline 0 2"><span class='ocrx_word' id='word_1_279' title='bbox 0 0 1450 4425; x_wconf 95' lang='lat' dir='ltr'><strong> </strong></span> 
     </span>
    </p>
   </div>
  </div>
 </body>
</html>
