2892 4425
234 357 291 411 rte
560 345 777 408 uuunrsicr
797 365 970 410 ssunrnrs

188 485 193 498 '
232 474 511 551 rudurpmentnu
530 489 590 534 nun
609 473 762 551 indrrnutt
782 489 852 534 num
874 477 961 536 etium
979 477 1011 535 in
1030 475 1133 536 urdine
1154 477 1239 538 iderti
1260 497 1304 540 ru·

232 578 345 647 pppret
355 578 394 632 ut
409 570 521 648 utquid
533 575 684 649 eogitutnr
700 572 897 648 independens
913 587 932 632 u
950 573 1020 632 nen.
1045 573 1218 634 Praesertim
1232 593 1303 636 vere

232 669 312 744 quod
334 667 483 745 possibilie
506 672 594 729 istsee
617 672 649 728 in
678 684 733 730 suu
755 676 895 744 euneeptu
918 677 948 730 et
970 669 1186 732 characteribus
1210 677 1304 732 sunsi-

232 765 335 829 durem
356 767 516 829 nstitutum
537 769 694 828 invertunt
714 768 847 845 finitum,
866 785 941 846 quus
961 773 1024 828 sine
1045 770 1237 846 dependentia
1265 789 1302 832 ex

232 868 375 942 prtuuipin
395 867 523 943 quudurn
544 873 665 926 externo
686 867 826 942 erpiiuuri
849 881 908 926 non
933 875 1036 942 putmt.
1057 869 1138 927 'Num
1161 869 1304 946 quidquid

231 963 433 1040 independens·
447 971 505 1038 est,
520 964 577 1024 hue
594 967 658 1039 ipsu
678 963 813 1024 uuuflniis
832 971 923 1040 emet,
942 967 1048 1025 iimites
1067 969 1158 1041 enim,
1179 969 1230 1042 qui
1249 967 1303 1027 dn·

232 1069 380 1139 geruntur,
398 1066 540 1124 rutinnem
556 1063 669 1133 nntium
687 1061 841 1138 haberent,
855 1079 923 1123 cnm
941 1065 983 1124 nii
1001 1066 1126 1139 seipsum
1139 1065 1255 1124 iimitet.

291 1159 469 1237 Pmetereu,
492 1163 519 1220 si
539 1161 688 1236 possibilis
711 1160 934 1236 independentie
952 1169 1051 1222 essent
1074 1178 1093 1221 u
1117 1163 1200 1240 Dee,
1228 1163 1303 1240 ubi,

230 1273 351 1334 quemn,
368 1266 442 1318 unte
451 1272 548 1319 rerum
565 1261 742 1318 mentionem
759 1258 979 1318 substitissent?
997 1260 1062 1318 Nun
1077 1261 1194 1336 quidem
1212 1263 1244 1320 in
1256 1277 1301 1338 re,

230 1355 506 1445 setusflgrneutum
527 1357 659 1416 Piutnnis
682 1359 905 1432 restitueretur,
926 1359 1072 1432 opinentis
1094 1358 1176 1418 ideus
1205 1375 1303 1420 rerum

233 1452 342 1515 termut
360 1453 584 1532 ursezquusduru
601 1461 746 1530 aeternus,
768 1469 844 1530 quse
861 1457 941 1530 ipsse
955 1471 1007 1531 per
1027 1473 1059 1515 se
1079 1464 1200 1516 sterent.
1226 1458 1303 1536 iirge

204 1628 208 1634 Α
230 1555 578 1632 extiterintnuuurseest
601 1555 632 1611 in
652 1553 775 1612 ulterius
794 1555 875 1612 entis.
894 1553 941 1612 tei
963 1555 1110 1614 inteiieutu
1135 1556 1181 1615 vei
1202 1563 1301 1633 puten-
1343 1619 1349 1625 ,

232 1653 274 1711 riu
291 1651 336 1712 ‚uri
359 1650 522 1728 reiuutste5
544 1651 643 1711 nntius
662 1652 742 1712 enim
765 1651 839 1711 eiius
862 1653 965 1712 medus
989 1655 1102 1728 ennnipi
1124 1659 1231 1728 petest.
1262 1655 1303 1714 At

232 1756 347 1824 praeter
363 1748 498 1811 diuinum
518 1749 696 1810 intdiuntum
714 1756 747 1809 et
766 1753 925 1825 potentium
938 1757 968 1810 et
987 1750 1178 1826 minumum,
1199 1752 1297 1812 unitus

231 1853 278 1915 eet
293 1847 370 1912 eiius
389 1847 553 1911 inteiisetm
568 1855 722 1925 edemus,
740 1855 792 1908 eut
809 1855 928 1908 netem
948 1853 1095 1926 putentis,
1115 1856 1168 1910 unt
1187 1857 1302 1910 estune

232 1944 377 2006 uniuntur.
389 1946 471 2023 drgo
483 1946 632 2023 mestitia
644 1949 676 2006 tu
690 1947 795 2006 horum
807 1947 905 2023 uiiqno
919 1947 956 2006 ub
970 1953 1086 2008 esterno
1099 1949 1241 2022 extitisse,
1259 1954 1302 2008 et-

231 2059 290 2120 que
308 2043 417 2106 ideireo
433 2043 474 2106 ei)
493 2061 555 2122 nnn
573 2046 621 2104 vei
642 2046 735 2118 simin
756 2045 802 2104 vei
824 2047 909 2104 tertio
926 2044 1087 2121 dependere
1105 2045 1164 2105 diei
1185 2045 1300 2106 debent.

639 2258 829 2320 Pnurnsrrru
846 2258 899 2317 iii.

291 2444 411 2519 lyristen
428 2452 527 2499 ntum
541 2438 726 2513 pestium
743 2456 801 2497 uuit
814 2440 925 2514 pendet
943 2456 963 2497 u
980 2440 1084 2498 diuina
1097 2444 1241 2513 poenita.

290 2639 455 2701 Mater.
471 2640 593 2702 interne
610 2653 710 2705 rerum
732 2640 909 2717 ppssibiiitss
924 2646 972 2700 est
989 2641 1100 2717 uiiquid
1122 2640 1227 2717 ideule,
1243 2656 1303 2700 nun

182 2712 188 2742 ¹
230 2739 397 2817 physicum.
424 2737 480 2798 Sed
501 2740 631 2814 putentis
652 2715 746 2814 gignit
764 2754 826 2797 mse
844 2738 1015 2817 physicum,
1026 2738 1104 2817 Ergo
1123 2740 1237 2798 interne
1258 2754 1302 2798 rs·
1334 2722 1337 2731 ’

232 2844 300 2896 rum
313 2834 490 2912 possibilitas
513 2851 570 2893 non
587 2834 724 2911 pendete
741 2835 842 2895 divine
860 2840 999 2911 potentie.

291 2934 351 2993 Neu
373 2934 456 2994 dicus
475 2932 554 2991 hune
574 2932 795 3008 dependentium
812 2934 1029 3011 intelligendum
1044 2932 1181 2993 essehoc
1204 2950 1302 3009 sensu,

230 3040 374 3110 quatenus
393 3031 542 3108 possibilis
558 3036 719 3107 exsurgunt
736 3046 794 3089 nun
812 3034 926 3091 uetiune
941 3033 1060 3093 divinae
1077 3034 1232 3107 potentiue,
1253 3030 1304 3091 sed

231 3148 282 3208 per
302 3138 463 3206 respectum
486 3128 525 3187 ud
543 3129 650 3204 ipsum.
674 3128 750 3187 Num
772 3132 796 3188 si
817 3131 859 3189 its
881 3138 977 3206 esset,
1000 3132 1128 3205 putentis
1147 3130 1249 3188 divina
1267 3129 1303 3188 ii·

89 3238 109 3257 ·'
230 3231 350 3291 mitibus
365 3232 567 3306 memereturt
586 3228 666 3305 quud
688 3236 841 3306 repugnet.
867 3230 904 3290 Et
925 3247 957 3289 re
974 3228 1091 3306 quidem
1112 3246 1194 3304 vera,
1216 3232 1242 3288 si
1256 3244 1304 3288 en·

230 3332 272 3390 tin
290 3330 414 3407 quaeris
434 3330 464 3385 in
483 3334 598 3388 tuntum
619 3335 715 3388 essem
734 3329 900 3405 possibilia,
923 3332 953 3386 in
977 3334 1119 3405 quantum
1141 3319 1217 3388 Deus
1238 3344 1303 3403 pru·

227 3428 338 3490 dueere
350 3427 534 3503 dispenset,
556 3443 657 3487 eurum
674 3431 808 3505 oppositu
826 3428 891 3487 iden
914 3428 1103 3504 impossibilia
1125 3428 1302 3501 dieerentnr,

228 3528 301 3603 quin
322 3525 400 3594 Deus
421 3526 522 3584 eudem
543 3542 642 3586 ereum
665 3542 723 3586 non
747 3533 855 3603 possut.
879 3526 927 3585 Sic
944 3526 1191 3602 quemadmodum
1214 3541 1301 3602 quae·

229 3626 322 3683 renti:
347 3639 400 3683 eur
418 3626 545 3687 druuim
568 3626 712 3685 rotundus
732 3641 790 3683 nun
812 3630 974 3701 repugnet,
994 3640 1163 3700 responsum
1185 3623 1303 3683 duretur

229 3723 260 3780 in
282 3738 317 3781 eu
340 3721 527 3801 hypothesin,
540 3726 609 3801 quie
634 3722 713 3783 Deus
734 3724 820 3782 ditum
843 3722 939 3781 faeere
964 3730 1074 3800 putest;
1102 3726 1166 3799 puri
1192 3724 1304 3781 ratione

228 3823 406 3883 muteminm
417 3825 606 3899 ,percontanti
624 3838 676 3881 eur
693 3822 823 3881 euentus
839 3822 999 3898 quadratus
1016 3828 1166 3899 repugnet,
1191 3836 1305 3895 respon·

230 3916 357 3981 dendum
376 3927 462 3999 meet,
483 3922 554 3998 quie
571 3920 649 3980 Deus
670 3920 754 3981 ilium
780 3920 875 3981 fucere
895 3924 1004 3998 nequit.
1029 3920 1124 3999 Atque
1147 3922 1188 3979 itu
1204 3918 1304 3977 simili-

230 4022 275 4077 ter
297 4020 327 4078 in
354 4021 456 4081 ueteris
482 4018 709 4095 impossibilibus
736 4022 810 4079 rutis
834 4019 1011 4081 desumenda
1031 4018 1106 4079 teret
1125 4036 1162 4079 ex
1177 4020 1241 4095 ipsu
1259 4016 1301 4075 di·
