2892 4425
395 390 474 435 Pffl
496 388 613 433 ΔῑΤΙΙΔ
635 403 648 417 ·
669 386 886 433 mcuouocia
1134 380 1187 431 177

170 499 258 574 Resp.
282 498 361 558 Diei.
389 499 499 557 Maior.
527 498 672 558 Voluntas
698 498 898 572 potentiacet
920 498 1018 556 activa
1042 502 1071 555 et
1096 496 1187 557 iibere

109 612 212 669 coae.‚·
232 611 311 654 mere
330 597 469 674 paesium
489 610 644 672 aeqomer.
668 594 782 671 Duplex
806 597 952 669 potentiae
975 610 1067 671 genus
1090 598 1186 653 consi·

109 692 271 752 derandum
285 698 345 751 eet:
362 707 413 767 ea,
427 708 518 768 quam
531 681 866 768 passivam'nominant‚
879 706 1011 769 quaeque
1025 708 1084 751 nou
1099 691 1188 751 oiiert

111 790 167 847 nisi
185 789 373 865 perfectionis
394 789 547 849 cniusdam
570 788 772 864 susmpiendee
793 791 983 864 capacitatem
1005 790 1185 864 (culnsmodi

112 892 157 945 est
175 902 225 945 ex.
246 903 292 963 gr.
314 902 447 946 marmor
465 886 562 962 quoad
584 886 835 962 rotunditatem);
857 894 886 945 et
907 889 1022 960 nodva,
1043 902 1119 963 quae
1142 890 1189 947 vis

112 984 255 1059 quaedam
274 990 319 1043 est
333 990 364 1043 et
380 986 556 1061 principium
575 986 699 1043 actionis
717 984 886 1044 eiiciendae.
906 984 1042 1059 Superior
1058 984 1189 1043 libertate

112 1097 171 1141 non
192 1082 317 1159 gaudet,
332 1085 441 1157 quippe
456 1097 532 1157 qnae
549 1084 686 1141 exteriori
703 1084 847 1157 principio
863 1089 929 1157 eget
949 1098 966 1141 a
985 1097 1044 1157 qno
1057 1081 1189 1141 determi-

112 1185 210 1238 netur.
231 1180 272 1237 at
291 1182 433 1254 posterior
454 1179 598 1239 dividitur
620 1181 651 1237 in
674 1182 867 1238 necessariam
890 1185 919 1237 ct
942 1179 1082 1254 liberam,
1104 1186 1190 1254 prout

113 1278 176 1333 cius
196 1278 327 1350 operatio
347 1291 366 1335 a
386 1276 628 1336 detenninatione
645 1283 788 1351 naturae,
811 1278 856 1335 vei
876 1277 914 1336 ab
933 1279 1024 1352 ipsios
1042 1278 1190 1353 potentiae

113 1372 254 1430 eloctione
274 1372 416 1446 procedit.
439 1372 485 1431 Ad
506 1372 562 1433 hoc
581 1374 718 1433 ultimum
739 1389 830 1449 genus
849 1376 976 1449 pertinet
991 1374 1120 1434 humana
1139 1390 1190 1433 vo·

114 1469 229 1543 inuias,
249 1476 283 1529 nt
300 1476 472 1546 argumenta
492 1468 620 1529 adducta
638 1473 772 1546 superins
794 1472 955 1531 ioculanter
975 1471 1143 1531 ostendunt.

173 1564 268 1625 Obiic.
284 1566 351 1625 vii.
374 1566 427 1642 id,
441 1566 521 1641 quod
535 1569 685 1641 praeviam
702 1568 831 1642 aliquam
846 1568 1041 1628 conditionem
1062 1584 1192 1628 neceesa-

114 1665 189 1721 riam
209 1664 360 1738 sequitur,
382 1665 478 1739 ipsum
499 1679 616 1739 quoque
635 1667 837 1725 necessitatem
860 1666 965 1725 induit.
989 1668 1079 1743 Atqui
1100 1669 1190 1725 actio-

114 1774 167 1818 nes
187 1760 333 1819 humanae
350 1768 570 1837 consequuntur
585 1762 717 1820 diuinam
737 1760 906 1840 scientiam,
922 1780 997 1840 quac
1014 1770 1132 1823 aemma
1147 1770 1192 1823 est

112 1864 144 1916 et
162 1860 338 1917 ammana.
361 1858 438 1934 Ergo
458 1858 621 1919 amcintam
644 1861 796 1919 continent
816 1864 1028 1921 necessitatem.

176 1956 264 2030 Resp.
286 1954 424 2016 Actiones
447 1956 594 2015 hnmanae
613 1960 776 2032 murentur
799 1957 929 2017 divinam
953 1961 1104 2018 scientiam
1127 1974 1187 2017 non

113 2057 264 2125 tamqnam
284 2052 407 2113 effoetus
433 2052 472 2111 ab
490 2069 525 2113 ea
542 2053 747 2130 determinati,
770 2054 819 2113 sed
840 2061 981 2131 tanquam
1003 2061 1124 2114 eventus
1146 2058 1190 2112 in-

115 2147 277 2209 iuiiibiiiter
298 2152 435 2226 praevisi.
458 2152 555 2225 Quare
574 2150 728 2210 duratione
749 2166 808 2209 non
831 2151 1072 2209 determinatione
1095 2150 1133 2209 ab
1155 2166 1189 2209 ea

118 2247 343 2322 praeceduntur.
366 2247 527 2310 Uumdone
543 2249 678 2324 quidem,
692 2251 762 2325 quin
776 2249 829 2308 Dei
848 2251 975 2324 cognitio
994 2255 1186 2323 actaeonem,

115 2351 145 2402 et
164 2347 293 2404 actiones
312 2343 460 2406 humanae
477 2349 651 2422 contingunt
669 2348 699 2404 in
717 2351 860 2422 tempore.
883 2344 948 2404 Non
969 2363 1037 2404 vero
1054 2345 1189 2404 determi-

118 2445 255 2516 natione;
275 2443 419 2517 etquidem
438 2459 498 2502 nou
516 2446 587 2519 qnia
604 2443 685 2502 Dens
705 2445 807 2518 novit,
829 2445 957 2502 actiones
975 2442 1122 2502 hnmanae
1143 2441 1188 2501 iu·

114 2546 199 2598 turae
215 2545 303 2614 snut3
318 2540 369 2598 sed
384 2542 455 2616 quia
472 2539 589 2600 futurae
606 2544 693 2614 anui,
706 2540 773 2600 ideo
792 2540 857 2598 ilias
872 2539 951 2598 Deus
968 2539 1006 2598 ab
1021 2539 1191 2598 aeternitate

114 2637 209 2694 norit.
233 2637 299 2708 Qua
315 2638 346 2694 in
364 2652 395 2694 re
410 2652 499 2696 nemo
513 2652 572 2695 uon
592 2637 672 2696 videt
687 2651 742 2696 nos
759 2636 807 2695 hic
820 2637 857 2695 de
873 2635 934 2696 soie
953 2638 1075 2695 scientia
1090 2636 1187 2711 ioqui,
1204 2628 1207 2632 ’

115 2748 204 2808 quem
226 2730 350 2792 minoia
369 2733 497 2810 theologi
510 2733 686 2815 ‘appeticum
707 2733 785 2793 hanc
804 2736 881 2792 enirn
904 2735 1000 2810 tangit
1019 2731 1190 2792 difficultas.

113 2829 170 2889 iiia
195 2835 295 2888 autem
319 2845 395 2905 qnae
419 2846 515 2890 rmum
539 2829 705 2890 futurarum
730 2827 1000 2890 determinationem
1027 2831 1191 2906 praecedit,

113 2942 247 3002 quaeque
264 2926 309 2984 vei
326 2926 472 3004 simplicia
487 2926 707 3005 intetttqentine
722 2930 768 2988 vei
786 2927 988 2988 emimonto
1006 2931 1190 3004 nominatum

114 3030 296 3099 praesentem
310 3023 501 3084 obtectionem
517 3041 575 3084 uon
592 3027 727 3106 attingit,
742 3026 835 3102 deque
853 3027 918 3101 ipsa
935 3029 963 3084 in
979 3025 1125 3103 theologia
1141 3043 1191 3086 na·

114 3120 201 3180 turcii
222 3120 410 3181 disseremus.

452 3417 591 3488 CAPUT
619 3417 850 3488 SECUNDUM

321 3608 361 3654 DE
375 3609 464 3654 min
477 3609 596 3655 sunam
608 3609 732 3655 unwan
747 3609 784 3654 ni
797 3607 983 3656 eiumeuuis.

173 3805 353 3884 Facultates,
375 3825 450 3885 qnos
473 3809 691 3886 descripsimus,
712 3826 750 3867 ex
769 3810 868 3884 aliquo
890 3824 1009 3867 manare
1032 3809 1191 3884 principio,

112 3905 191 3979 quod
212 3904 298 3964 nobis
314 3907 398 3983 insit,
411 3909 595 3982 perspicuum
608 3915 662 3967 est.
689 3907 796 3982 Nequit
814 3909 891 3966 enim
906 3907 970 3965 dari
988 3905 1111 3964 effectus
1131 3905 1194 3961 sine

113 4016 213 4062 musa.
240 4004 339 4076 Quare
360 4005 385 4062 si
409 4007 584 4082 cogitamus,
605 4012 693 4080 atque
708 4005 773 4064 ideo
794 4003 939 4080 cogitandi
961 4001 1099 4060 iacuitete
1122 3999 1192 4058 insi·

259 4099 322 4159 Vol.
339 4100 387 4160 11.
1014 4105 1049 4154 12
