2892 4425
426 388 505 433 PARS
527 385 646 431 itum
666 402 678 417 ·
702 388 920 452 NJCEOIMIA
1154 381 1211 433 128

188 496 219 560 Si
240 500 330 576 igitur
350 498 440 558 huius
468 498 599 575 mysterii
626 496 850 573 expiiesdonem
878 495 1007 573 aliquam
1035 497 1141 557 rationi
1162 512 1210 559 oe·

128 595 313 658 commodam
327 594 399 655 dare
419 595 566 671 volumus,
581 593 732 655 fatendum
754 596 874 654 omnino
893 602 937 655 est
959 596 1036 654 vires
1059 594 1211 672 chyrninus

130 694 176 753 vei
191 691 331 771 physices
349 692 380 752 in
394 690 530 768 operibns
547 694 625 752 vitae
637 707 793 768 corporum
809 694 969 753 viventium
983 690 1211 754 considerandus

131 808 194 851 esse
211 798 364 867 tamqnam
376 791 584 867 instrumenta,
604 805 682 867 quse
694 791 804 851 virtute
816 789 945 868 wedam
960 790 1064 849 altiore
1082 790 1209 851 evehun-

131 896 181 949 tnr
199 888 239 947 ad
262 887 386 948 effectos
411 886 620 967 praestandos,
643 889 682 949 ad
706 904 780 965 quos
806 904 857 963 per
878 903 911 946 se
935 902 1066 947 seorsum
1090 886 1213 947 idoneae

132 1003 192 1047 non
214 992 294 1047 sont.
315 986 412 1059 Quere
429 990 544 1062 praeter
561 986 641 1062 ipsus
653 987 830 1063 principium
846 984 965 1062 aliquod
979 984 1104 1061 simplex
1124 986 1155 1043 in
1170 986 1214 1045 ri·

132 1091 222 1145 vente
235 1086 331 1145 inm
344 1089 469 1161 oportet,
478 1084 558 1160 quod
570 1082 683 1144 riribm
702 1089 824 1144 naturae
838 1089 969 1144 mortuae
982 1083 1108 1159 propriis
1125 1082 1212 1161 longe

133 1181 303 1260 antecellat,
324 1182 462 1261 quodque
481 1184 635 1241 materiam
654 1179 818 1241 iniormens
837 1182 953 1241 virtutis
970 1180 1049 1241 iliius
1069 1180 1109 1239 sii
1127 1178 1211 1258 ions,

133 1283 269 1357 viresqne
292 1278 439 1340 inferioris
463 1279 575 1340 ordinis
597 1279 654 1340 sibi
670 1278 824 1340 submittat
843 1286 872 1339 et
892 1278 930 1340 ed
948 1280 1026 1339 vitae
1047 1278 1212 1339 imctiones

133 1376 281 1438 adhibent.
302 1376 483 1453 Principium
500 1376 643 1438 eiusmodi
667 1377 708 1437 ud
726 1378 882 1437 mendam
903 1378 996 1453 ipsam
1017 1378 1148 1451 corporis
1168 1377 1213 1435 vi-

134 1476 230 1535 ventis
248 1475 393 1550 pertinere
409 1472 507 1551 debet,
520 1480 550 1533 et
561 1477 625 1534 eius
645 1477 824 1535 extinctione
846 1475 907 1535 vite
922 1477 1018 1535 omnb
1036 1476 1069 1534 in
1083 1489 1117 1534 eo
1137 1474 1214 1535 desi·

133 1573 190 1649 nit,
204 1572 272 1632 iicet
284 1572 432 1648 supersint
446 1571 591 1632 eiemente
604 1572 767 1633 moteridis
782 1571 966 1650 generalibus
983 1575 1120 1633 materiae
1134 1574 1213 1633 inor·

133 1670 255 1746 geniem
273 1668 386 1729 viribus
404 1670 559 1730 instructa
581 1668 628 1729 Ad
648 1686 710 1729 rem
732 1668 922 1731 Berueiiusze
938 1670 1052 1731 Resera
1071 1671 1215 1731 eiemenia

136 1772 298 1827 naturae
317 1768 473 1845 organicae
491 1775 562 1829 sunt
583 1767 844 1845 indestructibiiio·
856 1768 909 1829 sed
924 1769 1080 1830 existentis
1099 1772 1215 1847 proprie

136 1888 150 1914 ι
173 1862 253 1924 dicte
265 1879 421 1941 corporum
434 1866 639 1943 organicorum
654 1866 815 1927 destruitur
828 1868 892 1928 sine
906 1866 1011 1927 reditu.
1024 1867 1213 1927 individuum

136 1985 151 2011 a
172 1960 253 2038 qnod
271 1964 414 2041 moritur,
433 1963 571 2041 quodque
594 1978 650 2025 suu
668 1964 813 2025 clemente
839 1966 968 2025 restituit
992 1970 1115 2026 nuturee
1137 1967 1214 2025 inor·

137 2082 151 2108 ι
174 2061 315 2137 geniceo,
335 2074 395 2118 non
419 2059 495 2120 redit
513 2076 655 2137 unquam.
677 2060 755 2121 iiiuc
778 2064 910 2138 sequitur
931 2064 1086 2121 essentiam
1113 2077 1215 2137 corpo·

140 2184 153 2209 ι
176 2158 219 2217 ris
236 2160 364 2221 viventis
382 2174 443 2218 non
463 2157 582 2220 iundari
600 2160 632 2218 in
648 2160 709 2219 snis
729 2158 878 2220 cicmentis
896 2160 1092 2236 inorgeninis,
1110 2159 1162 2219 sed
1183 2161 1215 2218 in

139 2285 152 2310 a
174 2259 303 2337 quodem
323 2258 383 2317 aiio
405 2257 571 2335 principio,
591 2257 671 2333 quod
686 2258 830 2316 eiemeute
853 2259 1023 2335 inargenicq
1044 2259 1212 2319 communie

139 2382 152 2407 ι
175 2355 312 2416 omnibus
331 2353 504 2431 corporibus
522 2352 691 2413 viventibus
708 2352 846 2431 disponat
865 2353 904 2414 ad
916 2353 1131 2429 cooperandum
1151 2369 1215 2430 pro

139 2481 153 2505 ι
175 2454 307 2514 unctioni
320 2452 444 2512 eiiectus
466 2453 622 2529 peculiaris
635 2457 665 2510 et
684 2451 868 2512 determinati
886 2453 936 2529 qui
953 2467 1006 2528 pro
1029 2453 1135 2528 quavis
1151 2467 1215 2528 spe·

140 2577 154 2604 ι
176 2553 223 2612 cie
240 2550 369 2611 diiisrat.
393 2550 458 2612 Hoc
476 2551 669 2628 principium,
690 2549 770 2628 quod
796 2566 849 2610 nos
870 2549 1079 2628 distinguimus
1098 2551 1215 2609 nomine

139 2675 154 2701 ι
176 2652 223 2709 or’s
238 2647 341 2710 etam
362 2647 668 2723 eremitatem,
691 2664 751 2708 non
771 2654 816 2710 est
830 2647 983 2708 inhaerens
997 2647 1148 2706 elementis
1173 2648 1218 2705 in·

140 2772 154 2797 ι
176 2748 340 2826 organicis,
354 2761 410 2806 nec
433 2748 586 2806 constitnit
601 2747 791 2823 originarium
812 2745 941 2822 aliquem
964 2743 1131 2804 mrnmdem
1147 2759 1216 2819 pro·

140 2869 155 2894 ι
177 2846 343 2922 prietatem,
363 2843 466 2921 quales
488 2849 585 2904 ament
608 2845 759 2922 parius,
779 2841 1051 2920 impenetrabilites,
1075 2842 1216 2918 poiarites

141 2964 154 2991 ι
177 2941 312 3002 electriea
329 2947 412 3018 etc.;
434 2939 487 3002 sed
509 2956 563 3002 noo
590 2956 766 3018 cognoscere
788 2942 943 3018 nequimus
965 2938 1036 3019 quid
1066 2940 1140 3001 iiind
1159 2941 1216 3016 sit,

141 3063 155 3090 ι
178 3039 326 3117 monsedo
345 3044 495 3115 nascatur,
513 3037 660 3116 quomodo
673 3044 783 3116 pereat.
799 3037 860 3098 Nos
874 3041 973 3116 itaque
992 3041 1134 3099 coniicere
1153 3054 1218 3114 pns-

141 3160 155 3188 ·
176 3151 280 3199 summ
306 3137 386 3215 qnod
413 3138 603 3198 sitemestris
623 3136 729 3214 globus
749 3141 879 3197 exstaret
898 3151 966 3196 cum
986 3137 1048 3196 suis
1068 3135 1218 3195 elementis

142 3259 156 3286 ι
179 3236 357 3313 inorqnnieis
377 3237 442 3295 sine
461 3241 568 3296 nutura
587 3236 716 3312 vivente,
737 3233 788 3294 sed
809 3236 976 3311 ceteroquin
989 3236 1020 3294 in
1040 3233 1144 3294 iisdem
1161 3235 1219 3292 cir-

142 3356 156 3383 ·
179 3333 565 3408 cumstandis31sexistere
600 3314 733 3410 pergeret
763 3333 826 3392 sine
850 3332 965 3392 entibus
989 3333 1144 3410 organicis.
1167 3330 1221 3392 Vis

139 3569 153 3595 ι
164 3551 289 3603 munire
306 3553 322 3602 d
341 3566 371 3603 os
390 3567 440 3616 que
453 3553 625 3616 prodniraieni
636 3565 694 3604 suus
710 3553 759 3604 eiie
780 3554 815 3604 ies
831 3552 937 3603 sitiniids
958 3553 1097 3615 cbimiques
1116 3551 1220 3602 ordinai-

139 3648 152 3673 «
165 3641 222 3694 res,
242 3631 261 3681 ii
278 3645 387 3697 sepeque
402 3633 495 3697 qn'eiie
511 3633 595 3699 puisse
614 3635 667 3684 dire
685 3633 821 3684 eiismorne
838 3633 953 3697 produita
973 3645 1017 3697 per
1037 3645 1079 3684 ces
1099 3631 1218 3693 amnites,

139 3729 152 3754 ι
164 3711 191 3761 et
203 3709 255 3761 i'on
273 3724 307 3763 ne
324 3714 426 3764 connati
445 3712 584 3778 cependsni
600 3713 663 3764 dans
681 3713 706 3763 ia
722 3700 813 3766 'nature
831 3725 928 3766 encane
945 3715 1015 3764 entre
1033 3713 1101 3764 ioroe
1119 3712 1222 3777 capable

138 3807 152 3833 ι
164 3787 198 3840 de
217 3791 303 3842 munis
315 3792 360 3843 des
375 3793 509 3844 moiecules
525 3795 679 3857 enparnrani
697 3793 817 3858 reperies
836 3795 873 3844 La
891 3795 1018 3845 admenta
1033 3791 1077 3844 dee
1094 3793 1159 3844 ttres
1182 3805 1221 3842 or·

140 3884 154 3911 ι
165 3868 264 3932 micis
281 3872 320 3922 est
345 3869 412 3922 dono
429 3873 453 3923 ie
472 3873 529 3939 pins
546 3873 652 3938 pand
642 3873 748 3937 mystice
763 3872 795 3925 de
812 3873 958 3926 idconomie
982 3874 1117 3936 organique
1139 3875 1165 3923 et
1189 3873 1221 3922 de

138 3949 237 4000 «toute
250 3950 276 4000 ia
290 3953 414 4002 nature.
428 3955 463 4004 le
481 3956 567 4016 isone
583 3953 686 4006 com
699 3952 830 4007 mimico
846 3953 949 4020 d'opris
964 3967 1012 4005 son
1027 3955 1218 4016 orqouiroiien.

138 4029 251 4082 tornai.
266 4030 447 4085 introduction
