2892 4425
237 344 292 397 164
568 349 809 397 [mmmm
829 350 988 397 mcum

232 460 278 520 bie
295 460 434 521 datium
452 463 675 539 contemplando
691 468 833 522 versetur.
849 463 927 540 Ergo
948 478 1015 521 cum
1031 464 1148 523 animus
1167 464 1199 522 in
1219 472 1317 525 semet

232 560 328 635 primo
349 561 526 636 revertitur,
544 576 576 619 ee
598 563 775 636 cogitantem
792 564 915 637 reperit,
937 576 1028 637 eaque
1043 564 1220 637 cogitatione
1237 564 1311 623 alie-

232 661 312 715 ctum
330 662 360 715 et
386 657 602 732 quodammodo
625 658 774 717 indutum.
799 658 846 718 Sic
870 660 961 734 igitur
989 674 1020 717 se
1043 666 1199 718 contuetur
1225 668 1255 719 et
1279 678 1311 719 se

231 759 299 811 amu
313 755 487 813 existentem
501 757 636 831 percipit,
651 758 789 815 nimirum
808 759 838 815 ln
855 762 997 832 quantum
1012 760 1140 833 cogitat;
1153 757 1232 834 quod
1245 757 1310 834 qui·

231 849 298 909 dena
315 851 407 911 elicto
429 853 480 911 illo
499 854 624 928 exprimi
646 861 760 929 posset:
779 854 886 929 cupita,
911 870 980 928 ergo
1002 870 1077 912 saar.

230 1022 235 1029 Ι
290 950 355 1023 Qua
374 954 404 1008 ln
425 967 455 1009 re
473 952 688 1011 observandum
708 960 772 1027 eet,
794 951 938 1011 eiusmodi
958 953 1081 1012 aliatum
1105 968 1164 1012 uon
1184 970 1247 1012 esse
1263 957 1310 1013 la·

230 1046 418 1123 telltgendum
437 1064 488 1123 per
513 1049 631 1108 modum
649 1050 890 1126 enthymematis,
904 1052 988 1124 qnasi
1007 1052 1164 1109 existentia
1186 1050 1309 1111 subiecti

229 1146 386 1221 cogitantis
404 1145 547 1205 inferatur
569 1148 791 1205 ratiocinatione
813 1145 939 1222 quedam
965 1162 1002 1204 ex
1026 1148 1089 1205 elus
1117 1146 1310 1206 modificatio

185 1240 191 1248 '
230 1242 329 1318 nibus,
348 1258 424 1319 quae
445 1243 525 1302 solae
547 1244 715 1304 immediate
735 1247 942 1320 percipiantur.
968 1244 1003 1303 ld
1023 1246 1102 1303 enlm
1125 1243 1230 1305 laisum
1250 1254 1307 1325 est;

229 1343 338 1416 quippe
361 1346 412 1399 aut
440 1341 582 1401 circulum
605 1343 744 1401 vitiosum
768 1342 934 1415 induceret,
958 1349 1009 1400 aut
1035 1357 1176 1429 personae
1202 1342 1310 1401 indivi-

229 1438 305 1498 duae
325 1443 490 1497 conmotam
510 1440 706 1515 cognitionem
728 1439 903 1497 eliminaret.
931 1438 968 1497 Et
985 1454 1056 1497 saue
1076 1441 1101 1496 sl
1121 1442 1308 1499 existentiam

229 1533 352 1593 subiecti
365 1536 521 1610 cogitantis
536 1535 737 1595 ratiocinando
747 1538 964 1612 cognoscimus,
974 1538 1032 1593 lara
1042 1538 1194 1611 quamitur
1209 1543 1308 1595 utrum

229 1630 311 1690 iliam
330 1631 490 1692 lateamus
507 1648 544 1692 ex
566 1636 744 1709 couscientia
762 1649 838 1710 quae
861 1632 1090 1693 modificationes
1108 1635 1199 1691 animi
1220 1634 1309 1693 refert

230 1735 264 1789 ut
276 1736 403 1808 nostras,
418 1747 457 1790 an
471 1747 567 1791 secus.
589 1731 620 1791 Si
634 1736 761 1808 primum
777 1734 948 1807 assumitur,
965 1732 1022 1791 iam
1038 1731 1140 1790 eadem
1156 1734 1307 1801 couscien-

229 1829 272 1886 tia
292 1827 452 1904 ecdemque
472 1836 540 1889 actu
559 1828 721 1889 subiectam
742 1832 838 1905 ipsum
859 1829 1043 1888 individuum
1064 1827 1167 1887 saitem
1186 1828 1309 1889 contuse

193 1946 198 1953 ·
229 1926 333 2001 aniagl
360 1924 538 1985 conceditur.
562 1926 614 1986 Sin
640 1942 710 1985 vero
730 1927 854 1987 alterum
880 1928 997 2002 eiigitur
1011 1968 1024 2001 ,
1038 1929 1090 1985 se'u
1112 1928 1136 1984 si
1160 1926 1307 1985 modifica·

228 2024 324 2081 tiones
345 2022 413 2081 illae
429 2040 482 2099 per
502 2040 554 2099 se,
575 2024 688 2084 secluso
715 2023 846 2083 subiecto
865 2026 973 2099 percipi
993 2022 1150 2099 dicuntur,
1173 2029 1246 2082 tune
1269 2040 1306 2081 ex

229 2120 301 2195 ipsis
321 2134 382 2179 non
403 2120 484 2179 aliud
503 2120 606 2180 inferri
627 2128 722 2196 potest
748 2124 804 2180 nisi
828 2124 981 2181 existentia
1002 2120 1125 2181 subiecti
1149 2120 1305 2180 cuiusdam

229 2219 260 2275 ln
278 2235 392 2296 genae.
412 2219 510 2293 Quare
528 2219 651 2279 eiiatom
673 2219 764 2279 iilud:
788 2221 894 2296 capilo,
916 2237 986 2297 erpo
1006 2235 1081 2294 ιιιιιι,
1106 2220 1199 2294 accipi
1220 2218 1307 2278 debet

158 2309 162 2318 '
228 2317 321 2373 instar
340 2317 557 2392 propositionis,
572 2331 647 2392 quae
659 2317 804 2392 significet
821 2320 914 2376 nostri
934 2319 1119 2378 existentiam
1139 2316 1309 2376 immediate

229 2412 346 2488 quidem
367 2415 484 2490 adlegi,
499 2420 531 2473 at
549 2416 579 2471 vl
599 2417 785 2490 cogitationis
804 2430 863 2490 qua
881 2413 1021 2491 officiium
1041 2417 1082 2474 lta
1103 2421 1136 2473 ut
1154 2413 1304 2474 modifica

229 2512 271 2568 ilo
295 2507 346 2570 ilia
362 2512 403 2570 eit
422 2511 497 2570 ratio
516 2525 570 2570 cur
590 2513 772 2588 satagatur,
803 2527 863 2570 non
885 2527 954 2570 vero
975 2514 1014 2571 slt
1033 2513 1209 2588 principium
1227 2511 1306 2570 unde

228 2608 385 2668 derivetur.
408 2610 589 2684 Quapropter
611 2611 674 2669 eius
690 2611 836 2684 perceptio
855 2609 1001 2684 praecedit
1015 2625 1075 2669 noa
1092 2613 1236 2686 ternpore,
1252 2609 1305 2668 sed

228 2711 343 2766 mutum
362 2709 472 2766 actara
497 2709 709 2792 perceptionem
730 2707 901 2766 existentiae
920 2706 1042 2765 subiecti
1062 2705 1141 2783 qnod
1162 2705 1266 2766 aiflcit.

289 2813 341 2866 81.
355 2804 528 2866 &necandi
543 2807 620 2865 actio
638 2805 795 2865 milesione
812 2809 943 2879 constet,
957 2803 1147 2876 nihilominus
1160 2803 1302 2874 marandi

228 2919 286 2962 noa
300 2903 467 2963 debetcum
486 2903 645 2963 universali
663 2903 716 2961 illo
735 2904 826 2960 aulml
840 2901 948 2976 reditu,
961 2915 1021 2976 quo
1039 2903 1159 2976 praevia
1175 2901 1305 2976 cognitio

228 3003 332 3060 iterum
353 3001 543 3076 perpenditur
563 3007 593 3059 et
609 2998 826 3076 quodammodo
850 2997 998 3074 relegitur,
1023 3003 1056 3056 ut
1074 2997 1239 3056 distinctior
1267 3013 1304 3055 ac

192 3127 197 3144 ·
227 3098 348 3158 nitidior
366 3098 484 3158 evadet.
503 3097 617 3156 Etenim
636 3100 668 3156 ia
685 3096 842 3174 cogitando
860 3096 920 3156 duo
937 3103 1068 3170 ternpore
1086 3095 1227 3172 distingui
1252 3094 1302 3153 de·

227 3197 306 3254 beat.
327 3193 426 3254 linum
450 3201 494 3254 est
513 3195 767 3270 contemplationis
788 3197 976 3270 spontaneae,
991 3207 1058 3251 cum
1080 3183 1215 3250 videlicet
1239 3179 1304 3249 ani·

225 3310 292 3352 naus
312 3291 457 3352 obiectum
478 3293 617 3368 primaria
639 3293 767 3366 quadam
791 3293 973 3367 perceptione
996 3285 1114 3366 attingit
1134 3293 1163 3347 et
1183 3294 1303 3347 contue-

226 3397 291 3464 tur,
305 3390 431 3449 alterum
446 3405 517 3449 vero
531 3388 784 3465 contemplationis
799 3387 940 3466 reflexae,
956 3402 1032 3462 quae
1046 3393 1118 3446 tunc
1134 3391 1301 3458 exercetur,

226 3503 293 3545 eum
317 3489 433 3546 animus
454 3485 620 3546 voluntarie
639 3489 829 3545 attentionem
853 3487 1003 3561 aciemque
1022 3484 1057 3542 ad
1081 3485 1229 3559 maeviam
1252 3497 1303 3557 ep

226 3582 448 3658 prehensionem
466 3590 657 3658 spontaneam
677 3584 840 3656 convertit,
855 3587 944 3656 atque
960 3581 999 3641 ad
1017 3581 1160 3640 elementa
1179 3595 1255 3654 qnae
1273 3580 1303 3636 iu

225 3695 260 3738 aa
275 3679 465 3740 includuntur
478 3679 605 3740 eruenda
623 3687 653 3739 et
670 3677 859 3754 ponderanda
873 3695 905 3736 se
918 3678 1057 3753 applicat.
1080 3677 1121 3736 At
1139 3689 1208 3735 cum
1221 3689 1304 3751 prae·

226 3780 275 3837 via
297 3779 489 3854 apprehensio
513 3786 676 3854 spontanea
698 3776 854 3852 dupliciter
877 3778 1001 3850 spectari
1027 3777 1138 3851 possit,
1165 3775 1303 3832 nimirum

227 3875 273 3934 rel
286 3874 447 3936 salicetum
459 3877 505 3936 vel
519 3875 675 3948 odieelive,
692 3881 780 3951 prout
793 3876 823 3932 in
843 3875 906 3948 ipse
926 3873 1124 3932 consideretur
1143 3869 1189 3928 vel
1204 3875 1305 3944 actus,

225 3975 276 4048 qul
297 3972 336 4034 ad
353 3972 515 4034 subiectum
535 3975 677 4048 pertinet,
700 3973 744 4032 uel
765 3971 911 4032 obiectum
930 3971 1009 4048 quod
1029 3975 1096 4030 actu
1115 3969 1168 4028 illo
1188 3982 1303 4042 reprae-
