2892 4425
236 358 294 409 tot
438 342 440 345 ’
564 365 805 411 annuissent
825 367 986 413 semestra

236 473 382 534 ellorensi.
411 473 539 549 Deinde,
560 477 662 535 anima
683 479 802 551 oorpori
822 476 958 552 oopuiata
977 479 1159 554 operationes
1180 491 1316 560 memet,
1404 547 1408 560 ,

235 587 310 648 quas
332 573 396 630 slne
414 587 534 647 torpore
557 587 709 648 nunquam
731 575 925 650 exercuisset,
949 591 1000 636 eas
1019 577 1159 637 nimirum
1178 595 1254 655 quae
1274 581 1315 641 ad

235 671 329 729 uitam
346 667 481 728 sensilem
498 672 655 746 pertinent,
669 684 804 747 quaeque
817 685 995 747 organorum
1014 679 1101 750 egent
1121 675 1313 738 adminiculo.

235 765 345 841 Tertio,
365 767 463 842 quoad
475 768 555 841 ipsas
572 767 782 828 intellectuales
802 770 983 844 operationes
1003 771 1123 847 aliquod
1137 789 1175 832 ex
1194 790 1316 850 corpore

234 865 464 924 emolumentum
488 865 576 926 elicit.
601 866 673 925 Eius
695 868 774 924 enim
796 881 851 942 ope
867 865 981 926 obieeta
1001 867 1151 928 senelbiiin
1176 871 1314 947 suppedi-

235 967 347 1037 tantur,
362 961 469 1038 qulbus
485 965 598 1039 positis,
618 964 734 1022 animm
749 965 851 1024 lunata
870 967 899 1022 ei
921 964 1002 1024 ideas
1018 965 1074 1024 sibi
1087 966 1237 1045 efformat,
1250 973 1315 1045 qul-

235 1057 292 1118 bus
315 1058 451 1136 deiuoeps
475 1067 571 1119 totum
594 1061 794 1137 oognitlouum
822 1077 943 1121 suarum
968 1047 1096 1140 systema
1121 1071 1307 1140 superenne.

235 1157 320 1230 Quod
344 1158 371 1216 si
392 1157 608 1233 quodammodo
633 1173 755 1234 oorpore
775 1164 916 1234 gravetur
936 1165 966 1218 ei
986 1163 1128 1220 emeleri
1152 1164 1314 1223 attentione

235 1254 356 1314 obiectis
378 1271 458 1315 mere
480 1252 714 1332 intelligibilibus
736 1253 901 1316 adhibenda
924 1259 1128 1335 praepeditur;
1148 1260 1179 1319 id
1202 1277 1241 1319 ex
1260 1276 1313 1321 na·

235 1353 324 1411 turali
346 1354 409 1411 eius
431 1352 596 1412 conditione
617 1353 756 1429 resultat,
780 1359 924 1429 manuus
944 1361 1050 1414 notura
1068 1371 1122 1414 sua
1143 1356 1181 1415 nd
1206 1373 1333 1440 eorpus,

235 1451 299 1508 vita
319 1449 418 1525 aliquo
435 1455 566 1525 tempore
585 1448 757 1510 donandum
777 1450 908 1510 ordinem
927 1449 1035 1528 hebet,
1052 1459 1082 1513 et
1098 1469 1117 1512 a
1136 1454 1314 1530 perisenme

235 1544 334 1604 deddt
352 1545 609 1622 intelligentiarum
628 1554 855 1624 separatarum,
878 1561 955 1624 quae
974 1565 1095 1625 eorpore
1114 1553 1222 1628 iugiter
1241 1559 1314 1613 sunt

235 1647 379 1716 expertes.

296 1737 429 1798 Alterum
449 1754 521 1799 vero
543 1748 765 1818 argumentum,
786 1742 866 1820 quod
888 1742 1021 1820 addunt,
1047 1747 1078 1804 in
1094 1748 1195 1822 primis
1208 1753 1312 1809 sonim

236 1837 315 1912 ipsos
328 1836 510 1896 adversarios
535 1840 663 1914 torqueri
685 1845 795 1914 posset.
807 1841 884 1899 Nem
898 1845 1018 1917 praevia
1030 1845 1184 1904 exbtentia
1198 1847 1311 1905 animo-

236 1952 302 1995 rum
319 1937 485 2014 adstructo,
500 1954 537 1996 ue
552 1939 606 2013 ipsi
618 1939 737 2014 quidem
753 1941 992 2018 incommodum,
1016 1943 1094 2018 quod
1108 1943 1250 2005 obliniunt
1269 1945 1278 2020 (
1286 1947 1312 2004 si

186 2052 192 2059 ·
234 2035 451 2096 incommodum
473 2035 561 2112 esset)
583 2035 742 2096 declinant.
768 2037 880 2097 Etenim
901 2044 964 2098 tum
987 2040 1075 2098 etiam
1090 2039 1167 2099 Dens
1188 2041 1313 2117 siugulis

236 2133 470 2211 generationibus
491 2134 607 2193 adstare
629 2133 758 2210 deberet,
778 2151 836 2192 noo
858 2142 891 2194 ut
913 2137 1027 2196 animan
1047 2136 1194 2214 conderet,
1213 2137 1265 2197 sed
1278 2145 1313 2198 ul

239 2235 325 2292 novis
349 2232 523 2308 eorporibns
542 2231 700 2307 copularet.
723 2232 844 2307 Deinde,
866 2216 980 2293 nulium
993 2232 1152 2294 absurdum
1167 2236 1197 2294 in
1218 2250 1253 2294 eo
1269 2242 1314 2295 est

235 2330 403 2389 uenalium
426 2329 601 2390 famulatum
623 2328 723 2405 alieri,
738 2330 816 2404 quod
837 2330 932 2407 Dens,
948 2332 1000 2407 qni
1022 2330 1159 2391 omuibus
1178 2332 1312 2407 providet

235 2426 377 2487 rebusad
400 2428 590 2505 singulasque
609 2429 758 2485 eoneurrit
772 2429 977 2503 operationes,
998 2430 1041 2487 sie
1059 2421 1204 2489 humanas
1228 2443 1312 2505 geue·

236 2529 364 2585 rationes
387 2526 595 2599 administren
623 2530 657 2582 nt
681 2526 857 2584 eoustruetis
876 2525 1045 2601 <torporibus
1069 2528 1208 2602 animes,
1234 2542 1311 2603 quae

236 2623 287 2682 iiie
302 2624 461 2683 informent
482 2628 512 2680 et
531 2627 646 2697 regant,
666 2636 683 2679 e
704 2620 797 2679 nihilo
810 2619 929 2679 oondat.
946 2622 1119 2681 Praesertim
1141 2638 1222 2697 vero,
1242 2638 1311 2683 eum

234 2722 264 2779 id
286 2728 316 2781 et
330 2728 453 2783 naturae
465 2736 569 2780 cursus
585 2719 624 2778 ab
637 2721 701 2794 ipso
713 2718 776 2777 Deo
793 2718 997 2778 oonstnbllitus
1017 2720 1127 2795 exigat,
1148 2725 1180 2777 et
1191 2720 1311 2795 spiritus

191 2830 195 2839 '
235 2820 357 2879 humani
379 2821 507 2880 eonditio
526 2822 609 2878 iuxta
630 2818 763 2877 ordinem
786 2817 923 2877 odivina
946 2819 1088 2892 sapientie
1106 2816 1247 2876 dietatem
1267 2832 1311 2875 re-

234 2918 343 2992 quirat.
376 2916 529 2975 muueris
556 2918 655 2990 opinio
680 2916 817 2975 surculus
839 2915 959 2991 quidam
984 2921 1029 2975 est
1053 2916 1207 2991 pestilerae
1232 2914 1312 2975 illins

234 3014 363 3090 plautae,
386 3014 526 3072 nimirum
545 3015 755 3090 rationalismi,
770 3017 820 3090 qui
844 3020 986 3091 qnantum
1013 3020 1108 3089 potest
1134 3016 1212 3073 eires
1229 3015 1260 3071 in
1280 3013 1310 3073 id

234 3112 338 3187 exerit,
360 3118 395 3170 ut
408 3109 502 3169 Βειιιιι
524 3126 542 3169 a
565 3116 683 3187 natura,
707 3114 867 3188 aratione,
891 3113 1065 3171 esoeietete
1088 3114 1245 3169 removent.

297 3216 366 3267 100.
388 3207 434 3267 Ea
452 3207 514 3284 bis,
533 3223 585 3266 eeu
607 3211 697 3269 totins
716 3210 895 3284 quaestionis
915 3208 1021 3267 solutio
1043 3214 1072 3267 et
1093 3208 1177 3283 quusi
1197 3222 1312 3266 summa

233 3305 377 3382 dimanet,
397 3309 530 3365 animum
549 3322 587 3365 ex
603 3305 696 3365 nihilo
716 3306 811 3365 allen
827 3312 889 3365 tum
904 3305 1004 3381 tondi,
1022 3320 1089 3363 eum
1109 3310 1176 3363 netu
1195 3304 1311 3381 corpori

233 3402 364 3462 humano
379 3402 543 3479 iungendos
557 3409 612 3463 esi.
628 3404 752 3476 Quodsi
771 3404 994 3463 determinatum
1010 3404 1151 3478 temporis
1170 3408 1312 3477 ponetum

233 3502 388 3561 creationis
416 3508 505 3577 atque
536 3503 694 3561 inustionis
724 3501 814 3560 huius
843 3502 1025 3577 exposcitur,
1045 3499 1254 3575 respondemus
1281 3498 1311 3557 id

234 3600 321 3676 plane
343 3604 487 3660 incertum
514 3618 576 3660 esse
597 3618 632 3660 ae
657 3600 743 3660 nobis
764 3603 885 3659 minime
910 3607 1022 3659 notum.
1052 3598 1219 3659 Generatim
1241 3613 1312 3657 uero

159 3740 165 3745 -
234 3699 332 3757 disere
344 3688 500 3775 possumus
514 3702 628 3759 animos
646 3707 710 3759 tum
724 3700 818 3758 ereerl
833 3698 1060 3775 corporibusque
1074 3698 1230 3773 coniungi,
1243 3710 1311 3754 eum

235 3814 356 3873 eorpora
378 3800 431 3857 rite
451 3804 601 3873 eompaeta
623 3797 733 3857 fuerint
753 3800 948 3874 congruisque
968 3796 1087 3873 organis
1107 3796 1251 3853 lustrante
1275 3792 1312 3852 ad

234 3896 398 3956 functiones
418 3899 496 3955 vitoe
516 3895 702 3955 exercendas.
727 3896 808 3969 Quae
827 3896 973 3954 sententia
992 3891 1098 3952 exinde
1116 3894 1188 3951 sads
1207 3890 1312 3950 suade·

234 3999 299 4070 tur,
313 3995 391 4072 quod
409 4012 477 4054 oum
497 3998 612 4054 animus
632 3996 746 4069 eorpori
762 3994 915 4069 copuletur
931 3998 965 4052 ui
978 4007 1014 4050 eo
1033 3986 1182 4065 tamquam
1202 3991 1312 4048 instru-
