2892 4425
405 406 483 453 ΜΒ
505 407 622 454 mm
643 423 655 440 ·
678 407 896 455 rsvcuoioait
1129 405 1186 458 278

109 534 165 596 per
189 515 336 597 nuaiysim
359 523 391 577 et
410 517 574 600 synthesim
601 519 708 578 mentis
733 533 824 578 nuans
844 514 923 578 ideas
944 517 1004 578 albi
1032 521 1184 596 procudat.
1255 531 1262 542 ·

110 617 176 678 Ant
192 617 282 676 edam
304 615 425 677 modum
449 618 506 693 ipsl
527 619 677 694 proponit,
692 632 751 692 qno
769 616 879 676 indicia
900 619 959 676 lam
977 619 1093 694 cognita
1111 634 1189 678 com-

111 721 197 792 paret
221 716 299 776 inter
321 728 355 775 se
373 719 405 774 et
422 713 631 775 determinatae
654 716 795 774 materiae
822 714 949 790 applicet
973 715 1010 774 ad
1029 716 1189 777 illationem

111 814 243 890 Qum
271 811 454 874 diciendam.
478 812 556 890 Ergo
575 813 755 889 discipulum
777 815 956 874 extrinsecus
969 816 1067 891 luvat3
1086 815 1138 874 sed
1158 817 1189 874 in

112 911 219 974 eodern
238 910 379 974 subaudit
399 919 463 972 tum
485 902 566 972 ideas
585 913 645 971 mm
667 912 821 988 eumuna,
843 919 907 972 turn
930 913 990 972 uim
1012 903 1131 972 eruendi
1153 927 1191 972 ex
1268 979 1273 984 ,

113 1011 187 1087 ipsis
205 1025 299 1071 nouos
312 1016 469 1085 oonoeptus
481 1015 512 1069 et
528 1009 637 1070 indicia
646 1015 677 1069 et
688 1010 894 1087 deductiones,
908 1009 996 1069 ruodo
1014 1009 1098 1086 ideis,
1117 1024 1192 1086 unns

115 1106 262 1184 madet,
284 1109 475 1168 attentionem
492 1106 606 1184 alligat.
629 1107 734 1184 linque
755 1123 792 1167 ex
810 1107 867 1167 hac
891 1113 974 1183 parte
998 1106 1126 1168 evolutio
1147 1109 1191 1165 in·

116 1212 201 1266 teau
225 1207 333 1265 mentis
346 1202 395 1282 ,ab
420 1205 516 1264 nlierm
536 1207 703 1283 magisterio
721 1221 780 1265 non
806 1205 912 1282 pendet
935 1207 958 1264 ¹.
1158 1241 1160 1247 ,

177 1302 235 1364 Sed
245 1302 378 1363 mwlute
387 1317 447 1363 non
458 1301 565 1378 pendet
578 1304 777 1379 nequequoad
790 1305 926 1362 tutamen
940 1309 1105 1365 externum.
1115 1301 1192 1363 Nam

118 1403 159 1464 nd
179 1401 371 1462 attentionem
391 1400 597 1476 praestandam
616 1400 701 1477 idolo,
720 1415 794 1478 quas
818 1400 896 1478 apud
917 1417 949 1461 se
969 1400 1070 1478 lenm,
1088 1417 1194 1478 nmque

118 1498 299 1562 ordinandas
320 1505 453 1574 mpectu
474 1499 614 1559 illationis
633 1498 820 1558 deducendae
833 1514 914 1558 mens
940 1497 1073 1559 absoluta
1099 1505 1195 1576 potest

117 1613 155 1660 ns
172 1595 556 1658 nllbmmisdetnrmlnarl.
575 1596 615 1656 Et
641 1613 672 1657 re
694 1595 813 1674 quidem
839 1612 931 1674 vera,
953 1599 1048 1656 omnis
1073 1598 1195 1657 nolentia

119 1694 227 1758 minda
249 1695 423 1771 aeuuuitsu,
444 1692 524 1770 quod
548 1695 692 1770 principia
716 1694 895 1754 universalia
912 1710 963 1771 per
992 1711 1024 1754 se
1049 1692 1119 1754 noto
1143 1711 1195 1771 ap·

119 1795 266 1873 plloentur
275 1792 365 1854 adcul
378 1785 517 1852 materiae
536 1809 588 1852 sen
600 1791 793 1853 determinato
811 1792 951 1854 subiecto.
969 1793 1103 1853 Iemvero
1114 1795 1195 1870 prla-

119 1895 198 1970 cipis
213 1891 392 1954 unisemalle
413 1907 465 1968 per
481 1907 515 1952 so
530 1899 602 1973 nota
624 1907 643 1951 a
660 1899 757 1952 mente
772 1875 967 1966 elinmnautur'
991 1907 1048 1969 ope
1074 1891 1194 1952 luminis

119 1991 325 2056 invisendis
337 2007 397 2067 qno
410 2007 492 2051 mena
507 1993 684 2052 intrinsecus
701 1991 820 2051 irniiur.
837 1991 871 2050 ld
890 2007 952 2051 non
969 1998 1078 2069 negant
1095 1991 1197 2052 adven

120 2093 205 2167 Μῦς
218 2095 249 2152 ct
266 2094 293 2152 sl
306 2097 458 2168 negment,
473 2095 600 2149 mentem
619 2089 779 2148 humanam
796 2091 877 2148 omni
894 2091 1012 2166 propria
1024 2089 1199 2149 efficacitate

121 2190 321 2253 dssdtnmcnt.
331 2188 407 2250 Tota
421 2191 511 2267 igitur
522 2187 684 2250 dllilcultns
697 2187 845 2248 reducitur
858 2185 896 2248 ad
910 2185 1131 2264 applicationem
1146 2185 1198 2249 ho

123 2270 191 2351 suni·
207 2290 417 2367 principiornm
438 2289 571 2349 subiecto
592 2287 732 2364 peculiari
753 2283 927 2347 laciendum.
949 2284 1039 2345 Porro
1055 2285 1198 2346 eiusmodi

122 2386 287 2450 sublecmm
310 2387 418 2463 triplex
439 2393 500 2448 est:
527 2384 656 2447 mundus
677 2384 824 2462 exterior,
843 2384 1018 2465 principium
1042 2386 1195 2465 cogitans,

123 2486 203 2547 Deire
216 2488 345 2562 uptlmm
360 2486 519 2547 maximus.

183 2583 226 2645 At
236 2584 275 2644 de
287 2584 398 2644 mundo
410 2586 554 2645 antenore
569 2591 599 2645 et
618 2586 764 2662 principio
777 2586 924 2663 cogitante
938 2582 1019 2643 nulle
1032 2584 1131 2661 vigere
1146 2599 1199 2659 po·

126 2687 184 2742 test
198 2671 457 2743 illuminantium
474 2696 543 2743 cum
561 2682 636 2743 alter
654 2685 816 2761 attingatur
834 2682 980 2760 sensibus,
996 2681 1119 2741 alterum
1133 2698 1203 2742 oon-

125 2781 260 2858 mianum
274 2796 325 2857 per
339 2796 372 2841 se
388 2786 588 2858 praestosum
606 2784 715 2863 menti,
727 2787 815 2859 nique
828 2781 893 2842 ideo
907 2784 1138 2858 praesentiusue
1153 2796 1203 2858 np-

185 2948 338 3014 lSspienter
356 2950 382 3001 S.
394 2950 514 3001 Thomas:
536 2968 550 2994 ι
566 2951 596 3001 ln
615 2950 710 3001 lumine
726 2950 865 3001 intellsmus
882 2948 976 3014 agentis
996 2949 1067 3001 nobis
1086 2952 1124 3001 est
1136 2964 1201 3013 ¹spuo·

128 3049 141 3073 ι
155 3028 287 3081 &ulmodo
308 3031 511 3082 omniscientis
533 3030 686 3095 originmiier
709 3030 808 3094 indita,
830 3030 997 3082 mediantibus
1022 3030 1203 3082 universalibus

126 3129 140 3154 s
156 3112 376 3177 coucepdonllius,
394 3126 458 3175 quse
473 3111 557 3161 statim
577 3111 669 3162 lumine
687 3112 827 3165 intellectus
847 3112 940 3176 ngeniis
954 3114 1143 3176 cognoscuntur,
1159 3126 1203 3175 per

126 3208 140 3235 ι
156 3202 238 3253 quas,
254 3191 321 3242 sicut
338 3204 381 3255 per
399 3191 548 3242 universalis
564 3192 702 3257 principia,
720 3180 860 3243 iudicamus
876 3192 908 3242 do
921 3191 995 3255 eliis,
1015 3194 1040 3243 et
1057 3205 1086 3243 sa
1104 3205 1202 3257 praeco

129 3288 142 3313 ι
159 3269 301 3331 mundinas
316 3271 344 3320 in
362 3273 431 3334 ipsis.
450 3292 464 3315 s
483 3274 639 3329 Quaestione
654 3271 687 3322 de
702 3274 790 3323 Meuia
808 3274 854 3322 sri.
868 3281 883 3322 a
897 3274 923 3322 in
941 3286 1009 3335 corp.
1028 3274 1058 3321 at
1073 3271 1133 3322 alibi
1150 3272 1201 3323 nli:

129 3367 142 3391 ι
159 3347 279 3398 Similiter
296 3350 371 3399 etiam
389 3349 522 3402 dicendum
538 3354 575 3402 est
588 3352 621 3403 dc
633 3352 751 3403 scientiae
766 3352 937 3417 acquisitione,
953 3352 1020 3416 quod
1037 3352 1207 3416 praeexistunt

129 3448 143 3471 ι
160 3426 186 3477 in
205 3426 277 3478 nobis
293 3428 415 3492 quamam
434 3432 591 3482 scientiarum
609 3432 714 3494 semina,
728 3432 823 3483 scilieet
838 3432 932 3496 primae
947 3432 1120 3496 conceptiones
1137 3432 1206 3483 intel-

131 3528 144 3551 «
160 3508 255 3569 lectus,
275 3520 340 3570 quae
355 3510 439 3559 statim
457 3510 551 3563 lumine
568 3510 708 3561 intellectus
723 3512 818 3574 egentis
833 3516 1032 3575 cognoscuntur,
1052 3527 1096 3577 per
1112 3513 1206 3577 species

130 3609 144 3634 ι
160 3600 176 3639 a
191 3586 349 3641 sensibilibus
364 3588 509 3651 abelmaim,
525 3591 578 3642 sive
590 3592 641 3642 sini
653 3592 782 3654 completa
796 3593 823 3640 ut
835 3590 974 3654 dignitates,
986 3592 1039 3643 eise
1051 3592 1207 3657 incomplexe

130 3688 144 3712 ι
159 3668 226 3719 deut
241 3668 307 3719 ratio
325 3668 400 3731 entis,
411 3671 438 3719 et
451 3669 526 3719 unius
542 3675 568 3721 et
587 3670 730 3720 huiusmodi
746 3683 810 3733 quse
822 3672 906 3721 niellus
922 3672 1060 3723 intellectus
1074 3673 1207 3738 apprehen

129 3769 143 3795 ι
159 3749 206 3801 dii.
227 3753 266 3801 lis
283 3749 340 3801 istis
357 3751 442 3801 sutem
461 3750 590 3815 principiis
609 3750 790 3801 universalibus
809 3751 893 3801 oannis
912 3752 1034 3817 principia
1053 3755 1206 3816 amnentur,

132 3850 144 3875 ι
160 3830 227 3883 ueni
242 3830 437 3897 moribundam
457 3830 595 3883 mtionibus
611 3830 779 3882 seminalibus.
792 3830 898 3890 Quando
918 3845 976 3897 ergo
993 3846 1023 3884 es
1044 3832 1104 3905 lalig
1112 3832 1206 3889 uelato

131 3930 144 3954 ι
160 3912 255 3964 ultim
267 3912 451 3975 cognitionibus
469 3925 540 3963 meus
559 3910 682 3974 eduntur,
701 3912 805 3963 niuniu
823 3916 955 3977 cogrronast
966 3912 1133 3979 particularia,
1144 3924 1208 3974 quse

132 4011 145 4035 α
160 3993 229 4056 prius
241 3991 268 4043 ia
284 3992 404 4057 potentin,
419 3995 445 4045 et
460 3992 533 4057 quasi
550 3993 577 4044 iu
595 3993 729 4045 universali
745 3992 965 4059 cognoscebantur,
981 3996 1041 4050 hillo
1059 3991 1151 4055 minuis
1170 3990 1207 4047 di-

133 4072 227 4125 ·citur
245 4072 374 4125 seientiam
389 4074 525 4141 anquirere.
544 4092 559 4121 s
575 4076 731 4135 Quaestiorm
749 4074 782 4129 de
800 4074 929 4141 udaiaus
948 4075 996 4125 ari.
1016 4080 1038 4125 l,
