2892 4425
475 346 551 390 eins
573 346 677 389 ΡΙΙΙΚ
696 360 708 375 ·
729 294 928 391 (ἓθβίθιθθῖλ
1202 342 1238 393 17
1275 402 1282 411 .

161 460 281 539 quidem
299 472 356 517 non
379 473 496 515 omnem
517 454 692 529 realitatem,
708 455 792 515 culus
808 460 852 515 est
867 453 1026 531 nllqnnndo
1046 470 1151 534 capax,
1170 459 1240 521 actu

161 557 303 634 possidet,
322 562 357 615 nt
374 556 452 614 cntis
468 554 624 612 necessarii
645 554 797 629 proprium
813 568 876 611 esse
892 558 1056 630 oporteret,
1072 570 1126 616 nec
1146 556 1241 617 modis

161 654 317 728 omnibns,
338 667 412 728 quos
431 657 618 726 suscepturus
637 655 700 723 est,
717 664 848 726 unquam
866 648 1007 711 allicitur.
1029 650 1139 712 Deinde
1165 654 1240 714 mul·

162 751 289 812 titudine
302 756 332 809 et
343 749 552 823 compositione
563 746 709 807 coalescit.
726 730 914 807 Multitudine
928 748 1058 824 quidem,
1070 753 1139 826 qula
1155 750 1241 813 rabns

164 852 239 909 mire
257 848 636 937 diversls'cnagmentetnrg
650 847 859 920 compositione
880 861 960 921 sero,
974 848 1045 923 quie
1062 854 1092 906 et
1108 848 1241 924 pertibus

164 951 242 1007 inter
261 962 293 1005 se
309 946 422 1008 dissitis
438 950 467 1002 et
484 941 571 1001 rebus
589 944 714 1001 materie
735 944 878 1001 concretis
898 946 1040 1021 exsurgit.
1060 944 1159 1005 Tertio
1180 962 1242 1007 mtr-

166 1046 269 1105 lationl
290 1042 440 1117 subditur,
457 1039 692 1117 quandoquidem
708 1042 891 1099 successione
908 1043 1046 1101 continua
1065 1048 1161 1117 partes
1177 1045 1242 1104 elas

166 1141 242 1201 allae
261 1142 419 1215 intereunt,
437 1138 514 1197 eliae
535 1143 747 1213 renascuntnr3
771 1137 846 1197 allae
865 1144 968 1214 egunt,
984 1139 1058 1199 aliae
1074 1143 1240 1217 patiuntur,

165 1240 242 1299 alise
261 1237 461 1313 dominentur,
478 1237 554 1295 aliae
568 1236 711 1311 subsunt,
729 1236 804 1295 eliae
822 1242 993 1313 augescunt,
1009 1237 1084 1295 ellae
1105 1238 1241 1297 minuun-

167 1343 235 1411 lur;
255 1336 332 1395 allae
351 1334 526 1411 perfectione
549 1333 720 1407 viduantur,
739 1334 813 1393 ailae
831 1350 937 1393 noram
957 1337 1115 1411 recipiunt3
1135 1332 1242 1411 ublqns

168 1440 280 1493 motum
298 1450 334 1493 ae
359 1434 528 1493 uarietatem
551 1430 751 1507 suppeditant.
780 1431 909 1508 Denique
932 1431 1041 1493 linibus
1066 1432 1241 1510 quibusdam

167 1537 327 1609 coeroetm,
348 1539 413 1592 tum
434 1533 505 1607 quie
528 1533 655 1606 partium
678 1532 741 1591 elus
759 1546 891 1607 quaeque
909 1532 1065 1592 terminata
1085 1539 1130 1593 est
1151 1532 1243 1610 (addi-

168 1617 248 1690 llone
259 1637 358 1690 eutem
371 1629 522 1689 llnltornm
535 1630 653 1687 nonnisi
672 1627 789 1687 linitum
807 1627 927 1687 conflari
946 1629 1063 1707 potest),
1078 1632 1244 1691 tumebam

167 1729 238 1803 quie
257 1743 316 1786 non
339 1726 427 1785 modo
442 1726 542 1803 angeri
562 1726 713 1809 minuique
733 1732 846 1803 potest,
864 1728 915 1787 sed
932 1730 1022 1787 etlem
1042 1730 1138 1807 reipsn
1157 1732 1243 1791 noris

168 1828 200 1885 in
221 1825 284 1885 dies
306 1825 494 1885 incrementis
515 1822 560 1882 vel
581 1822 775 1883 decrementis
797 1822 936 1885 afficitur.
957 1896 961 1901 Ι

227 1925 284 1996 Qui
299 1926 391 2000 igitur
406 1921 622 1996 pentbelsmnm
641 1921 814 1998 obtrudunt,
834 1923 866 1983 hi
883 1924 1025 1983 mundum
1045 1928 1075 1985 ln
1089 1926 1243 1987 existentia

169 2022 364 2081 nmesarlnm
383 2024 414 2078 et
430 2020 661 2095 contingentem,
682 2021 713 2077 ln
735 2018 1000 2081 modificationibus
1025 2020 1194 2081 mutabilem
1214 2027 1244 2081 et

167 2118 392 2194 immutabilem,
414 2119 445 2176 in
467 2116 632 2177 substantie
651 2117 812 2193 simplicem
839 2124 868 2176 et
890 2119 1105 2195 compositum,
1125 2120 1155 2177 ln
1180 2134 1243 2177 ree·
1322 2100 1332 2110 ’

114 2257 120 2266 -
169 2216 251 2276 litate
269 2215 386 2276 llnltum
408 2222 438 2275 et
458 2214 604 2275 inlinitum
627 2215 777 2275 adstruere
798 2215 968 2293 adiguntur,
993 2221 1080 2291 etque
1105 2214 1170 2274 idco
1191 2233 1243 2291 pu·

169 2328 259 2389 gnam
277 2313 357 2373 illam
375 2319 568 2389 conceptuum
585 2313 715 2390 elingere
735 2312 815 2372 nullo
832 2313 919 2372 modo
935 2319 1068 2388 possunt,
1083 2327 1174 2387 quarn
1195 2328 1243 2371 su·

169 2428 225 2487 pra
243 2415 546 2471 commemoravimus.
568 2413 676 2487 Quare,
697 2415 722 2470 sl
748 2411 819 2470 nihil
837 2417 882 2471 est
898 2411 1061 2474 evidentius
1075 2427 1163 2488 quam
1184 2426 1243 2469 non

169 2524 256 2585 possa
276 2507 436 2568 subiectum
455 2509 532 2568 idem
552 2510 788 2570 contradictoriis
807 2509 955 2570 attributis
972 2509 1067 2585 aillcl3
1086 2507 1245 2568 mundusa

168 2607 231 2666 Deo
247 2605 442 2684 distinguatur
459 2613 589 2684 oportet:
609 2607 752 2683 siquidem
772 2607 911 2667 attribute
928 2608 980 2667 llel
999 2608 1115 2683 pmprla
1132 2612 1245 2665 contra·

168 2703 272 2763 dlcnnt
291 2703 452 2781 attributis,
471 2721 548 2781 queo
566 2705 677 2765 mundo
697 2710 876 2782 competunt.
1345 2701 1347 2708 ’

322 2963 330 2982 ,
383 2906 522 2979 Singulae
540 2911 704 2980 separatim
720 2907 900 2980 panlbclsml
911 2905 1032 2979 sermm

604 3001 812 3069 coarguuntur.

229 3200 260 3256 8.
282 3194 364 3267 Quae
394 3193 550 3272 diximus,
576 3199 735 3274 generatim
764 3196 866 3257 valent
894 3195 1035 3256 adversus
1063 3194 1249 3256 Penthelstas

169 3305 283 3366 omnes,
301 3293 438 3368 qnodque
457 3295 488 3351 ln
505 3283 605 3353 eornm
619 3303 779 3372 systemate
797 3311 951 3358 commune
963 3300 1008 3354 est
1027 3294 1247 3371 aggrediuntur.

168 3386 255 3448 Nunc
274 3405 345 3448 vero
364 3391 540 3466 peculiarem
568 3393 659 3452 veluti
679 3393 847 3453 eorumdem
868 3393 1096 3472 confutationem
1122 3392 1248 3450 breuiter

167 3483 375 3565 degustemus,
398 3505 474 3564 quae
497 3495 602 3550 contre
624 3492 757 3567 singulos
786 3493 896 3551 viritim
924 3493 1066 3567 impetum
1089 3489 1201 3567 iaciat,
1220 3497 1250 3550 ct

167 3586 356 3659 potissimum
379 3589 508 3646 rationes
528 3589 634 3665 quibus
655 3589 819 3650 iniciuntur
836 3596 964 3664 evertat3
982 3595 1017 3649 ut
1029 3588 1169 3650 discussis
1183 3589 1249 3649 lun-

167 3679 431 3760 dameutls,quem
452 3685 537 3745 labile
559 3687 723 3747 aediticium
743 3691 781 3748 sit
803 3697 952 3765 appareat.

228 3779 380 3842 Sarnous.
398 3790 426 3842 A
444 3783 570 3860 Spinoza
587 3785 769 3864 exordimur,
790 3789 840 3863 qni
858 3789 989 3847 omnium
1010 3787 1250 3864 diligentissimus

168 3880 253 3939 risus
274 3887 343 3957 est,
361 3882 614 3967 quemqueeeteri
636 3887 758 3945 mutatis
779 3884 918 3962 vocibus,
943 3884 981 3945 ed
1003 3901 1063 3945 rem
1087 3885 1167 3961 quod
1187 3887 1272 3944 alti·

168 3983 231 4054 net,
252 3981 366 4055 sequuti
385 3987 463 4040 sunt.
480 3979 630 4041 Adversus
649 3983 727 4042 bunc
746 3985 847 4059 igliur,
862 3990 896 4043 ut
914 3986 1048 4044 omittam
1062 3991 1158 4042 cetera
1178 3986 1250 4041 uilla
