2892 4425
242 347 299 398 ios
572 353 790 397 anasaislei
812 355 986 397 carnariis

243 473 360 541 propter
385 480 495 523 mom
522 465 746 522 associationem
768 463 1129 540 pernoctantemque
1159 465 1187 522 in
1225 465 1318 526 brutis

243 567 331 622 etiam
352 565 505 638 reperitur.
533 563 673 635 Quaestio
697 568 794 621 antem
821 568 920 622 nostra
948 578 1006 622 non
1038 565 1066 620 in
1095 563 1150 622 hoe
1171 567 1316 624 vertitur:

243 667 363 732 utrum,
379 659 450 718 dum
469 657 531 717 sola
558 660 767 734 imaginatione
793 674 965 734 operamur,
985 663 1130 734 possimus
1148 663 1317 721 instinctive

243 757 342 816 eadem
369 762 523 832 expectare
542 755 758 831 phaenomena,
783 755 884 814 iisdem
914 758 1010 816 causis
1034 757 1231 833 apprehensis.
1261 758 1320 818 Sed

242 856 373 929 quaestio
393 860 525 914 versatur
545 855 574 911 in
600 852 671 912 hoe:
696 852 843 928 quodnam
864 855 903 912 sit
926 851 1146 914 tundamentum
1175 871 1235 932 quo
1254 858 1321 914 niti·

243 960 291 1011 tur
311 961 340 1010 et
360 951 426 1011 fons
447 950 523 1010 unde
542 949 608 1010 duit
628 957 729 1010 nostra
749 951 901 1010 rationalis
924 954 1074 1027 persuasio
1093 959 1123 1012 et
1141 960 1252 1014 cenum
1275 957 1320 1013 iu·

242 1050 349 1109 dicium
371 1052 486 1124 menda,
512 1047 632 1124 quando
648 1053 736 1122 prout
756 1050 866 1106 ratione
885 1047 1007 1122 praediti
1027 1065 1128 1110 sumus
1151 1067 1317 1128 operamur.

158 1158 161 1162 ⁴
242 1147 325 1206 Hanc
347 1149 601 1224 investigationem
615 1146 747 1203 omittere
766 1150 794 1202 et
815 1144 851 1202 ad
871 1145 1040 1204 instinctum
1056 1145 1224 1222 confugere,
1239 1147 1316 1208 idem

243 1260 359 1319 prorsus
377 1251 423 1302 est
442 1249 530 1319 atque
550 1242 696 1300 hominem
716 1241 872 1300 destituere
893 1242 1025 1301 rationaii
1045 1243 1237 1318 certitudine,
1259 1261 1320 1320 qua

242 1348 374 1400 ornatur.

302 1445 352 1494 aa.
374 1435 546 1510 Gaiiuppius
560 1435 708 1493 existimat
721 1434 942 1494 similitudinem
957 1437 1033 1493 inter
1048 1435 1178 1494 futurum
1192 1444 1222 1496 et
1236 1453 1319 1512 prae-

243 1533 358 1590 teritam
386 1534 416 1589 vi
439 1533 633 1606 experientiae
652 1537 761 1589 certam
786 1529 906 1606 haberi,
936 1537 1023 1606 atque
1052 1531 1118 1590 ideo
1137 1531 1260 1594 attatum
1290 1535 1324 1592 ii·

243 1629 293 1688 iud
311 1627 452 1704 satanam
474 1631 622 1685 transacio
641 1626 739 1686 simile
764 1631 822 1686 crit
845 1629 1014 1702 empiricam
1034 1627 1108 1687 dicit
1132 1643 1195 1688 mse
1214 1633 1320 1690 verita·

243 1734 301 1784 tem
317 1728 340 1784 ¹.
359 1725 455 1799 Quam
468 1727 641 1783 sententiam
654 1727 698 1783 sic
711 1727 814 1783 nititur
829 1724 1017 1800 persuadere:
1034 1726 1133 1802 quoad
1150 1727 1321 1804 longissime

242 1839 324 1880 mens
338 1828 438 1881 nostra
458 1823 592 1896 respiciat
611 1822 738 1896 spatium
752 1823 900 1896 praeteriti
924 1825 1081 1899 temporis,
1095 1829 1125 1882 et
1148 1827 1319 1888 memoriam

243 1921 346 1978 aetatis
367 1917 532 1976 recordetur
549 1917 700 1991 ultimam,
719 1917 799 1975 haud
818 1916 939 1976 dubium
962 1925 1018 1994 est,
1037 1921 1109 1995 quin
1135 1921 1267 1980 eousciat
1288 1937 1322 1980 sa

200 2039 206 2045 ·
242 2022 407 2075 constanter
425 2016 589 2073 consimiles
605 2012 730 2072 effectus
746 2030 765 2072 a
781 2012 924 2074 similibus
936 2017 1033 2074 causis
1049 2022 1201 2092 expertam
1218 2016 1320 2078 missa.

244 2113 329 2173 Unde
349 2114 379 2171 in
399 2113 568 2170 continuata
581 2113 654 2169 serie
674 2125 831 2186 annorum,
845 2113 895 2188 qui
916 2113 1099 2188 praeteriere,
1115 2119 1237 2174 naturae
1256 2129 1323 2174 our·

247 2227 298 2271 aus
317 2226 431 2286 semper
452 2208 506 2269 sibi
527 2207 680 2267 uniformis
700 2214 730 2267 et
750 2215 887 2268 constans
911 2211 1055 2285 apparuit.
1078 2211 1117 2269 ir
1139 2228 1207 2271 vero
1227 2219 1322 2272 totum

244 2308 301 2365 hoo
314 2312 441 2384 tempus,
457 2322 634 2383 quamquam
649 2308 833 2381 praeteritum
849 2308 887 2365 sit
903 2313 1035 2381 respectu
1053 2309 1191 2367 instantis
1212 2310 1243 2367 in
1262 2325 1323 2385 quo

243 2408 322 2463 aunc
342 2406 481 2477 vivimus,
501 2409 600 2462 tamen
616 2409 756 2478 tanquam
775 2402 906 2462 tutorum
927 2402 1105 2461 considerari
1123 2403 1208 2463 debat
1227 2421 1324 2481 respa·

243 2507 293 2560 otu
313 2504 401 2577 primi
425 2503 561 2559 instantis
583 2516 621 2559 ex
639 2515 698 2575 qao
717 2499 869 2557 exordium
892 2500 978 2575 cepit.
1002 2498 1096 2576 Ergo,
1123 2516 1190 2559 cnm
1211 2502 1242 2559 in
1265 2507 1327 2563 toto

244 2600 306 2657 eins
326 2598 449 2658 decursu
472 2604 628 2656 eventuum
649 2595 868 2655 similitudinem
892 2611 973 2655 mens
994 2595 1226 2675 deprehenderit,
1246 2600 1326 2659 simi·

245 2695 337 2754 iitudo
362 2698 439 2753 inter
464 2693 595 2753 futuram
619 2699 648 2752 et
670 2698 850 2752 transactum
877 2694 1075 2767 experimento
1101 2693 1158 2753 tuit
1185 2693 1325 2753 obnoxia.

246 2792 361 2851 Veritas
381 2792 478 2865 itaque
502 2790 739 2865 experimentalis
764 2788 887 2849 dicenda
909 2794 973 2865 est,
999 2795 1115 2865 totaque
1141 2788 1241 2851 Humii
1267 2792 1327 2850 ruit

214 2890 439 2947 -·ratiocinatio.
518 2952 523 2960 ,

305 2984 385 3043 Haec
397 2983 515 3059 quidem
529 2982 650 3043 meliora
662 2989 747 3058 sunt,
760 2982 811 3041 sed
824 2999 882 3041 non
897 2984 1016 3043 omnino
1033 2983 1228 3044 satisfaciant.
1246 2982 1326 3045 Nam

245 3083 300 3140 cisi
322 3078 444 3156 probent
466 3078 597 3139 iuturum
622 3086 772 3139 transacto
796 3078 885 3139 tuisse
904 3080 1071 3156 consimile3
1097 3086 1197 3141 utrum
1225 3086 1325 3139 tamen

244 3178 379 3253 deinceps
392 3175 552 3235 similitudo
565 3175 638 3235 haec
650 3191 839 3251 permansura
851 3178 901 3252 sit,
915 3192 1015 3253 reapse
1030 3194 1088 3235 non
1103 3176 1216 3252 probat.
1233 3176 1326 3253 Repo·

246 3292 314 3335 nere
334 3281 430 3334 autem
445 3280 541 3349 posset
559 3272 653 3330 Home
675 3271 717 3345 (ut
732 3286 832 3332 revera
846 3274 971 3348 reponit,
988 3274 1160 3333 solutionem
1175 3272 1327 3348 Gaiiuppii

246 3373 330 3448 quasi
351 3372 547 3446 praesentiens
560 3371 582 3445 ²)
600 3386 632 3427 se
648 3386 707 3427 non
727 3368 763 3427 de
776 3368 905 3445 quolibet
918 3369 1018 3431 tuturo
1031 3372 1111 3447 loqui
1131 3370 1183 3429 sed
1198 3372 1328 3446 praesim

113 3476 120 3487 ·
244 3468 282 3527 de
300 3466 353 3526 iiio
368 3467 445 3544 quod
463 3470 580 3543 proprie
592 3466 724 3526 iuturum
738 3473 797 3543 est,
810 3482 862 3527 seu
877 3467 957 3543 quod
973 3467 1175 3544 phaenomena
1198 3468 1327 3543 respicit,

245 3579 320 3641 quae
337 3563 467 3623 nondum
482 3579 614 3622 evenere.
636 3562 698 3622 Hoc
718 3569 796 3623 eerte
815 3564 1024 3639 experientiam
1045 3580 1165 3641 prorsus
1189 3561 1328 3623 elabitur.

305 3666 355 3719 ao.
377 3660 458 3734 Quae
470 3676 537 3721 cam
566 3663 608 3720 ita
627 3664 702 3737 sint,
722 3659 822 3720 flumii
847 3660 996 3721 cavillatio
1024 3662 1108 3721 eiiter
1127 3660 1267 3721 solvenda
1284 3663 1329 3719 vi·

245 3757 340 3817 detur.
365 3757 404 3817 Et
423 3758 456 3816 in
483 3759 585 3833 primis
609 3756 736 3817 observo
758 3773 817 3816 non
841 3758 913 3817 satis
938 3764 1074 3817 accurate
1100 3758 1157 3817 dici
1186 3758 1328 3837 principia

303 3896 314 3938 1
327 3888 473 3939 iaezioaidi
488 3891 548 3951 dep.
565 3901 579 3937 e
594 3888 656 3937 itai.
667 3890 729 3937 tom.
744 3896 764 3949 i,
780 3887 824 3937 iet.
837 3894 876 3938 ti.

305 3971 401 4019 2Loco
417 3982 491 4031 supra
507 3968 592 4028 citato,
609 3969 678 4028 parte
697 3976 717 4026 i,
736 3982 757 4015 c.
778 3974 800 4027 a,
819 3970 864 4015 ari.
884 3972 905 4015 i.
