2892 4425
445 387 524 433 Pili!
545 386 647 431 ΡΙΙΗΔ
668 402 681 415 ·
701 386 900 432 coeuotoett
1177 382 1210 431 ll

130 502 213 559 enim
233 504 324 591 11111,
339 496 532 572 perspicuitas
551 497 649 571 inest,
673 500 707 553 ut
727 510 794 554 cum
825 498 866 555 rei
892 496 1015 557 alicuius
1037 497 1212 557 evidentiam

131 596 316 687 ampliilcare
343 595 503 669 volumus,
524 609 589 652 eam
617 594 698 651 cerni
728 592 820 652 oculis
846 608 880 653 ac
907 593 1043 662 manilius
1065 598 1213 655 attractari

130 697 279 757 dicamus.
305 695 371 767 Qua
394 691 532 768 loquendi
555 690 767 750 musnetudine
790 692 980 766 exprimimus
1007 692 1119 752 obieeta
1149 710 1214 753 sen·
1247 734 1250 739 -

45 834 48 847 ·
130 811 219 855 sunm
242 797 326 851 tanta
352 790 437 848 nobis
454 789 587 848 claritate
608 789 726 864 lucere,
746 795 780 847 ut
799 795 896 847 cetera
923 788 1061 848 accedere
1092 791 1131 849 ad
1150 807 1214 849 eam
1274 790 1296 839 '-

132 890 260 968 posslut,
283 889 335 947 sm
356 903 421 947 eam
438 901 576 963 superare
590 902 649 944 uon
673 888 797 962 possint.
819 884 942 959 Quodsi
965 904 1067 946 sensus
1089 905 1148 947 non
1166 904 1215 948 ua-

133 996 201 1048 tura
223 1002 289 1062 sua,
315 986 366 1045 sed
384 985 590 1060 impedimento
612 984 712 1060 aliquo
733 991 785 1043 aut
806 986 960 1061 requisitae
982 986 1157 1046 conditionis
1170 1002 1216 1046 ca·

112 1064 231 1145 'rentia
248 1085 310 1145 ielll
332 1100 416 1159 posse
431 1083 585 1157 dicuntur3
601 1083 657 1141 hoc
676 1082 793 1141 errandi
810 1084 970 1159 periculum
986 1082 1071 1142 iacile
1089 1082 1216 1143 declina·

135 1192 198 1259 tur,
218 1164 243 1243 si
265 1183 303 1242 ad
322 1183 399 1259 legas
416 1182 484 1239 illas
498 1184 613 1239 animus
632 1180 805 1256 advertiiur,
823 1181 929 1256 quibus
949 1187 1058 1241 rectmn
1079 1176 1216 1241 sensuum

136 1282 351 1359 perceptionem
363 1280 518 1353 temperari
532 1280 562 1336 ln
577 1278 767 1355 psychologia
781 1278 920 1337 dicemus.
935 1278 996 1337 Nee
1009 1280 1217 1338 somniantium

135 1379 344 1455 phantasmata
368 1382 466 1436 catum
491 1376 640 1435 hominem
658 1382 766 1435 terrere
785 1372 904 1452 debent,
922 1376 1065 1453 siquidem
1085 1372 1217 1453 uigiliam

136 1490 279 1536 asomuo
298 1477 369 1534 satis
392 1475 601 1552 distinguimus
620 1490 675 1550 ope
697 1476 902 1549 conscientiae,
922 1490 997 1552 quae
1020 1477 1217 1535 sensationnm

135 1582 304 1635 nostrarum
321 1575 425 1632 seriem
445 1572 623 1647 ordinatam,
646 1572 830 1647 uniformem,
850 1580 1043 1649 constantem,
1058 1572 1218 1633 rationibus

136 1671 353 1731 sufficientibus
370 1668 476 1728 initam
489 1668 607 1728 referat.
625 1669 772 1745 Ceterum,
788 1670 836 1729 hle
860 1688 913 1730 nos
925 1688 983 1731 nou
996 1671 1032 1730 de
1052 1672 1219 1731 dormienti·

136 1770 205 1845 bus,
220 1767 274 1827 sed
289 1766 327 1825 de
343 1765 533 1843 vigilantibus
551 1766 747 1841 disputamus.
764 1769 820 1841 Qui
836 1774 932 1827 autem
947 1770 1024 1829 serio
1042 1770 1114 1829 dicit
1127 1786 1158 1829 se
1172 1785 1219 1829 ar-

136 1872 279 1945 gumento
299 1864 397 1940 aliquo
410 1880 568 1940 agereque
588 1867 780 1925 convincatur
805 1872 903 1926 utrum
925 1870 955 1925 ln
975 1868 1074 1943 vigilia
1089 1872 1219 1927 versatur

136 1982 178 2025 au
195 1967 228 2023 in
241 1963 374 2038 somnio;
389 1964 428 2037 is,
441 1978 509 2021 cum
524 1964 584 2021 lam
605 1964 637 2021 ln
653 1966 813 2023 amentium
829 1966 869 2022 sit
883 1980 1015 2041 numero,
1031 1958 1219 2027 fundamento

136 2068 218 2123 caret
235 2068 266 2119 et
286 2059 452 2119 conditione
466 2059 503 2118 ad
524 2053 758 2119 ratiocinandum
780 2064 954 2121 necessaria.
980 2060 1121 2137 Denique,
1138 2064 1163 2119 si
1181 2078 1219 2120 ea

138 2162 321 2221 somniorum
346 2158 481 2218 illusione
502 2157 629 2234 prudens
651 2134 906 2218 dublum⁹desumi
925 2165 1041 2235 posset3
1064 2158 1094 2216 id
1119 2164 1221 2218 contra

138 2262 237 2334 ipsum
255 2256 506 2316 Melabrauchium
525 2261 750 2333 retorqueretur.
770 2255 800 2314 Si
820 2258 898 2314 enim
916 2257 1106 2332 vigilemusne
1118 2271 1155 2314 an
1171 2271 1218 2314 so·

141 2337 286 2414 muiemus
304 2355 475 2430 ambigitur,
491 2370 528 2412 ne
548 2356 613 2430 ipsa
630 2352 747 2430 quidem
769 2353 819 2411 Dei
837 2353 987 2428 revelatio,
1003 2369 1091 2430 quem
1113 2353 1149 2412 ad
1164 2355 1220 2412 soi·

139 2452 268 2511 vendam
283 2452 362 2511 litem
378 2451 614 2512 Malebranchins
628 2450 753 2528 inducit,
765 2450 885 2510 dubium
901 2451 1034 2528 expellet.
1050 2451 1130 2510 llaec
1143 2445 1222 2510 enini
1314 2461 1318 2464 ·

141 2556 176 2610 ui
195 2539 384 2627 percipiatur,
410 2550 565 2627 vigilantes
585 2549 719 2609 homines
740 2564 798 2607 uon
819 2548 996 2608 dormientes
1021 2548 1159 2625 postulet.
1263 2583 1266 2588 -

202 2647 299 2706 Obiic.
326 2649 364 2706 ll.
387 2647 515 2707 sensiles
540 2651 758 2723 perceptiones,
775 2663 811 2718 erp
835 2647 940 2723 qulbus
964 2663 1085 2723 corpora
1108 2652 1223 2706 exstare
1285 2715 1287 2720 ,

143 2759 320 2819 monemur,
345 2760 405 2803 non
439 2762 473 2804 ea
497 2751 662 2821 quaesunt
688 2751 773 2804 arira
793 2762 864 2820 uos,
894 2745 945 2805 sed
973 2747 1102 2804 internas
1131 2745 1223 2803 animi

143 2841 375 2902 modificationes
397 2841 540 2902 referunt.
562 2841 628 2916 Quo
654 2845 745 2919 igitur
769 2849 856 2919 ponte
880 2843 984 2904 exinde
1002 2843 1161 2902 transimus
1185 2842 1222 2903 ad

141 2939 255 3000 obiecta
275 2943 339 3016 ipsa
363 2943 394 2999 in
413 2947 506 3000 semet
521 2942 772 3002 internoscenda?

203 3038 294 3114 Resp.
321 3033 684 3114 stomachationem
708 3043 740 3099 et
764 3056 839 3117 nepo
866 3057 1049 3118 consequeus.
1073 3041 1158 3115 Quod
1177 3041 1226 3100 ad-

144 3139 293 3195 uersarius
304 3139 410 3213 poscit,
429 3137 460 3196 id
475 3144 657 3212 praesentem
678 3140 878 3213 quaestionem
893 3139 1149 3215 praetergreditur.
1163 3139 1225 3200 Etsi

144 3236 221 3291 enim
235 3233 345 3292 falsum
359 3234 399 3293 sit
422 3234 596 3294 antecedens
614 3234 771 3310 (siquidem
785 3238 950 3296 sensatione
959 3252 1018 3294 uon
1034 3235 1224 3295 subiectivam

144 3329 330 3392 affectionem
350 3331 403 3390 sed
421 3331 596 3392 obiectiram
616 3323 802 3392 existentiam
822 3337 994 3410 attingimus
1005 3333 1028 3409 );
1041 3339 1137 3392 tamen
1153 3333 1225 3392 haec

145 3429 265 3489 alterius
287 3430 344 3488 loci
357 3433 492 3506 quaestio
505 3437 561 3505 est,
577 3437 606 3489 et
625 3431 663 3490 ad
686 3430 833 3490 ideallstas
855 3430 1041 3507 (quibuscum
1066 3431 1114 3490 hic
1132 3430 1225 3507 loqui·

145 3528 226 3602 mur)
247 3517 418 3611 refutandos
435 3545 493 3587 non
518 3530 688 3604 requiritur.
707 3527 889 3605 Argumenta
915 3530 992 3588 euim
1017 3529 1135 3587 anobis
1161 3544 1226 3603 pro

144 3624 233 3684 ducta
251 3629 385 3700 superius
403 3628 475 3685 satis
496 3630 638 3687 evincunt
657 3627 779 3685 sensiles
801 3629 997 3702 perceptiones
1015 3625 1095 3700 (siva
1114 3625 1226 3685 obiecta

144 3727 269 3780 externa
291 3723 459 3783 immediate
477 3723 618 3799 reieraut,
640 3724 703 3782 siue
715 3713 846 3782 internas
860 3725 951 3782 animi
967 3721 1225 3800 modificationes),

144 3819 290 3878 eiusmodi
314 3827 413 3880 tamen
427 3829 540 3881 111111
561 3823 782 3897 repraesentetis
798 3819 918 3880 obiectis
942 3835 1009 3879 vere
1031 3821 1225 3895 consentiant,
1298 3874 1302 3880 .

144 3932 306 3996 eorumque
319 3921 491 3980 existentiae
513 3921 713 3997 sinteignnm.
737 3919 832 3992 Quare
851 3920 875 3978 si
900 3917 977 3994 apud
1000 3933 1104 3977 sanum
1124 3932 1224 3992 quem·

293 4015 358 4078 Vol.
378 4017 425 4077 11.
1033 4039 1036 4044 ¹
1069 4023 1085 4072 2
