<?xml version="1.0" encoding="UTF-8"?>
<!DOCTYPE html PUBLIC "-//W3C//DTD XHTML 1.0 Transitional//EN"
    "http://www.w3.org/TR/xhtml1/DTD/xhtml1-transitional.dtd">
<html xmlns="http://www.w3.org/1999/xhtml" xml:lang="en" lang="en">
 <head>
  <title>
</title>
<meta http-equiv="Content-Type" content="text/html;charset=utf-8" />
  <meta name='ocr-system' content='tesseract 3.04.00' />
  <meta name='ocr-capabilities' content='ocr_page ocr_carea ocr_par ocr_line ocrx_word'/>
</head>
<body>
  <div class='ocr_page' id='page_1' title='image "./institutionesph01libegoog_0386.png"; bbox 0 0 2892 4425; ppageno 0'>
   <div class='ocr_carea' id='block_1_1' title="bbox 570 360 990 408">
    <p class='ocr_par' dir='ltr' id='par_1_1' title="bbox 570 360 990 408">
     <span class='ocr_line' id='line_1_1' title="bbox 570 360 990 408; baseline -0.012 0"><span class='ocrx_word' id='word_1_1' title='bbox 570 361 809 408; x_wconf 70' lang='grc' dir='ltr'><strong>ΙΠΔΡΙΥΙΙΩΑΙ</strong></span> <span class='ocrx_word' id='word_1_2' title='bbox 829 360 990 405; x_wconf 64' lang='lat' dir='ltr'><strong>”fluistis</strong></span> 
     </span>
    </p>
   </div>
   <div class='ocr_carea' id='block_1_2' title="bbox 649 566 906 627">
    <p class='ocr_par' dir='ltr' id='par_1_2' title="bbox 649 566 906 627">
     <span class='ocr_line' id='line_1_2' title="bbox 649 566 906 627; baseline -0.004 -1"><span class='ocrx_word' id='word_1_3' title='bbox 649 568 833 627; x_wconf 75' lang='lat' dir='ltr'><strong>barrenses</strong></span> <span class='ocrx_word' id='word_1_4' title='bbox 854 566 906 626; x_wconf 86' lang='lat' dir='ltr'><strong>IV.</strong></span> 
     </span>
    </p>
   </div>
   <div class='ocr_carea' id='block_1_3' title="bbox 550 764 992 828">
    <p class='ocr_par' dir='ltr' id='par_1_3' title="bbox 550 764 992 828">
     <span class='ocr_line' id='line_1_3' title="bbox 550 764 992 828; baseline -0.009 -1"><span class='ocrx_word' id='word_1_5' title='bbox 550 768 595 827; x_wconf 85' lang='lat' dir='ltr'><strong>Dc</strong></span> <span class='ocrx_word' id='word_1_6' title='bbox 616 766 746 828; x_wconf 77' lang='lat' dir='ltr'><strong>onorio</strong></span> <span class='ocrx_word' id='word_1_7' title='bbox 768 764 992 827; x_wconf 71' lang='lat' dir='ltr'><strong>miraculorum.</strong></span> 
     </span>
    </p>
   </div>
   <div class='ocr_carea' id='block_1_4' title="bbox 237 954 1321 2690">
    <p class='ocr_par' dir='ltr' id='par_1_4' title="bbox 237 954 1321 2690">
     <span class='ocr_line' id='line_1_4' title="bbox 300 954 1319 1035; baseline -0.004 -15"><span class='ocrx_word' id='word_1_8' title='bbox 300 970 351 1020; x_wconf 74' lang='lat' dir='ltr'><strong>to.</strong></span> <span class='ocrx_word' id='word_1_9' title='bbox 373 959 510 1020; x_wconf 79' lang='lat' dir='ltr'><strong>bdiraeuii</strong></span> <span class='ocrx_word' id='word_1_10' title='bbox 528 958 707 1035; x_wconf 87' lang='lat' dir='ltr'><strong>possibilitas</strong></span> <span class='ocrx_word' id='word_1_11' title='bbox 734 963 796 1016; x_wconf 87' lang='lat' dir='ltr'><strong>tam</strong></span> <span class='ocrx_word' id='word_1_12' title='bbox 821 956 1009 1017; x_wconf 80' lang='lat' dir='ltr'><strong>claruerint</strong></span> <span class='ocrx_word' id='word_1_13' title='bbox 1028 954 1101 1015; x_wconf 89' lang='lat' dir='ltr'><strong>nibil</strong></span> <span class='ocrx_word' id='word_1_14' title='bbox 1124 971 1224 1033; x_wconf 81' lang='lat' dir='ltr'><strong>supra</strong></span> <span class='ocrx_word' id='word_1_15' title='bbox 1241 956 1319 1017; x_wconf 87' lang='lat' dir='ltr'><strong>Nam</strong></span> 
     </span>
     <span class='ocr_line' id='line_1_5' title="bbox 238 1053 1321 1130; baseline -0.007 -9"><span class='ocrx_word' id='word_1_16' title='bbox 238 1062 264 1121; x_wconf 85' lang='lat' dir='ltr'><strong>ai</strong></span> <span class='ocrx_word' id='word_1_17' title='bbox 284 1060 361 1120; x_wconf 81' lang='lat' dir='ltr'><strong>Deus</strong></span> <span class='ocrx_word' id='word_1_18' title='bbox 379 1057 513 1117; x_wconf 80' lang='lat' dir='ltr'><strong>infinitae</strong></span> <span class='ocrx_word' id='word_1_19' title='bbox 529 1058 657 1121; x_wconf 78' lang='lat' dir='ltr'><strong>,uirtutis</strong></span> <span class='ocrx_word' id='word_1_20' title='bbox 680 1059 742 1130; x_wconf 89' lang='lat' dir='ltr'><strong>est;</strong></span> <span class='ocrx_word' id='word_1_21' title='bbox 766 1056 791 1113; x_wconf 86' lang='lat' dir='ltr'><strong>si</strong></span> <span class='ocrx_word' id='word_1_22' title='bbox 823 1060 930 1113; x_wconf 88' lang='lat' dir='ltr'><strong>nutura</strong></span> <span class='ocrx_word' id='word_1_23' title='bbox 957 1053 1064 1129; x_wconf 81' lang='lat' dir='ltr'>pendet</span> <span class='ocrx_word' id='word_1_24' title='bbox 1084 1070 1101 1111; x_wconf 88' lang='lat' dir='ltr'><strong>a</strong></span> <span class='ocrx_word' id='word_1_25' title='bbox 1120 1053 1196 1129; x_wconf 87' lang='lat' dir='ltr'><strong>Deo;</strong></span> <span class='ocrx_word' id='word_1_26' title='bbox 1224 1061 1321 1129; x_wconf 76' lang='lat' dir='ltr'><strong>petest</strong></span> 
     </span>
     <span class='ocr_line' id='line_1_6' title="bbox 240 1150 1321 1233; baseline -0.006 -16"><span class='ocrx_word' id='word_1_27' title='bbox 240 1157 372 1233; x_wconf 88' lang='lat' dir='ltr'><strong>proiaeto</strong></span> <span class='ocrx_word' id='word_1_28' title='bbox 390 1154 469 1215; x_wconf 83' lang='lat' dir='ltr'><strong>Deus</strong></span> <span class='ocrx_word' id='word_1_29' title='bbox 483 1152 595 1230; x_wconf 84' lang='lat' dir='ltr'><strong>aliquid</strong></span> <span class='ocrx_word' id='word_1_30' title='bbox 611 1154 643 1211; x_wconf 92' lang='lat' dir='ltr'><strong>iu</strong></span> <span class='ocrx_word' id='word_1_31' title='bbox 663 1154 727 1227; x_wconf 87' lang='lat' dir='ltr'><strong>ipsa</strong></span> <span class='ocrx_word' id='word_1_32' title='bbox 747 1154 862 1227; x_wconf 87' lang='lat' dir='ltr'><strong>operari</strong></span> <span class='ocrx_word' id='word_1_33' title='bbox 882 1158 996 1226; x_wconf 86' lang='lat' dir='ltr'><strong>praeter</strong></span> <span class='ocrx_word' id='word_1_34' title='bbox 1010 1150 1141 1209; x_wconf 88' lang='lat' dir='ltr'><strong>ordinem</strong></span> <span class='ocrx_word' id='word_1_35' title='bbox 1159 1166 1247 1226; x_wconf 83' lang='lat' dir='ltr'><strong>quem</strong></span> <span class='ocrx_word' id='word_1_36' title='bbox 1268 1152 1321 1211; x_wconf 87' lang='lat' dir='ltr'><strong>ilia</strong></span> 
     </span>
     <span class='ocr_line' id='line_1_7' title="bbox 238 1249 1318 1324; baseline -0.006 -10"><span class='ocrx_word' id='word_1_37' title='bbox 238 1254 327 1313; x_wconf 86' lang='lat' dir='ltr'><strong>babet</strong></span> <span class='ocrx_word' id='word_1_38' title='bbox 346 1252 385 1314; x_wconf 89' lang='lat' dir='ltr'><strong>ud</strong></span> <span class='ocrx_word' id='word_1_39' title='bbox 404 1268 508 1312; x_wconf 76' lang='lat' dir='ltr'><strong>musas</strong></span> <span class='ocrx_word' id='word_1_40' title='bbox 521 1249 681 1324; x_wconf 82' lang='lat' dir='ltr'><strong>naturales,</strong></span> <span class='ocrx_word' id='word_1_41' title='bbox 701 1256 835 1324; x_wconf 87' lang='lat' dir='ltr'><strong>atquem</strong></span> <span class='ocrx_word' id='word_1_42' title='bbox 854 1250 1073 1324; x_wconf 77' lang='lat' dir='ltr'><strong>contingentem</strong></span> <span class='ocrx_word' id='word_1_43' title='bbox 1089 1264 1151 1307; x_wconf 81' lang='lat' dir='ltr'><strong>csse</strong></span> <span class='ocrx_word' id='word_1_44' title='bbox 1172 1256 1318 1309; x_wconf 84' lang='lat' dir='ltr'><strong>menstra·</strong></span> 
     </span>
     <span class='ocr_line' id='line_1_8' title="bbox 238 1344 1320 1422; baseline -0.006 -11"><span class='ocrx_word' id='word_1_45' title='bbox 238 1353 348 1411; x_wconf 83' lang='lat' dir='ltr'><strong>vimus.</strong></span> <span class='ocrx_word' id='word_1_46' title='bbox 377 1349 438 1408; x_wconf 85' lang='lat' dir='ltr'><strong>Nee</strong></span> <span class='ocrx_word' id='word_1_47' title='bbox 459 1346 662 1407; x_wconf 80' lang='lat' dir='ltr'><strong>dlldcultaiem</strong></span> <span class='ocrx_word' id='word_1_48' title='bbox 686 1348 814 1421; x_wconf 87' lang='lat' dir='ltr'><strong>ingerit,</strong></span> <span class='ocrx_word' id='word_1_49' title='bbox 839 1344 918 1421; x_wconf 86' lang='lat' dir='ltr'><strong>qnod</strong></span> <span class='ocrx_word' id='word_1_50' title='bbox 939 1346 1097 1422; x_wconf 82' lang='lat' dir='ltr'><strong>aliqnando</strong></span> <span class='ocrx_word' id='word_1_51' title='bbox 1118 1344 1242 1405; x_wconf 75' lang='lat' dir='ltr'><strong>effectus</strong></span> <span class='ocrx_word' id='word_1_52' title='bbox 1269 1346 1320 1405; x_wconf 91' lang='lat' dir='ltr'><strong>iile</strong></span> 
     </span>
     <span class='ocr_line' id='line_1_9' title="bbox 237 1442 1317 1519; baseline -0.005 -12"><span class='ocrx_word' id='word_1_53' title='bbox 237 1450 374 1507; x_wconf 86' lang='lat' dir='ltr'><strong>insolitus</strong></span> <span class='ocrx_word' id='word_1_54' title='bbox 393 1450 433 1505; x_wconf 88' lang='lat' dir='ltr'><strong>sit</strong></span> <span class='ocrx_word' id='word_1_55' title='bbox 451 1444 615 1519; x_wconf 86' lang='lat' dir='ltr'><strong>eiusmodi,</strong></span> <span class='ocrx_word' id='word_1_56' title='bbox 630 1450 664 1503; x_wconf 92' lang='lat' dir='ltr'><strong>ut</strong></span> <span class='ocrx_word' id='word_1_57' title='bbox 683 1445 745 1503; x_wconf 83' lang='lat' dir='ltr'><strong>rim</strong></span> <span class='ocrx_word' id='word_1_58' title='bbox 765 1442 880 1503; x_wconf 85' lang='lat' dir='ltr'><strong>linitam</strong></span> <span class='ocrx_word' id='word_1_59' title='bbox 902 1458 960 1501; x_wconf 92' lang='lat' dir='ltr'><strong>uon</strong></span> <span class='ocrx_word' id='word_1_60' title='bbox 975 1449 1139 1517; x_wconf 84' lang='lat' dir='ltr'><strong>exsuperet.</strong></span> <span class='ocrx_word' id='word_1_61' title='bbox 1153 1442 1229 1501; x_wconf 87' lang='lat' dir='ltr'><strong>Nam</strong></span> <span class='ocrx_word' id='word_1_62' title='bbox 1243 1449 1317 1503; x_wconf 90' lang='lat' dir='ltr'><strong>tune</strong></span> 
     </span>
     <span class='ocr_line' id='line_1_10' title="bbox 240 1537 1315 1615; baseline -0.004 -12"><span class='ocrx_word' id='word_1_63' title='bbox 240 1546 330 1603; x_wconf 87' lang='lat' dir='ltr'><strong>ctiam</strong></span> <span class='ocrx_word' id='word_1_64' title='bbox 349 1544 499 1602; x_wconf 86' lang='lat' dir='ltr'><strong>communi</strong></span> <span class='ocrx_word' id='word_1_65' title='bbox 518 1540 614 1599; x_wconf 90' lang='lat' dir='ltr'><strong>ordini</strong></span> <span class='ocrx_word' id='word_1_66' title='bbox 636 1539 736 1599; x_wconf 81' lang='lat' dir='ltr'><strong>alteo</strong></span> <span class='ocrx_word' id='word_1_67' title='bbox 756 1542 786 1598; x_wconf 91' lang='lat' dir='ltr'><strong>in</strong></span> <span class='ocrx_word' id='word_1_68' title='bbox 809 1540 895 1597; x_wconf 86' lang='lat' dir='ltr'><strong>rebus</strong></span> <span class='ocrx_word' id='word_1_69' title='bbox 915 1538 1101 1598; x_wconf 88' lang='lat' dir='ltr'><strong>constabilito</strong></span> <span class='ocrx_word' id='word_1_70' title='bbox 1121 1537 1315 1615; x_wconf 74' lang='lat' dir='ltr'><strong>adversatur,</strong></span> 
     </span>
     <span class='ocr_line' id='line_1_11' title="bbox 238 1636 1317 1714; baseline 0 -17"><span class='ocrx_word' id='word_1_71' title='bbox 238 1638 296 1697; x_wconf 88' lang='lat' dir='ltr'><strong>bec</strong></span> <span class='ocrx_word' id='word_1_72' title='bbox 314 1642 378 1714; x_wconf 85' lang='lat' dir='ltr'><strong>ipso</strong></span> <span class='ocrx_word' id='word_1_73' title='bbox 397 1638 475 1714; x_wconf 91' lang='lat' dir='ltr'><strong>quod</strong></span> <span class='ocrx_word' id='word_1_74' title='bbox 492 1636 621 1697; x_wconf 87' lang='lat' dir='ltr'><strong>insoleus</strong></span> <span class='ocrx_word' id='word_1_75' title='bbox 639 1640 680 1696; x_wconf 89' lang='lat' dir='ltr'><strong>sit</strong></span> <span class='ocrx_word' id='word_1_76' title='bbox 698 1644 729 1696; x_wconf 91' lang='lat' dir='ltr'><strong>et</strong></span> <span class='ocrx_word' id='word_1_77' title='bbox 749 1642 864 1712; x_wconf 86' lang='lat' dir='ltr'><strong>praeter</strong></span> <span class='ocrx_word' id='word_1_78' title='bbox 880 1652 998 1696; x_wconf 86' lang='lat' dir='ltr'><strong>cursum</strong></span> <span class='ocrx_word' id='word_1_79' title='bbox 1014 1642 1144 1696; x_wconf 88' lang='lat' dir='ltr'><strong>naturae.</strong></span> <span class='ocrx_word' id='word_1_80' title='bbox 1163 1637 1262 1710; x_wconf 85' lang='lat' dir='ltr'><strong>Quare</strong></span> <span class='ocrx_word' id='word_1_81' title='bbox 1282 1637 1317 1697; x_wconf 87' lang='lat' dir='ltr'><strong>ii-</strong></span> 
     </span>
     <span class='ocr_line' id='line_1_12' title="bbox 238 1733 1318 1811; baseline -0.002 -16"><span class='ocrx_word' id='word_1_82' title='bbox 238 1742 284 1795; x_wconf 88' lang='lat' dir='ltr'><strong>cet</strong></span> <span class='ocrx_word' id='word_1_83' title='bbox 302 1733 399 1811; x_wconf 82' lang='lat' dir='ltr'><strong>quoad</strong></span> <span class='ocrx_word' id='word_1_84' title='bbox 413 1734 566 1811; x_wconf 85' lang='lat' dir='ltr'><strong>physicam</strong></span> <span class='ocrx_word' id='word_1_85' title='bbox 587 1734 771 1795; x_wconf 74' lang='lat' dir='ltr'><strong>effectionem</strong></span> <span class='ocrx_word' id='word_1_86' title='bbox 785 1734 823 1793; x_wconf 88' lang='lat' dir='ltr'><strong>ab</strong></span> <span class='ocrx_word' id='word_1_87' title='bbox 842 1739 946 1809; x_wconf 88' lang='lat' dir='ltr'><strong>egente</strong></span> <span class='ocrx_word' id='word_1_88' title='bbox 966 1734 1064 1810; x_wconf 87' lang='lat' dir='ltr'><strong>aliquo</strong></span> <span class='ocrx_word' id='word_1_89' title='bbox 1078 1734 1318 1809; x_wconf 75' lang='lat' dir='ltr'><strong>supermundane</strong></span> 
     </span>
     <span class='ocr_line' id='line_1_13' title="bbox 239 1830 1317 1908; baseline 0 -17"><span class='ocrx_word' id='word_1_90' title='bbox 239 1832 292 1891; x_wconf 85' lang='lat' dir='ltr'><strong>sed</strong></span> <span class='ocrx_word' id='word_1_91' title='bbox 317 1838 416 1891; x_wconf 90' lang='lat' dir='ltr'><strong>creato</strong></span> <span class='ocrx_word' id='word_1_92' title='bbox 446 1830 602 1907; x_wconf 74' lang='lat' dir='ltr'><strong>procedere</strong></span> <span class='ocrx_word' id='word_1_93' title='bbox 628 1833 742 1908; x_wconf 84' lang='lat' dir='ltr'><strong>possit,</strong></span> <span class='ocrx_word' id='word_1_94' title='bbox 766 1837 895 1891; x_wconf 83' lang='lat' dir='ltr'><strong>attamen</strong></span> <span class='ocrx_word' id='word_1_95' title='bbox 927 1832 1095 1906; x_wconf 70' lang='lat' dir='ltr'><strong>confingere</strong></span> <span class='ocrx_word' id='word_1_96' title='bbox 1121 1833 1222 1907; x_wconf 88' lang='lat' dir='ltr'><strong>nequit</strong></span> <span class='ocrx_word' id='word_1_97' title='bbox 1253 1833 1317 1891; x_wconf 82' lang='lat' dir='ltr'><strong>sine</strong></span> 
     </span>
     <span class='ocr_line' id='line_1_14' title="bbox 238 1927 1316 2009; baseline -0.003 -20"><span class='ocrx_word' id='word_1_98' title='bbox 238 1930 321 1989; x_wconf 88' lang='lat' dir='ltr'><strong>iussu</strong></span> <span class='ocrx_word' id='word_1_99' title='bbox 334 1935 364 1987; x_wconf 88' lang='lat' dir='ltr'><strong>et</strong></span> <span class='ocrx_word' id='word_1_100' title='bbox 382 1934 457 1988; x_wconf 90' lang='lat' dir='ltr'><strong>nutu</strong></span> <span class='ocrx_word' id='word_1_101' title='bbox 476 1931 605 2009; x_wconf 77' lang='lat' dir='ltr'><strong>snprerm</strong></span> <span class='ocrx_word' id='word_1_102' title='bbox 623 1928 888 2005; x_wconf 62' lang='lat' dir='ltr'><strong>moderaminum</strong></span> <span class='ocrx_word' id='word_1_103' title='bbox 906 1934 985 1987; x_wconf 88' lang='lat' dir='ltr'><strong>totns</strong></span> <span class='ocrx_word' id='word_1_104' title='bbox 999 1927 1071 1987; x_wconf 90' lang='lat' dir='ltr'><strong>ordo</strong></span> <span class='ocrx_word' id='word_1_105' title='bbox 1085 1934 1207 1987; x_wconf 87' lang='lat' dir='ltr'><strong>naturae</strong></span> <span class='ocrx_word' id='word_1_106' title='bbox 1225 1928 1316 1987; x_wconf 89' lang='lat' dir='ltr'><strong>subii·</strong></span> 
     </span>
     <span class='ocr_line' id='line_1_15' title="bbox 239 2025 1319 2102; baseline -0.003 -14"><span class='ocrx_word' id='word_1_107' title='bbox 239 2030 326 2088; x_wconf 85' lang='lat' dir='ltr'><strong>citur.</strong></span> <span class='ocrx_word' id='word_1_108' title='bbox 348 2026 407 2086; x_wconf 84' lang='lat' dir='ltr'><strong>liic</strong></span> <span class='ocrx_word' id='word_1_109' title='bbox 427 2032 525 2087; x_wconf 89' lang='lat' dir='ltr'><strong>autem</strong></span> <span class='ocrx_word' id='word_1_110' title='bbox 545 2026 711 2086; x_wconf 79' lang='lat' dir='ltr'><strong>moderator</strong></span> <span class='ocrx_word' id='word_1_111' title='bbox 730 2041 883 2102; x_wconf 89' lang='lat' dir='ltr'><strong>supremus</strong></span> <span class='ocrx_word' id='word_1_112' title='bbox 899 2025 958 2085; x_wconf 85' lang='lat' dir='ltr'><strong>non</strong></span> <span class='ocrx_word' id='word_1_113' title='bbox 979 2026 1055 2085; x_wconf 88' lang='lat' dir='ltr'><strong>alius</strong></span> <span class='ocrx_word' id='word_1_114' title='bbox 1076 2031 1122 2085; x_wconf 87' lang='lat' dir='ltr'><strong>est</strong></span> <span class='ocrx_word' id='word_1_115' title='bbox 1142 2026 1197 2085; x_wconf 87' lang='lat' dir='ltr'><strong>nisi</strong></span> <span class='ocrx_word' id='word_1_116' title='bbox 1220 2025 1319 2101; x_wconf 85' lang='lat' dir='ltr'><strong>Deus,</strong></span> 
     </span>
     <span class='ocr_line' id='line_1_16' title="bbox 238 2108 1314 2202; baseline -0.003 -16"><span class='ocrx_word' id='word_1_117' title='bbox 238 2142 335 2202; x_wconf 82' lang='lat' dir='ltr'><strong>aquo</strong></span> <span class='ocrx_word' id='word_1_118' title='bbox 361 2127 499 2185; x_wconf 87' lang='lat' dir='ltr'><strong>universa</strong></span> <span class='ocrx_word' id='word_1_119' title='bbox 519 2131 624 2183; x_wconf 88' lang='lat' dir='ltr'><strong>natura</strong></span> <span class='ocrx_word' id='word_1_120' title='bbox 648 2125 781 2183; x_wconf 65' lang='lat' dir='ltr'><strong>manant</strong></span> <span class='ocrx_word' id='word_1_121' title='bbox 798 2130 887 2200; x_wconf 84' lang='lat' dir='ltr'><strong>atque</strong></span> <span class='ocrx_word' id='word_1_122' title='bbox 906 2123 1039 2183; x_wconf 81' lang='lat' dir='ltr'><strong>absoluta</strong></span> <span class='ocrx_word' id='word_1_123' title='bbox 1056 2108 1168 2181; x_wconf 82' lang='lat' dir='ltr'><strong>ditione</strong></span> <span class='ocrx_word' id='word_1_124' title='bbox 1188 2130 1314 2184; x_wconf 77' lang='lat' dir='ltr'><strong>muctar.</strong></span> 
     </span>
     <span class='ocr_line' id='line_1_17' title="bbox 238 2221 1317 2300; baseline -0.002 -18"><span class='ocrx_word' id='word_1_125' title='bbox 238 2222 341 2282; x_wconf 76' lang='lat' dir='ltr'><strong>Cetera</strong></span> <span class='ocrx_word' id='word_1_126' title='bbox 353 2228 463 2296; x_wconf 73' lang='lat' dir='ltr'><strong>onum,</strong></span> <span class='ocrx_word' id='word_1_127' title='bbox 481 2227 625 2297; x_wconf 74' lang='lat' dir='ltr'><strong>quotquot</strong></span> <span class='ocrx_word' id='word_1_128' title='bbox 644 2226 741 2280; x_wconf 84' lang='lat' dir='ltr'><strong>ereata</strong></span> <span class='ocrx_word' id='word_1_129' title='bbox 758 2227 828 2279; x_wconf 88' lang='lat' dir='ltr'><strong>suut</strong></span> <span class='ocrx_word' id='word_1_130' title='bbox 846 2223 973 2296; x_wconf 84' lang='lat' dir='ltr'><strong>agentia,</strong></span> <span class='ocrx_word' id='word_1_131' title='bbox 988 2221 1067 2278; x_wconf 88' lang='lat' dir='ltr'><strong>iutra</strong></span> <span class='ocrx_word' id='word_1_132' title='bbox 1085 2221 1217 2279; x_wconf 86' lang='lat' dir='ltr'><strong>ordinem</strong></span> <span class='ocrx_word' id='word_1_133' title='bbox 1231 2227 1317 2300; x_wconf 87' lang='lat' dir='ltr'><strong>natu·</strong></span> 
     </span>
     <span class='ocr_line' id='line_1_18' title="bbox 238 2317 1316 2395; baseline -0.003 -16"><span class='ocrx_word' id='word_1_134' title='bbox 238 2335 289 2380; x_wconf 84' lang='lat' dir='ltr'><strong>rue</strong></span> <span class='ocrx_word' id='word_1_135' title='bbox 309 2319 536 2394; x_wconf 86' lang='lat' dir='ltr'><strong>concludantur,</strong></span> <span class='ocrx_word' id='word_1_136' title='bbox 550 2319 687 2395; x_wconf 85' lang='lat' dir='ltr'><strong>legesque</strong></span> <span class='ocrx_word' id='word_1_137' title='bbox 705 2320 768 2378; x_wconf 90' lang='lat' dir='ltr'><strong>eius</strong></span> <span class='ocrx_word' id='word_1_138' title='bbox 790 2333 848 2376; x_wconf 92' lang='lat' dir='ltr'><strong>non</strong></span> <span class='ocrx_word' id='word_1_139' title='bbox 864 2317 1062 2378; x_wconf 83' lang='lat' dir='ltr'><strong>commutandi</strong></span> <span class='ocrx_word' id='word_1_140' title='bbox 1084 2325 1135 2376; x_wconf 89' lang='lat' dir='ltr'><strong>aut</strong></span> <span class='ocrx_word' id='word_1_141' title='bbox 1158 2321 1316 2376; x_wconf 87' lang='lat' dir='ltr'><strong>interrum-</strong></span> 
     </span>
     <span class='ocr_line' id='line_1_19' title="bbox 237 2414 1315 2494; baseline -0.003 -17"><span class='ocrx_word' id='word_1_142' title='bbox 237 2417 325 2494; x_wconf 82' lang='lat' dir='ltr'><strong>pendi</strong></span> <span class='ocrx_word' id='word_1_143' title='bbox 340 2425 510 2493; x_wconf 85' lang='lat' dir='ltr'><strong>potestatem</strong></span> <span class='ocrx_word' id='word_1_144' title='bbox 525 2415 644 2491; x_wconf 89' lang='lat' dir='ltr'><strong>babent,</strong></span> <span class='ocrx_word' id='word_1_145' title='bbox 659 2417 710 2476; x_wconf 91' lang='lat' dir='ltr'><strong>sed</strong></span> <span class='ocrx_word' id='word_1_146' title='bbox 727 2415 864 2492; x_wconf 84' lang='lat' dir='ltr'><strong>sequendi</strong></span> <span class='ocrx_word' id='word_1_147' title='bbox 884 2415 1119 2490; x_wconf 78' lang='lat' dir='ltr'><strong>etponserrandi</strong></span> <span class='ocrx_word' id='word_1_148' title='bbox 1138 2414 1315 2491; x_wconf 77' lang='lat' dir='ltr'><strong>obligatione</strong></span> 
     </span>
     <span class='ocr_line' id='line_1_20' title="bbox 237 2513 1316 2590; baseline -0.005 -15"><span class='ocrx_word' id='word_1_149' title='bbox 237 2521 383 2576; x_wconf 89' lang='lat' dir='ltr'><strong>tenentur.</strong></span> <span class='ocrx_word' id='word_1_150' title='bbox 398 2516 495 2588; x_wconf 87' lang='lat' dir='ltr'><strong>Quare</strong></span> <span class='ocrx_word' id='word_1_151' title='bbox 515 2514 625 2590; x_wconf 84' lang='lat' dir='ltr'><strong>aliquid</strong></span> <span class='ocrx_word' id='word_1_152' title='bbox 644 2520 746 2573; x_wconf 79' lang='lat' dir='ltr'><strong>muira</strong></span> <span class='ocrx_word' id='word_1_153' title='bbox 765 2517 844 2590; x_wconf 88' lang='lat' dir='ltr'><strong>ipsas</strong></span> <span class='ocrx_word' id='word_1_154' title='bbox 860 2531 912 2589; x_wconf 87' lang='lat' dir='ltr'><strong>pro</strong></span> <span class='ocrx_word' id='word_1_155' title='bbox 932 2513 1024 2572; x_wconf 88' lang='lat' dir='ltr'><strong>lubitu</strong></span> <span class='ocrx_word' id='word_1_156' title='bbox 1037 2515 1149 2589; x_wconf 88' lang='lat' dir='ltr'><strong>operari</strong></span> <span class='ocrx_word' id='word_1_157' title='bbox 1171 2527 1229 2570; x_wconf 92' lang='lat' dir='ltr'><strong>nen</strong></span> <span class='ocrx_word' id='word_1_158' title='bbox 1247 2527 1316 2587; x_wconf 90' lang='lat' dir='ltr'><strong>pos-</strong></span> 
     </span>
     <span class='ocr_line' id='line_1_21' title="bbox 237 2609 1315 2690; baseline -0.006 -18"><span class='ocrx_word' id='word_1_159' title='bbox 237 2619 328 2690; x_wconf 87' lang='lat' dir='ltr'><strong>sunt,</strong></span> <span class='ocrx_word' id='word_1_160' title='bbox 351 2615 407 2673; x_wconf 89' lang='lat' dir='ltr'><strong>nisi</strong></span> <span class='ocrx_word' id='word_1_161' title='bbox 427 2625 563 2687; x_wconf 88' lang='lat' dir='ltr'><strong>supremo</strong></span> <span class='ocrx_word' id='word_1_162' title='bbox 580 2612 711 2672; x_wconf 90' lang='lat' dir='ltr'><strong>omnium</strong></span> <span class='ocrx_word' id='word_1_163' title='bbox 733 2611 849 2671; x_wconf 88' lang='lat' dir='ltr'><strong>iubente</strong></span> <span class='ocrx_word' id='word_1_164' title='bbox 868 2611 914 2670; x_wconf 78' lang='lat' dir='ltr'><strong>rel</strong></span> <span class='ocrx_word' id='word_1_165' title='bbox 936 2609 1038 2670; x_wconf 89' lang='lat' dir='ltr'><strong>saitem</strong></span> <span class='ocrx_word' id='word_1_166' title='bbox 1059 2611 1241 2684; x_wconf 88' lang='lat' dir='ltr'><strong>permittente</strong></span> <span class='ocrx_word' id='word_1_167' title='bbox 1261 2625 1315 2684; x_wconf 89' lang='lat' dir='ltr'><strong>gu·</strong></span> 
     </span>
    </p>
   </div>
   <div class='ocr_carea' id='block_1_5' title="bbox 116 2707 1316 2786">
    <p class='ocr_par' dir='ltr' id='par_1_5' title="bbox 116 2707 1316 2786">
     <span class='ocr_line' id='line_1_22' title="bbox 116 2707 1316 2786; baseline -0.007 -14"><span class='ocrx_word' id='word_1_168' title='bbox 116 2759 119 2763; x_wconf 88' lang='lat'><em>.</em></span> <span class='ocrx_word' id='word_1_169' title='bbox 237 2710 401 2771; x_wconf 89' lang='lat' dir='ltr'><strong>bernatore.</strong></span> <span class='ocrx_word' id='word_1_170' title='bbox 427 2710 519 2786; x_wconf 87' lang='lat' dir='ltr'><strong>quue</strong></span> <span class='ocrx_word' id='word_1_171' title='bbox 538 2709 656 2768; x_wconf 86' lang='lat' dir='ltr'><strong>divinae</strong></span> <span class='ocrx_word' id='word_1_172' title='bbox 675 2708 874 2784; x_wconf 86' lang='lat' dir='ltr'><strong>providentiae</strong></span> <span class='ocrx_word' id='word_1_173' title='bbox 894 2715 923 2766; x_wconf 89' lang='lat' dir='ltr'><strong>et</strong></span> <span class='ocrx_word' id='word_1_174' title='bbox 945 2707 1068 2766; x_wconf 89' lang='lat' dir='ltr'><strong>dominii</strong></span> <span class='ocrx_word' id='word_1_175' title='bbox 1087 2707 1237 2782; x_wconf 87' lang='lat' dir='ltr'><strong>proprium</strong></span> <span class='ocrx_word' id='word_1_176' title='bbox 1258 2712 1316 2765; x_wconf 87' lang='lat' dir='ltr'><strong>est.</strong></span> 
     </span>
    </p>
   </div>
   <div class='ocr_carea' id='block_1_6' title="bbox 235 2803 1385 4052">
    <p class='ocr_par' dir='ltr' id='par_1_6' title="bbox 235 2803 1385 3564">
     <span class='ocr_line' id='line_1_23' title="bbox 298 2803 1317 2884; baseline -0.003 -17"><span class='ocrx_word' id='word_1_177' title='bbox 298 2808 371 2867; x_wconf 85' lang='lat' dir='ltr'><strong>Cum</strong></span> <span class='ocrx_word' id='word_1_178' title='bbox 394 2810 484 2884; x_wconf 87' lang='lat' dir='ltr'><strong>igitur</strong></span> <span class='ocrx_word' id='word_1_179' title='bbox 503 2806 771 2882; x_wconf 87' lang='lat' dir='ltr'><strong>supermundanum</strong></span> <span class='ocrx_word' id='word_1_180' title='bbox 795 2821 909 2882; x_wconf 82' lang='lat' dir='ltr'><strong>agens,</strong></span> <span class='ocrx_word' id='word_1_181' title='bbox 930 2810 1109 2881; x_wconf 73' lang='lat' dir='ltr'><strong>potestaten</strong></span> <span class='ocrx_word' id='word_1_182' title='bbox 1135 2804 1196 2862; x_wconf 88' lang='lat' dir='ltr'><strong>Deo</strong></span> <span class='ocrx_word' id='word_1_183' title='bbox 1217 2803 1317 2879; x_wconf 81' lang='lat' dir='ltr'><strong>ineu,</strong></span> 
     </span>
     <span class='ocr_line' id='line_1_24' title="bbox 240 2901 1319 2981; baseline -0.004 -17"><span class='ocrx_word' id='word_1_184' title='bbox 240 2905 352 2981; x_wconf 83' lang='lat' dir='ltr'><strong>aliquid</strong></span> <span class='ocrx_word' id='word_1_185' title='bbox 376 2906 525 2963; x_wconf 85' lang='lat' dir='ltr'><strong>insolitum</strong></span> <span class='ocrx_word' id='word_1_186' title='bbox 548 2909 661 2979; x_wconf 88' lang='lat' dir='ltr'><strong>praeter</strong></span> <span class='ocrx_word' id='word_1_187' title='bbox 683 2911 806 2963; x_wconf 88' lang='lat' dir='ltr'><strong>naturae</strong></span> <span class='ocrx_word' id='word_1_188' title='bbox 829 2911 1122 2978; x_wconf 65' lang='lat' dir='ltr'><strong>consummaretur,</strong></span> <span class='ocrx_word' id='word_1_189' title='bbox 1143 2907 1262 2978; x_wconf 86' lang='lat' dir='ltr'><strong>proptor</strong></span> <span class='ocrx_word' id='word_1_190' title='bbox 1286 2901 1319 2960; x_wconf 86' lang='lat' dir='ltr'><strong>li·</strong></span> 
     </span>
     <span class='ocr_line' id='line_1_25' title="bbox 238 3000 1319 3078; baseline 0 -18"><span class='ocrx_word' id='word_1_191' title='bbox 238 3019 305 3060; x_wconf 89' lang='lat' dir='ltr'><strong>nem</strong></span> <span class='ocrx_word' id='word_1_192' title='bbox 326 3000 419 3061; x_wconf 89' lang='lat' dir='ltr'><strong>aDeo</strong></span> <span class='ocrx_word' id='word_1_193' title='bbox 438 3004 583 3060; x_wconf 87' lang='lat' dir='ltr'><strong>intentum</strong></span> <span class='ocrx_word' id='word_1_194' title='bbox 599 3003 644 3060; x_wconf 87' lang='lat' dir='ltr'><strong>vei</strong></span> <span class='ocrx_word' id='word_1_195' title='bbox 658 3002 867 3078; x_wconf 79' lang='lat' dir='ltr'><strong>approbatum3</strong></span> <span class='ocrx_word' id='word_1_196' title='bbox 882 3009 953 3060; x_wconf 88' lang='lat' dir='ltr'><strong>tune</strong></span> <span class='ocrx_word' id='word_1_197' title='bbox 966 3017 1055 3077; x_wconf 89' lang='lat' dir='ltr'><strong>agens</strong></span> <span class='ocrx_word' id='word_1_198' title='bbox 1070 3000 1142 3060; x_wconf 89' lang='lat' dir='ltr'><strong>iilud</strong></span> <span class='ocrx_word' id='word_1_199' title='bbox 1156 3015 1214 3060; x_wconf 92' lang='lat' dir='ltr'><strong>noo</strong></span> <span class='ocrx_word' id='word_1_200' title='bbox 1232 3000 1319 3060; x_wconf 82' lang='lat' dir='ltr'><strong>aliter</strong></span> 
     </span>
     <span class='ocr_line' id='line_1_26' title="bbox 239 3097 1316 3176; baseline -0.004 -17"><span class='ocrx_word' id='word_1_201' title='bbox 239 3105 375 3176; x_wconf 84' lang='lat' dir='ltr'><strong>operatur</strong></span> <span class='ocrx_word' id='word_1_202' title='bbox 395 3101 451 3156; x_wconf 88' lang='lat' dir='ltr'><strong>nisi</strong></span> <span class='ocrx_word' id='word_1_203' title='bbox 471 3105 613 3175; x_wconf 88' lang='lat' dir='ltr'><strong>tanquam</strong></span> <span class='ocrx_word' id='word_1_204' title='bbox 632 3098 686 3157; x_wconf 89' lang='lat' dir='ltr'><strong>Dei</strong></span> <span class='ocrx_word' id='word_1_205' title='bbox 707 3102 840 3158; x_wconf 90' lang='lat' dir='ltr'><strong>minister</strong></span> <span class='ocrx_word' id='word_1_206' title='bbox 858 3105 887 3159; x_wconf 88' lang='lat' dir='ltr'><strong>et</strong></span> <span class='ocrx_word' id='word_1_207' title='bbox 910 3115 1024 3175; x_wconf 80' lang='lat' dir='ltr'><strong>servus,</strong></span> <span class='ocrx_word' id='word_1_208' title='bbox 1051 3105 1138 3174; x_wconf 85' lang='lat' dir='ltr'><strong>utque</strong></span> <span class='ocrx_word' id='word_1_209' title='bbox 1155 3097 1220 3156; x_wconf 89' lang='lat' dir='ltr'><strong>ideo</strong></span> <span class='ocrx_word' id='word_1_210' title='bbox 1245 3097 1316 3156; x_wconf 82' lang='lat' dir='ltr'><strong>elie·</strong></span> 
     </span>
     <span class='ocr_line' id='line_1_27' title="bbox 238 3191 1385 3271; baseline -0.003 -16"><span class='ocrx_word' id='word_1_211' title='bbox 238 3203 303 3256; x_wconf 88' lang='lat' dir='ltr'><strong>etus</strong></span> <span class='ocrx_word' id='word_1_212' title='bbox 329 3213 389 3256; x_wconf 90' lang='lat' dir='ltr'><strong>non</strong></span> <span class='ocrx_word' id='word_1_213' title='bbox 418 3197 473 3271; x_wconf 84' lang='lat' dir='ltr'><strong>ipsi</strong></span> <span class='ocrx_word' id='word_1_214' title='bbox 493 3197 546 3254; x_wconf 87' lang='lat' dir='ltr'><strong>ssd</strong></span> <span class='ocrx_word' id='word_1_215' title='bbox 571 3196 630 3254; x_wconf 88' lang='lat' dir='ltr'><strong>Deo</strong></span> <span class='ocrx_word' id='word_1_216' title='bbox 658 3201 809 3271; x_wconf 88' lang='lat' dir='ltr'><strong>tamquam</strong></span> <span class='ocrx_word' id='word_1_217' title='bbox 836 3196 988 3271; x_wconf 84' lang='lat' dir='ltr'><strong>principali</strong></span> <span class='ocrx_word' id='word_1_218' title='bbox 1015 3211 1121 3255; x_wconf 87' lang='lat' dir='ltr'><strong>causae</strong></span> <span class='ocrx_word' id='word_1_219' title='bbox 1145 3194 1318 3255; x_wconf 82' lang='lat' dir='ltr'><strong>tribuendus</strong></span> <span class='ocrx_word' id='word_1_220' title='bbox 1382 3191 1385 3196; x_wconf 83' lang='lat'>&#39;</span> 
     </span>
     <span class='ocr_line' id='line_1_28' title="bbox 237 3291 1319 3370; baseline 0 -18"><span class='ocrx_word' id='word_1_221' title='bbox 237 3301 292 3352; x_wconf 81' lang='lat' dir='ltr'><strong>est.</strong></span> <span class='ocrx_word' id='word_1_222' title='bbox 308 3295 405 3368; x_wconf 84' lang='lat' dir='ltr'><strong>Quare</strong></span> <span class='ocrx_word' id='word_1_223' title='bbox 420 3309 488 3352; x_wconf 91' lang='lat' dir='ltr'><strong>enm</strong></span> <span class='ocrx_word' id='word_1_224' title='bbox 503 3293 677 3352; x_wconf 81' lang='lat' dir='ltr'><strong>miraculum</strong></span> <span class='ocrx_word' id='word_1_225' title='bbox 698 3293 896 3354; x_wconf 84' lang='lat' dir='ltr'><strong>delinivimus:</strong></span> <span class='ocrx_word' id='word_1_226' title='bbox 909 3293 1057 3370; x_wconf 84' lang='lat' dir='ltr'><strong>eliqulde</strong></span> <span class='ocrx_word' id='word_1_227' title='bbox 1079 3294 1142 3353; x_wconf 85' lang='lat' dir='ltr'><strong>Deo</strong></span> <span class='ocrx_word' id='word_1_228' title='bbox 1156 3291 1319 3370; x_wconf 80' lang='lat' dir='ltr'><strong>procedens</strong></span> 
     </span>
     <span class='ocr_line' id='line_1_29' title="bbox 235 3389 1320 3467; baseline -0.001 -18"><span class='ocrx_word' id='word_1_229' title='bbox 235 3395 355 3467; x_wconf 83' lang='lat' dir='ltr'><strong>practer</strong></span> <span class='ocrx_word' id='word_1_230' title='bbox 373 3393 545 3450; x_wconf 83' lang='lat' dir='ltr'><strong>concoctum</strong></span> <span class='ocrx_word' id='word_1_231' title='bbox 561 3394 688 3450; x_wconf 81' lang='lat' dir='ltr'><strong>noluroc</strong></span> <span class='ocrx_word' id='word_1_232' title='bbox 705 3389 849 3463; x_wconf 82' lang='lat' dir='ltr'><strong>ordinem,</strong></span> <span class='ocrx_word' id='word_1_233' title='bbox 880 3390 1085 3451; x_wconf 82' lang='lat' dir='ltr'><strong>subiunximus</strong></span> <span class='ocrx_word' id='word_1_234' title='bbox 1109 3393 1180 3452; x_wconf 84' lang='lat' dir='ltr'><strong>satis</strong></span> <span class='ocrx_word' id='word_1_235' title='bbox 1201 3405 1264 3448; x_wconf 83' lang='lat' dir='ltr'><strong>esse</strong></span> <span class='ocrx_word' id='word_1_236' title='bbox 1287 3397 1320 3448; x_wconf 91' lang='lat' dir='ltr'><strong>ut</strong></span> 
     </span>
     <span class='ocr_line' id='line_1_30' title="bbox 238 3487 1169 3564; baseline -0.003 -16"><span class='ocrx_word' id='word_1_237' title='bbox 238 3487 331 3548; x_wconf 82' lang='lat' dir='ltr'><strong>abeo</strong></span> <span class='ocrx_word' id='word_1_238' title='bbox 351 3487 489 3563; x_wconf 80' lang='lat' dir='ltr'><strong>procedat</strong></span> <span class='ocrx_word' id='word_1_239' title='bbox 508 3494 648 3564; x_wconf 67' lang='lat' dir='ltr'><strong>unquam</strong></span> <span class='ocrx_word' id='word_1_240' title='bbox 668 3505 687 3548; x_wconf 88' lang='lat' dir='ltr'><strong>a</strong></span> <span class='ocrx_word' id='word_1_241' title='bbox 708 3489 861 3564; x_wconf 83' lang='lat' dir='ltr'><strong>principali</strong></span> <span class='ocrx_word' id='word_1_242' title='bbox 887 3488 989 3546; x_wconf 90' lang='lat' dir='ltr'><strong>saitem</strong></span> <span class='ocrx_word' id='word_1_243' title='bbox 1016 3489 1169 3548; x_wconf 84' lang='lat' dir='ltr'><strong>efficiente.</strong></span> 
     </span>
    </p>

    <p class='ocr_par' dir='ltr' id='par_1_7' title="bbox 235 3581 1318 4052">
     <span class='ocr_line' id='line_1_31' title="bbox 297 3581 1317 3661; baseline -0.002 -19"><span class='ocrx_word' id='word_1_244' title='bbox 297 3585 337 3643; x_wconf 82' lang='lat' dir='ltr'><strong>At</strong></span> <span class='ocrx_word' id='word_1_245' title='bbox 354 3585 529 3661; x_wconf 87' lang='lat' dir='ltr'><strong>contingunt</strong></span> <span class='ocrx_word' id='word_1_246' title='bbox 543 3602 629 3661; x_wconf 86' lang='lat' dir='ltr'><strong>saepe</strong></span> <span class='ocrx_word' id='word_1_247' title='bbox 646 3593 790 3661; x_wconf 85' lang='lat' dir='ltr'><strong>tempora,</strong></span> <span class='ocrx_word' id='word_1_248' title='bbox 808 3601 873 3644; x_wconf 91' lang='lat' dir='ltr'><strong>cum</strong></span> <span class='ocrx_word' id='word_1_249' title='bbox 889 3587 1070 3655; x_wconf 85' lang='lat' dir='ltr'><strong>negotiosum</strong></span> <span class='ocrx_word' id='word_1_250' title='bbox 1088 3586 1127 3644; x_wconf 87' lang='lat' dir='ltr'><strong>sit</strong></span> <span class='ocrx_word' id='word_1_251' title='bbox 1145 3601 1180 3642; x_wconf 90' lang='lat' dir='ltr'><strong>ec</strong></span> <span class='ocrx_word' id='word_1_252' title='bbox 1195 3581 1317 3642; x_wconf 79' lang='lat' dir='ltr'><strong>difficile</strong></span> 
     </span>
     <span class='ocr_line' id='line_1_32' title="bbox 236 3681 1318 3760; baseline -0.005 -18"><span class='ocrx_word' id='word_1_253' title='bbox 236 3681 358 3742; x_wconf 82' lang='lat' dir='ltr'><strong>definire</strong></span> <span class='ocrx_word' id='word_1_254' title='bbox 377 3689 474 3742; x_wconf 89' lang='lat' dir='ltr'><strong>utrum</strong></span> <span class='ocrx_word' id='word_1_255' title='bbox 495 3685 606 3760; x_wconf 87' lang='lat' dir='ltr'><strong>aliquid</strong></span> <span class='ocrx_word' id='word_1_256' title='bbox 628 3701 729 3743; x_wconf 87' lang='lat' dir='ltr'><strong>verum</strong></span> <span class='ocrx_word' id='word_1_257' title='bbox 751 3684 925 3743; x_wconf 85' lang='lat' dir='ltr'><strong>miraculum</strong></span> <span class='ocrx_word' id='word_1_258' title='bbox 942 3682 1046 3741; x_wconf 62' lang='lat' dir='ltr'><strong>,baberi</strong></span> <span class='ocrx_word' id='word_1_259' title='bbox 1065 3681 1169 3742; x_wconf 88' lang='lat' dir='ltr'><strong>debeat</strong></span> <span class='ocrx_word' id='word_1_260' title='bbox 1191 3697 1228 3739; x_wconf 91' lang='lat' dir='ltr'><strong>an</strong></span> <span class='ocrx_word' id='word_1_261' title='bbox 1248 3697 1318 3738; x_wconf 90' lang='lat' dir='ltr'><strong>con·</strong></span> 
     </span>
     <span class='ocr_line' id='line_1_33' title="bbox 235 3776 1318 3858; baseline -0.006 -18"><span class='ocrx_word' id='word_1_262' title='bbox 235 3788 283 3840; x_wconf 89' lang='lat' dir='ltr'><strong>tra</strong></span> <span class='ocrx_word' id='word_1_263' title='bbox 299 3783 460 3858; x_wconf 82' lang='lat' dir='ltr'><strong>praestigiis</strong></span> <span class='ocrx_word' id='word_1_264' title='bbox 480 3789 567 3858; x_wconf 68' lang='lat' dir='ltr'><strong>amne</strong></span> <span class='ocrx_word' id='word_1_265' title='bbox 583 3780 765 3856; x_wconf 74' lang='lat' dir='ltr'><strong>captionibus</strong></span> <span class='ocrx_word' id='word_1_266' title='bbox 787 3781 984 3840; x_wconf 87' lang='lat' dir='ltr'><strong>adnumerari.</strong></span> <span class='ocrx_word' id='word_1_267' title='bbox 1003 3781 1086 3838; x_wconf 86' lang='lat' dir='ltr'><strong>Tune</strong></span> <span class='ocrx_word' id='word_1_268' title='bbox 1105 3776 1191 3837; x_wconf 89' lang='lat' dir='ltr'><strong>adid</strong></span> <span class='ocrx_word' id='word_1_269' title='bbox 1211 3777 1318 3836; x_wconf 84' lang='lat' dir='ltr'><strong>discer-</strong></span> 
     </span>
     <span class='ocr_line' id='line_1_34' title="bbox 238 3875 1318 3956; baseline -0.005 -19"><span class='ocrx_word' id='word_1_270' title='bbox 238 3878 364 3939; x_wconf 87' lang='lat' dir='ltr'><strong>nendum</strong></span> <span class='ocrx_word' id='word_1_271' title='bbox 387 3882 452 3940; x_wconf 87' lang='lat' dir='ltr'><strong>usui</strong></span> <span class='ocrx_word' id='word_1_272' title='bbox 472 3887 541 3940; x_wconf 89' lang='lat' dir='ltr'><strong>sunt</strong></span> <span class='ocrx_word' id='word_1_273' title='bbox 559 3879 666 3938; x_wconf 86' lang='lat' dir='ltr'><strong>indicia</strong></span> <span class='ocrx_word' id='word_1_274' title='bbox 688 3879 831 3956; x_wconf 87' lang='lat' dir='ltr'><strong>quaedam</strong></span> <span class='ocrx_word' id='word_1_275' title='bbox 855 3885 885 3936; x_wconf 86' lang='lat' dir='ltr'><strong>et</strong></span> <span class='ocrx_word' id='word_1_276' title='bbox 908 3885 1014 3952; x_wconf 90' lang='lat' dir='ltr'><strong>notae,</strong></span> <span class='ocrx_word' id='word_1_277' title='bbox 1037 3892 1113 3953; x_wconf 86' lang='lat' dir='ltr'><strong>quac</strong></span> <span class='ocrx_word' id='word_1_278' title='bbox 1134 3875 1243 3934; x_wconf 89' lang='lat' dir='ltr'><strong>idcireo</strong></span> <span class='ocrx_word' id='word_1_279' title='bbox 1264 3877 1318 3932; x_wconf 88' lang='lat' dir='ltr'><strong>mi·</strong></span> 
     </span>
     <span class='ocr_line' id='line_1_35' title="bbox 239 3968 1183 4052; baseline -0.006 -17"><span class='ocrx_word' id='word_1_280' title='bbox 239 3976 331 4036; x_wconf 88' lang='lat' dir='ltr'><strong>raeuii</strong></span> <span class='ocrx_word' id='word_1_281' title='bbox 353 3968 468 4038; x_wconf 85' lang='lat' dir='ltr'><strong>criteria</strong></span> <span class='ocrx_word' id='word_1_282' title='bbox 487 3977 625 4051; x_wconf 82' lang='lat' dir='ltr'><strong>audiunt3</strong></span> <span class='ocrx_word' id='word_1_283' title='bbox 647 3993 740 4052; x_wconf 88' lang='lat' dir='ltr'><strong>eaque</strong></span> <span class='ocrx_word' id='word_1_284' title='bbox 762 3977 810 4035; x_wconf 88' lang='lat' dir='ltr'><strong>bie</strong></span> <span class='ocrx_word' id='word_1_285' title='bbox 829 3975 956 4036; x_wconf 83' lang='lat' dir='ltr'><strong>breviter</strong></span> <span class='ocrx_word' id='word_1_286' title='bbox 977 3975 1183 4036; x_wconf 84' lang='lat' dir='ltr'><strong>indicabimus.</strong></span> 
     </span>
    </p>
   </div>
   <div class='ocr_carea' id='block_1_7' title="bbox 0 0 1450 4425">
    <p class='ocr_par' dir='ltr' id='par_1_8' title="bbox 0 0 1450 4425">
     <span class='ocr_line' id='line_1_36' title="bbox 0 0 1450 4425; baseline 0 0"><span class='ocrx_word' id='word_1_287' title='bbox 0 0 1450 4425; x_wconf 95' lang='lat' dir='ltr'><strong> </strong></span> 
     </span>
    </p>
   </div>
  </div>
 </body>
</html>
