2892 4425
570 336 647 381 rius
669 336 772 379 initia
834 338 840 347 ’
1173 330 1210 383 ³6

133 442 213 517 quod
236 459 385 520 perperam
406 444 509 505 iecisse
531 444 646 503 videtur
669 444 807 503 Locldus‘.
831 445 976 518 Quocirca
987 445 1210 522 aliquantalum

84 566 96 591 .
134 538 203 599 hiae
224 542 354 601 recedere
370 550 596 602 consentaneum
609 542 719 618 iudieo,
734 549 821 619 atque
837 544 935 602 locum
947 543 1089 603 eiusmodi
1102 545 1211 605 clarius

133 652 169 695 ao
186 638 353 699 distinctius
372 640 502 700 delinire.
1141 658 1146 667 ·

195 743 243 795 il.
264 737 337 795 Cum
353 740 450 812 itaque
463 740 563 813 quaeri
575 738 667 812 possit
680 743 733 795 aut
746 736 816 812 quid
829 739 869 796 sit
881 748 990 797 nometi
1003 754 1065 797 rem
1079 738 1209 815 aliquam

132 829 309 909 designans,
328 840 381 893 aut
398 834 468 909 quid
493 837 531 893 sit
553 836 616 909 ipse
635 850 680 901 res
704 834 750 891 vel
770 840 927 908 conceptus
944 838 1062 893 nomine
1083 840 1210 912 patensp

131 927 262 986 delinitio
281 932 311 987 ia
333 928 511 988 remninalem
532 929 704 1004 dispescitur
723 935 753 988 et
771 928 890 989 realem.
912 931 967 989 Illa
988 934 1048 990 vim
1071 934 1210 1008 nominis,

132 1024 206 1083 haee
224 1029 265 1084 rei
285 1032 419 1085 naturam
432 1034 462 1085 et
474 1030 622 1085 notionem
636 1027 785 1087 describit.
806 1028 869 1085 iam
887 1044 956 1087 vero
972 1028 1102 1087 delinitio
1120 1032 1212 1088 nomi·

89 1182 92 1191 ,
132 1122 180 1178 nis
200 1121 307 1195 tripiici
321 1122 433 1181 ratione
450 1122 548 1197 perlici
568 1129 671 1198 potest.
691 1122 835 1198 Primum,
857 1124 1076 1199 interpretando
1090 1142 1210 1184 sensum

133 1217 214 1274 vocis
228 1232 262 1275 ex
278 1218 486 1277 consuetudine
499 1226 529 1277 et
543 1236 597 1277 usu
611 1222 772 1294 communi,
787 1226 820 1277 ut
832 1222 859 1278 si
872 1220 965 1277 dieas:
981 1219 1027 1280 soi
1038 1225 1082 1278 ert
1095 1224 1211 1279 aetram

132 1309 221 1387 iliad,
244 1312 323 1389 quod
342 1330 459 1373 accessu
477 1332 644 1392 recessuque
663 1332 716 1374 suo
736 1314 815 1374 diem
832 1321 888 1373 aet
901 1319 1014 1374 noctem
1033 1313 1134 1392 efficit.
1155 1316 1211 1375 De

132 1408 200 1467 inde
224 1410 395 1484 explicando
414 1426 519 1470 nomeo
546 1430 582 1471 en
604 1412 783 1489 etymologia
801 1418 831 1471 el
854 1414 987 1487 origine,
1010 1421 1044 1472 ut
1064 1416 1089 1471 ai
1107 1412 1207 1473 dieas:

13 1528 15 1533 ·
133 1503 281 1582 theologia
298 1512 341 1567 erl
360 1525 453 1567 sermo
467 1508 503 1567 de
519 1510 590 1583 Deo,
607 1516 635 1569 et
649 1508 793 1585 providae
810 1512 854 1567 est
871 1512 958 1585 quari
972 1506 1083 1585 procui
1094 1508 1209 1568 videns.

132 1602 263 1679 Denique
283 1607 320 1681 si,
340 1604 386 1664 his
399 1608 526 1681 omissis,
551 1613 684 1665 sumatur
696 1622 801 1665 nomen
823 1609 908 1681 quasi
923 1622 1011 1665 sonos
1025 1607 1207 1682 indiiierens,

132 1701 352 1778 declareturque
370 1703 440 1777 quid
460 1704 511 1777 per
532 1706 627 1777 ipsum
649 1702 809 1779 significari
825 1704 918 1779 velit,
937 1711 973 1762 ut
995 1706 1020 1762 si
1040 1703 1138 1762 dicas:
1160 1722 1210 1763 ao·

132 1802 212 1859 mine
232 1804 359 1859 naturae
380 1800 516 1877 intelligo
532 1804 717 1877 principium
740 1804 917 1877 operationis
930 1804 1088 1860 internum.
1113 1801 1210 1877 Atque

131 1903 278 1971 postrema
298 1896 385 1973 haec,
410 1899 578 1972 praesertim
600 1912 666 1956 cum
685 1913 793 1957 nomen
815 1914 924 1974 vagum
945 1905 997 1957 eut
1019 1900 1154 1973 ancipitis
1170 1902 1208 1957 si·

102 2070 107 2081 1
132 1994 286 2069 gollicatus
309 1995 463 2071 inciderit,
490 1998 556 2055 usui
583 2012 647 2055 esse
671 1995 744 2055 solet
766 2011 858 2070 quam
878 1999 1007 2054 manime
1031 1995 1068 2052 ad
1094 2010 1210 2070 pugnas

132 2090 287 2151 verborum
310 2093 456 2152 vitandas.
477 2092 542 2151 Nisi
562 2096 640 2151 enim
663 2099 731 2152 ante
749 2094 911 2151 constiterit
932 2091 1003 2167 qnid
1026 2094 1145 2151 nomine
1167 2093 1210 2149 rei

132 2188 350 2265 intelligendam
373 2192 424 2266 sit,
438 2191 608 2265 disceptatio
627 2191 737 2248 ineerta
751 2190 805 2248 erit
827 2195 857 2247 et
877 2188 948 2247 nihil
971 2188 1135 2263 proficiens.
1158 2188 1211 2248 Ca-

131 2287 244 2344 vendus
271 2293 368 2344 temen
393 2293 438 2345 est
462 2287 574 2344 ebosus
595 2303 662 2344 vere
680 2286 902 2360 intoiemndus,
927 2301 986 2359 qno
1007 2289 1127 2344 nomina
1150 2288 1210 2345 iam
1274 2296 1280 2306 '

131 2383 326 2441 determinata
344 2381 421 2454 apud
444 2399 564 2456 omnes,
583 2385 646 2439 sine
665 2383 724 2438 ulla
745 2385 858 2437 ratione
878 2381 916 2438 ad
938 2397 1046 2458 novam
1065 2381 1210 2456 signitica-
1266 2439 1270 2444 .

132 2481 241 2537 tionem
264 2484 455 2551 torquentur:
476 2477 554 2551 quod
574 2477 743 2534 incredibile
762 2477 843 2534 dictu
863 2483 924 2549 est,
948 2481 1088 2548 quantam
1108 2475 1210 2534 coniu-

133 2577 245 2632 aionem
269 2573 385 2632 efferat.
411 2572 525 2631 Etenim
548 2587 613 2630 cam
641 2570 731 2630 rerba
754 2571 899 2630 intiuxum
923 2571 984 2628 iere
1008 2573 1153 2645 magicum
1178 2573 1210 2630 ia

131 2673 335 2748 cogitationem
361 2677 533 2746 exerceant3
554 2673 603 2745 qul
628 2671 692 2728 sine
718 2671 889 2727 necessitate
912 2682 1030 2726 sensum
1051 2667 1210 2734 rethorum

131 2761 323 2843 immutatis
345 2769 476 2841 proprios
496 2774 651 2840 conceptus
671 2766 809 2824 obscurat
826 2781 914 2840 seque
935 2765 1012 2839 aliis,
1033 2764 1208 2839 quibuscum
1270 2757 1274 2760 ’

130 2865 271 2942 loquitur,
290 2863 608 2937 incomprehensibilem
630 2863 736 2920 reddit.
852 2923 856 2928 ,

194 2971 242 3020 12.
265 2961 350 3034 Quod
372 2967 468 3018 autem
492 2959 529 3018 ad
551 2961 657 3018 realem
682 2958 881 3017 definitionem
904 2959 1028 3032 attinet,
1052 2957 1124 3015 heec
1150 2973 1211 3015 non

130 3067 175 3119 est
193 3059 273 3118 aliud
294 3073 382 3135 quam
401 3059 441 3114 rel
460 3059 551 3131 ipsius
572 3063 623 3115 aut
644 3057 745 3129 ideae,
768 3070 845 3130 quae
869 3055 949 3113 illem
967 3052 1105 3128 exhibet,
1129 3053 1214 3111 clara

130 3158 295 3232 explicatio.
316 3157 388 3214 Rem
412 3157 489 3212 enim
511 3155 656 3229 explicare
678 3153 763 3212 aliter
786 3168 843 3210 non
865 3167 1043 3226 possumus,
1064 3152 1120 3209 nisi
1140 3166 1211 3225 qna·

130 3260 216 3312 tenus
229 3241 446 3329 certe'quadam
462 3251 529 3311 idea
543 3253 727 3325 continetur,
746 3250 812 3307 idea
826 3255 922 3306 autem
937 3265 997 3306 rem
1011 3251 1120 3323 ipsam,
1133 3263 1208 3322 quae
1229 3321 1233 3330 ¹

130 3351 305 3424 eoadpltur,
320 3353 527 3424 repraesentat.
550 3347 683 3406 Etiditur
700 3363 770 3405 vero
784 3345 856 3404 haec
869 3345 999 3404 delinitio
1011 3343 1209 3404 enumerando

12 3421 15 3430 ’
37 3511 42 3516 ,
129 3452 215 3504 notas
236 3445 341 3505 obiecti
361 3461 411 3520 per
430 3446 524 3503 ideam
547 3446 767 3519 repraesentati,
780 3449 810 3502 et
829 3443 946 3518 quidem
969 3458 1003 3501 eo
1023 3456 1156 3514 numero,
1176 3445 1211 3499 ut

129 3540 280 3618 sufficiant
297 3541 333 3599 ad
354 3543 449 3616 ipsum
474 3559 491 3600 a
511 3543 613 3600 ceteris
633 3539 868 3599 discernendam.

189 3635 275 3710 Quod
292 3655 359 3696 cum
380 3642 421 3698 ita
439 3641 495 3715 sit,
520 3639 649 3714 proiecto
672 3639 845 3714 intelligitur
863 3653 1000 3711 magnam
1021 3652 1087 3694 esse
1109 3633 1209 3693 delini-

129 3737 217 3794 tionis
239 3737 324 3794 realis
346 3743 375 3794 et
396 3737 553 3794 nominalis
573 3735 780 3794 differentiam.
801 3736 881 3793 Haec
894 3735 971 3792 euim
992 3735 1022 3790 in
1038 3749 1108 3791 rece
1124 3731 1209 3790 dum·

129 3838 213 3890 taxat
228 3833 426 3908 explananda,
450 3833 499 3891 illa
520 3835 551 3891 in
567 3835 683 3891 notione
697 3836 760 3907 ipsa
778 3832 930 3906 complexa
950 3848 1001 3905 per
1015 3831 1210 3904 simpliciores

86 3932 90 3940 '
129 3929 230 4008 ideas,
254 3931 287 3990 et‘
305 3933 335 3989 in
357 3929 461 3990 obiecti
488 3937 594 3990 natura
620 3947 672 4007 per
694 3930 822 3990 eiusdem
843 3929 1025 3988 characteres
1048 3927 1209 3987 evolvenda
