2892 4425
256 382 311 430 180
580 384 819 426 uniruistcee
840 384 1000 426 SPBGifflS

121 516 126 527 -
248 495 377 568 undique
397 492 538 566 permeeri
563 494 656 565 poerit
680 508 734 566 ope
758 462 933 550 mutuum.
959 491 1036 567 Ergo
1059 493 1115 550 nial
1136 495 1276 569 cogitatio
1299 502 1330 553 ct

250 592 371 649 materia
390 591 421 648 in
442 604 503 646 rem
523 590 701 647 contrariam
718 595 928 648 convertentur
948 604 983 647 cc
1003 591 1119 663 proprie
1137 597 1241 649 nutura
1259 608 1328 666 spo-

249 688 373 760 lientur,
395 687 521 746 laricem
538 685 679 744 conlundi
698 690 787 761 atque
802 701 862 744 uua
881 702 918 743 ea
938 685 1030 745 altere
1049 692 1199 761 mmquum
1219 703 1238 745 a
1258 704 1328 763 pro·

248 787 313 860 prio
326 785 469 859 principio
481 798 601 841 manere
614 785 678 841 ciue
692 782 924 841 contradictione
937 781 994 840 dici
1016 798 1074 841 uon
1094 790 1225 857 possunt.
1246 785 1326 857 Quo

248 884 327 940 niam
349 897 418 940 vero
437 896 512 956 quae
532 879 790 939 contradictionem
809 879 864 939 eibi
881 880 1043 953 implicent,
1057 896 1094 939 ue
1111 879 1190 940 Deus
1207 881 1325 957 quidem

247 978 361 1037 cilicere
380 985 493 1053 poteot3
518 977 626 1035 idcirco
648 980 780 1052 sequitur
803 984 836 1035 nt
860 980 980 1036 materia
1005 994 1056 1053 per
1078 994 1110 1037 ac
1130 981 1264 1055 cogitem
1288 996 1326 1037 ue

246 1076 389 1135 divinitae
408 1076 526 1151 quidem
547 1073 694 1149 possibilie
717 1075 767 1131 eit.
1111 1124 1116 1133 .

307 1174 366 1233 Nec
386 1173 466 1232 dicat
485 1173 592 1247 aliquis
611 1170 688 1229 ellici
707 1171 737 1228 id
761 1173 890 1251 potuisse
914 1172 1102 1246 exquisitiore
1119 1172 1247 1248 quodem
1264 1188 1324 1233 ma-

246 1274 337 1329 terico
358 1275 587 1345 temperamento
604 1269 765 1343 idoneaque
783 1275 940 1327 structura.
960 1267 1035 1327 Nam
1055 1276 1212 1346 utcumque
1231 1278 1322 1330 mate·

245 1370 291 1426 rta
311 1352 494 1440 elaboretur,
515 1366 656 1441 expoliari
670 1364 802 1440 prolecto
826 1380 885 1425 nou
906 1367 1012 1441 poterit
1031 1366 1246 1427 conditionibus
1265 1370 1319 1445 iis,

244 1481 321 1541 quae
343 1465 381 1524 cd
405 1463 535 1523 eiusdem
556 1469 691 1521 iratorum
711 1466 858 1538 attiueut3
884 1463 979 1538 qualis
1004 1472 1082 1523 certe
1095 1471 1149 1522 eat
1168 1466 1322 1541 extensio,

244 1579 281 1621 ex
304 1577 362 1636 qua
386 1561 514 1635 retiquae
542 1567 683 1636 manant,
705 1566 736 1620 et
762 1575 836 1635 quac
863 1576 931 1619 cum
951 1560 1137 1635 simplicitate
1163 1561 1323 1637 principii,

244 1658 323 1717 unde
343 1659 482 1733 cogitatio
505 1660 649 1732 emergit,
673 1658 801 1716 maxime
826 1664 968 1734 pugnant.
991 1658 1143 1719 structura
1167 1666 1266 1718 eutem
1293 1666 1324 1717 ct

244 1758 414 1830 temperatio
436 1754 516 1813 aliud
539 1760 684 1829 praestare
704 1761 872 1831 nequeunt,
893 1757 950 1814 niel
966 1771 1075 1815 novum
1096 1755 1228 1815 ordinem
1252 1772 1323 1832 par·

243 1856 317 1914 dum
341 1859 371 1913 ct
397 1852 544 1911 diversam
566 1852 721 1911 distantiae
748 1852 933 1929 relationem,
959 1868 995 1912 ex
1022 1867 1080 1930 qua
1105 1855 1181 1913 attus
1203 1860 1321 1915 tentum

243 1952 337 2011 oritur
354 1955 385 2008 ct
406 1950 570 2009 collocutio.
737 1947 751 1969 ⁸

304 2049 340 2107 Et
357 2063 428 2107 eane
448 2062 621 2123 quocunque
638 2054 724 2123 pacto
741 2050 861 2107 materia
876 2053 1062 2123 temperetur,
1076 2051 1169 2124 ipram
1185 2048 1318 2125 prolecto

243 2146 388 2205 dictinctio
401 2144 533 2220 pertitam
547 2143 707 2204 coalescere
727 2160 843 2205 nmease
857 2150 913 2205 eet.
928 2147 1009 2220 Quae
1025 2147 1171 2205 concretio
1184 2149 1209 2205 sl
1224 2164 1242 2205 a
1255 2162 1319 2206 ma·

242 2246 331 2304 terico
351 2246 468 2303 actione
488 2251 682 2319 removeatur,
703 2246 838 2303 lemnon
856 2244 980 2319 amplius
1001 2247 1123 2304 materie
1142 2247 1319 2322 concipitur,

242 2342 294 2401 eed
319 2357 370 2400 ene
395 2340 476 2399 aliud
494 2343 557 2400 elue
578 2341 641 2400 loco
660 2340 830 2400 suffectum.
852 2341 890 2400 lit
912 2357 981 2400 vero
1004 2357 1050 2402 rea
1071 2330 1208 2402 comune
1232 2345 1322 2418 porti·

242 2439 297 2498 boa
319 2440 418 2514 nequit
444 2455 508 2498 cose
533 2455 585 2514 per
611 2454 643 2497 ee
666 2439 842 2514 cognitionis
865 2439 1051 2514 principium.
1075 2439 1189 2498 Etenim
1216 2439 1323 2499 intime

241 2538 372 2596 omnium
395 2537 539 2612 cognitio,
561 2542 594 2593 at
617 2551 653 2594 ex
675 2536 770 2609 cepitc
789 2537 936 2609 superiore
955 2535 1053 2613 colligi
1073 2543 1192 2612 potest,
1218 2552 1254 2595 ea
1275 2541 1322 2596 eet

241 2651 317 2710 quac
338 2622 532 2693 sensibilitate
548 2633 723 2692 continetur.
746 2631 789 2690 Ee
809 2633 887 2691 enlm
909 2648 966 2693 nou
988 2631 1132 2692 modoad
1156 2634 1318 2708 simplicem

240 2738 355 2792 tantum
376 2733 588 2806 perceptionem
613 2735 790 2805 coarctatur,
811 2729 862 2789 aed
882 2732 971 2789 etiem
990 2732 1106 2790 nonnisi
1127 2729 1205 2790 iacta
1231 2747 1318 2807 quae

241 2830 308 2888 dam
329 2835 451 2887 externe
470 2835 500 2887 et
519 2834 666 2903 concrete,
681 2843 749 2887 cam
770 2831 930 2902 praesentia
950 2829 1033 2887 nohis
1053 2836 1134 2906 eunt,
1155 2828 1316 2904 deprehen-

240 2926 293 2984 dtt.
316 2925 391 2999 iirgo
414 2925 438 2982 al
461 2927 597 2983 materiae
620 2927 749 3000 cognitio
768 2923 857 2984 nibai
876 2930 983 3002 posset,
1001 2926 1073 2985 haec
1092 2933 1169 2985 certe
1187 2915 1316 2986 mosetto

240 3021 342 3080 saltem
356 3037 420 3080 ecee
435 3020 562 3079 deberet.
575 3019 660 3092 Quod
674 3024 698 3080 oi
712 3037 748 3081 ea
762 3038 877 3098 quoque
894 3025 1031 3082 maturina
1046 3023 1315 3100 repugnat;‚mutto

241 3120 334 3196 magis
357 3117 529 3194 repugnabit
546 3117 721 3196 intellectio,
741 3135 816 3195 quee
832 3121 917 3196 longe
937 3119 1088 3196 perfectior
1108 3121 1236 3196 cognitio
1253 3127 1311 3178 eet.

240 3219 330 3293 Atqui
353 3214 495 3274 sentiendi
520 3216 694 3290 principiam
718 3219 839 3276 materia
863 3233 925 3276 esse
951 3232 1008 3276 non
1034 3223 1137 3292 potest.
1160 3217 1236 3293 Ergo
1260 3233 1310 3276 ne·

239 3315 304 3388 quit
321 3315 459 3372 materiae
478 3317 642 3386 competere
662 3313 723 3372 ulla
741 3316 889 3390 cogitatio.
906 3314 944 3374 Et
960 3331 991 3374 re
1010 3314 1127 3391 quidem
1146 3330 1227 3390 vero,
1248 3331 1313 3373 seu·

238 3413 314 3469 catto
333 3412 363 3467 in
385 3411 546 3486 composito
564 3409 663 3486 aliquo
683 3411 867 3486 percipienda
889 3418 1031 3473 vereatur.
1047 3411 1245 3487 compositum
1260 3427 1312 3472 au·

239 3515 297 3566 tem
321 3509 433 3583 percipi
457 3509 576 3584 nequit,
600 3509 657 3567 ulei
675 3510 852 3584 principium
879 3511 1071 3584 perceptionis
1094 3511 1156 3568 elue
1181 3509 1313 3586 portibus

237 3611 346 3664 cereat.
368 3605 458 3665 Secus
479 3609 556 3664 enim
576 3608 603 3665 et
619 3622 721 3666 carum
742 3606 922 3666 admixtione
939 3612 1108 3683 constaret,
1131 3606 1243 3666 nullum
1270 3608 1314 3665 ln·

237 3709 350 3778 tegrum
374 3701 518 3762 obiectum
544 3706 631 3762 unico
654 3709 722 3763 actu
745 3699 984 3780 upprehenderet.
1011 3704 1096 3764 Actio
1115 3706 1214 3780 caim,
1241 3719 1318 3781 quae

237 3799 275 3858 ad
297 3798 459 3859 subtectum
479 3800 597 3878 aliquod
618 3818 695 3861 mere
717 3819 753 3861 ex
775 3801 907 3878 partibus
928 3809 1163 3880 coagmentatum
1183 3807 1316 3877 spectat,

236 3897 367 3974 ringulae
386 3898 466 3958 illius
487 3907 583 3974 partes
607 3915 737 3959 seorsum
758 3899 861 3958 allicit.
881 3899 981 3959 Partes
1002 3916 1082 3974 vero,
1098 3915 1165 3958 cum
1183 3897 1318 3956 dicerene

237 3996 297 4051 rint
314 3996 390 4053 inter
414 4011 456 4072 ee,
483 3999 644 4072 portionem
665 3998 788 4056 actionis
810 3998 956 4072 propriam
974 4013 1040 4058 curn
1063 3995 1129 4056 aliie
1154 4010 1212 4054 non
1234 4010 1316 4052 cnm·
