2892 4425
199 356 236 407 10
263 392 269 401 ·
526 356 766 403 ΙΙῘΔΡΙῊΙΩΑΙ
787 358 948 401 millii-l!

196 468 256 529 niu
270 470 349 529 enim
363 467 587 545 ulapocnbilcm
607 466 686 526 nanc
704 480 801 526 rerum
815 465 957 525 tandm
973 480 1031 527 mu
1047 464 1133 525 modo
1145 468 1176 526 in
1192 466 1275 543 ideis,

196 565 304 642 quibua
317 562 482 641 afficimur,
502 564 659 623 sedetiam
679 564 821 623 obiective
839 567 869 621 iu
894 570 986 623 mmet
1007 566 1133 623 inveniri
1149 563 1275 623 conrasi

199 668 281 739 aunt,
296 677 457 738 eorumque
470 663 613 721 mantia
626 660 792 720 Reatirmua
807 662 983 741 nominatur.
999 659 1058 721 Alii
1073 667 1176 719 contra
1190 677 1275 719 muu-

197 761 268 820 dum
292 776 310 819 a
333 776 430 819 rernm
450 761 637 818 enatandum
660 772 783 817 numero
802 757 986 831 auferentes,
1013 760 1042 814 in
1068 757 1141 816 ideis
1161 764 1276 817 mutam

198 857 419 934 relinquendum
430 859 588 933 putarunt3
603 863 691 933 atque
703 855 809 914 horum
821 856 949 929 opinatio
965 853 1141 914 idealirmor
1154 855 1274 915 dieitur.

260 955 455 1015 llealistarum
475 954 585 1029 duplex
605 958 651 1012 ent
672 968 775 1029 genus.
795 951 927 1012 Primum
947 958 992 1012 eat
1018 970 1141 1027 eorum,
1169 956 1222 1030 qul
1243 962 1278 1013 ut

199 1050 347 1112 Cartaoiua
371 1058 402 1110 et
424 1050 607 1124 leibnitius,
635 1049 737 1108 mundi
759 1051 943 1109 existentiam
967 1065 1025 1107 nou
1050 1050 1126 1109 iacto
1154 1054 1218 1126 ipoo
1248 1060 1278 1111 ct

199 1152 397 1225 experientia,
422 1148 474 1207 aed
501 1149 721 1207 ratiocinatione
741 1154 919 1221 compertam
942 1163 1006 1205 ease
1031 1148 1201 1222 votuerunt,
1225 1150 1276 1208 alit
1351 1154 1355 1161 '

184 1248 311 1322 ripaam,
333 1253 433 1322 utpote
455 1244 624 1304 immediata
646 1258 784 1303 masuam
808 1244 953 1303 evidentia
969 1251 1145 1320 perceptam,
1169 1248 1201 1303 in
1230 1262 1277 1305 aa·

199 1346 319 1402 ritatem
341 1343 768 1418 experimentaliumoumero,
784 1347 934 1416 tamquam
952 1356 1013 1399 rem
1033 1358 1084 1415 per
1105 1358 1137 1400 ae
1155 1348 1276 1416 nomm,

200 1442 393 1501 collocarunt.
474 1504 478 1513 ⁸

260 1539 396 1597 Vicissim
416 1536 560 1597 ideaiiomi
578 1536 687 1613 duplex
704 1539 792 1597 etlam
808 1552 900 1614 mino
917 1544 975 1596 cot:
999 1534 1134 1612 vulparia
1146 1543 1176 1596 et
1195 1540 1277 1597 aaa·

198 1632 604 1694 mendentolir.1ilemoudi
627 1638 712 1693 extra
736 1650 789 1693 noa
817 1637 1001 1694 existentiam
1028 1642 1127 1710 negat,
1155 1636 1278 1711 eiusque

200 1731 323 1790 idealem
355 1735 470 1789 mutum
492 1733 524 1788 io
548 1730 633 1789 nobie
662 1734 953 1806 repraesentationem
982 1734 1101 1807 atatuit3
1125 1736 1156 1789 at
1185 1734 1277 1789 animi

199 1830 356 1905 mptautla
370 1827 530 1887 unalitatem
548 1843 607 1886 nou
628 1826 811 1904 aggreditur:
830 1828 879 1886 hio
897 1830 991 1903 ipoum
1012 1830 1099 1886 etiam
1113 1827 1276 1888 subiectum

200 1927 334 2001 cogitans
351 1928 426 1985 inter
444 1925 645 2000 phaenomena
661 1933 691 1985 et
710 1942 802 1986 uanas
816 1928 1000 2002 apparentiae
1022 1928 1125 1985 reiicit.
1145 1926 1276 1984 Priorem

201 2022 385 2103 idealiamum
399 2024 522 2098 professi
533 2030 603 2083 aaut
616 2030 727 2083 veteres
740 2026 871 2099 sceptici,
884 2026 934 2100 qui
950 2022 1091 2081 mundum
1105 2025 1278 2083 exteriorem

201 2122 278 2179 inter
291 2118 430 2196 figmenta
450 2122 542 2179 animi
558 2126 589 2179 ot
608 2124 710 2179 inanes
726 2123 869 2196 imagines
882 2120 1090 2195 amandarent,
1106 2126 1158 2178 aut
1172 2120 1277 2179 autem

203 2220 309 2278 realem
329 2221 517 2280 uniendam
528 2235 684 2294 corporum
697 2226 778 2278 certo
792 2223 861 2278 seiri
880 2235 939 2278 non
953 2235 1038 2295 pocae
1055 2219 1238 2278 tradiderunt
1253 2221 1275 2276 ¹.

200 2317 285 2376 Hanc
303 2319 477 2378 oenoeodam
496 2319 674 2376 instauravit
690 2316 844 2394 Berkeiey,
866 2321 915 2393 qui
933 2333 1056 2392 corpora
1076 2319 1108 2376 in
1127 2317 1276 2376 sensilium

199 2415 375 2490 qualitatum
396 2416 551 2490 complexu
571 2431 734 2490 reponens,
757 2421 844 2490 atque
869 2415 924 2474 han
945 2417 1025 2489 ipsas
1047 2429 1114 2472 cum
1137 2415 1277 2474 mutatio·

201 2511 288 2571 nibus
306 2511 502 2587 confundens,
522 2528 645 2587 corpora
667 2514 698 2570 in
719 2511 792 2570 ideis
814 2517 929 2570 tanturn
945 2527 1007 2571 aeae
1027 2511 1192 2586 contendit,
1214 2525 1278 2586 pro

261 2721 272 2763 1
285 2713 349 2764 vide
363 2715 467 2764 sartum
479 2714 629 2776 Empincum
641 2713 774 2764 adversm
788 2715 903 2776 meiana.
917 2713 1041 2763 identtrmi
1057 2714 1167 2776 panim
1182 2717 1278 2764 mutuae

200 2792 335 2842 admodum
354 2807 385 2842 ea
404 2793 522 2843 innovata
541 2793 698 2856 philosophia
717 2793 880 2857 pullularunt.
903 2796 965 2844 liam
983 2793 1107 2844 &riccius
1126 2795 1152 2844 et
1171 2794 1278 2844 meiius

202 2871 323 2936 principio
343 2871 386 2921 iiio
403 2874 470 2935 quod
491 2873 648 2923 adstruxero:
672 2886 720 2924 noa
740 2873 861 2924 rensidus
880 2887 933 2924 oon
951 2876 1081 2937 ottinpere
1103 2876 1154 2924 nini
1174 2875 1279 2924 nostrus

200 2949 419 3014 modificationes,
442 2953 614 3002 condiliaclrio
630 2955 771 3003 straverunt
786 2955 862 3014 viam,
883 2953 925 3016 qui
945 2953 1041 3002 docuit:
1059 2967 1170 3016 corporo
1189 2953 1279 3016 qrrood

200 3043 248 3079 nor
268 3029 346 3080 aliud
360 3043 412 3081 non
427 3044 481 3082 erae
495 3031 643 3095 quidquam
660 3035 713 3083 ratri
730 3036 912 3083 screationum
930 3035 1070 3096 conperiat.
1091 3033 1228 3082 leibnitius
1238 3045 1279 3080 no-

200 3107 282 3158 titiarn
302 3111 388 3160 mundi
410 3113 523 3174 corporei
542 3125 572 3161 ex
594 3113 736 3164 evolatione
758 3114 857 3164 virtutis
877 3111 1006 3163 cuiusdam
1024 3114 1276 3175 repraesentatione,

200 3201 265 3251 quae
281 3189 307 3238 in
322 3189 394 3240 mdia
406 3204 422 3240 a
436 3191 514 3254 priori
527 3194 554 3240 et
566 3191 759 3254 independenter
773 3193 804 3242 alr
817 3192 921 3242 obiectio
936 3193 1109 3255 explicaretur,
1121 3190 1277 3254 repetendam

200 3269 281 3320 duxit.
299 3273 332 3320 nt
346 3271 442 3332 longius
458 3284 533 3333 quam
552 3271 626 3320 ceteri
643 3273 762 3335 prooessit
779 3273 963 3333 Malebruuctre,
978 3272 1022 3336 qui
1041 3275 1124 3334 aperte
1140 3271 1280 3334 pronuntia·

201 3349 239 3398 vit
256 3363 387 3413 corporum
404 3351 559 3400 existentiam
572 3364 621 3400 non
639 3353 685 3401 nini
705 3354 749 3402 Dei
766 3353 897 3402 revelantia
912 3353 1057 3402 auctoritate
1071 3352 1142 3400 nobis
1156 3354 1277 3410 consmre,
1317 3351 1327 3364 '

201 3441 231 3478 ac
251 3433 381 3492 propterea
399 3429 430 3478 ad
449 3432 587 3481 naturalem
603 3433 768 3494 cognitionem
787 3432 856 3494 quod
874 3431 970 3490 attinet,
990 3444 1038 3479 nou
1061 3429 1134 3478 modo
1153 3431 1278 3478 vehemen-

200 3510 238 3558 ter
252 3510 358 3559 arduum
373 3523 426 3560 eoae
443 3515 468 3560 et
488 3513 653 3574 periculorum
673 3514 785 3576 plenum,
803 3511 847 3561 ned
866 3513 933 3560 cerui
952 3511 1034 3560 animo
1054 3510 1126 3572 plane
1145 3521 1193 3557 non
1209 3519 1280 3570 posse

103 3609 107 3612 ·
199 3591 282 3641 aiutue
300 3605 413 3655 corpora.
438 3595 496 3644 Eius
516 3595 577 3644 liaeo
593 3599 652 3644 aunt
671 3595 758 3645 rerba:
780 3615 791 3636 α
814 3595 916 3644 Nonnisi
938 3593 1035 3642 duobus
1058 3591 1137 3641 modis
1156 3591 1281 3639 Deuoani·

201 3689 214 3713 a
227 3684 296 3721 marm
316 3673 460 3736 alloquitur,
476 3674 607 3738 ipsumque
624 3674 656 3724 ad
676 3669 828 3724 credendum
844 3672 933 3736 adigit:
954 3671 1080 3722 euidentia
1098 3673 1123 3720 et
1140 3668 1195 3718 fide.
1211 3669 1282 3732 Equi·

201 3772 214 3794 «
226 3752 283 3801 dem
303 3755 424 3804 assentior
442 3754 515 3805 fidem
534 3769 621 3818 cogere
640 3755 673 3804 ad
695 3753 846 3804 credendum
864 3756 960 3802 exstare
976 3764 1098 3814 corpora,
1115 3749 1157 3800 scd
1177 3749 1209 3798 ad
1229 3749 1279 3798 eri·
1302 3741 1305 3751 '

201 3851 213 3873 «ι
225 3831 334 3881 dentiam
358 3833 424 3895 quod
446 3837 552 3896 attinet,
572 3835 626 3898 ipsa
644 3835 707 3883 milit
727 3828 773 3881 hr'c
795 3833 819 3881 in
840 3846 865 3881 re
883 3845 931 3881 non
952 3831 1046 3893 integra
1064 3830 1179 3889 videtur,
1202 3840 1280 3890 eaque

201 3923 276 3963 «noa
293 3912 325 3961 ao
343 3913 410 3964 artur
429 3901 621 3965 ieameamer
638 3913 767 3964 crorum
786 3911 944 3972 inducimur,
961 3911 1007 3959 mr
1022 3913 1101 3960 neum
1120 3910 1281 3970 animumque

202 3994 346 4044 tnoatmm.
365 3998 457 4045 verum
475 3994 576 4057 quidm
594 3996 633 4043 eat
649 4007 694 4042 noa
714 3993 876 4054 propensione
896 3991 1005 4042 maxilua
1023 3989 1096 4052 terri,
1118 3993 1144 4038 ui
1165 3999 1279 4050 corpora,
