2892 4425
255 399 311 451 ret
582 369 822 452 amarursrerr
843 407 1003 453 suecrius

258 543 271 566 α
293 515 363 592 perd
381 514 437 574 ebe
455 516 501 574 sia
519 513 590 576 dall’
602 519 772 592 operarlone
791 517 859 578 dell'
870 525 997 580 astrarre
1021 519 1174 596 prodotta,
1197 539 1245 583 ma
1266 526 1335 584 solo

254 641 268 665 «ι
292 613 348 673 che
367 611 425 672 ella
443 615 488 673 sia
508 631 560 690 per
579 631 634 674 sua
654 622 761 675 natura
781 623 904 676 astratta
924 633 941 676 e
960 617 1057 677 dlvlsa
1076 618 1115 677 da
1135 619 1204 678 tutti
1225 621 1265 697 gll
1284 637 1333 682 a·

257 737 270 760 ·
293 712 351 770 seri
370 713 536 770 susslsteutl
556 715 579 771 ¹.
595 737 609 763 ι
626 714 705 790 Ergo
724 713 797 772 baec
817 713 882 773 idea
902 717 997 791 eatls,
1018 731 1068 774 seu
1091 715 1147 775 boc
1166 733 1219 776 eus
1239 717 1333 778 ideale

255 808 428 884 (utrumque
449 812 527 868 enim
547 813 578 892 ia
599 817 758 887 systemate
785 813 964 871 roamlalauo
987 811 1198 888 confunditur)
1219 815 1332 890 aliquid

253 907 381 968 divisam
401 913 447 968 est
465 915 496 967 et
514 917 682 984 separatum
697 908 736 968 ab
749 909 886 968 omuibus
905 909 1022 969 entibus
1038 910 1280 988 subsistentibus,
1295 929 1332 974 ac

254 1005 376 1080 proinde
394 1010 459 1065 tum
479 1019 499 1063 a
517 1005 580 1066 beo
600 1013 665 1066 tum
685 1023 704 1064 a
723 1009 877 1067 creawrls.
901 1007 1035 1066 lamaero
1058 1008 1202 1066 eiusmodi
1226 1025 1331 1085 propo·

254 1105 324 1162 sitio
335 1109 522 1179 comparetur
534 1119 603 1163 cum
617 1102 674 1164 hac
689 1104 765 1162 alla:
783 1104 854 1164 :Gli
869 1107 928 1163 enti
944 1103 1023 1164 llnitl
1037 1121 1111 1163 sono
1130 1105 1223 1164 l¹eute
1238 1105 1333 1165 ideale

235 1227 272 1272 ,ι
295 1201 449 1261 reallzzato
468 1204 499 1260 lo
520 1217 560 1260 aa
575 1201 664 1260 modo
682 1200 767 1260 linito
782 1218 798 1260 e
812 1201 956 1277 limitato,
971 1217 988 1260 e
1007 1200 1062 1260 bio
1082 1201 1184 1260 iareee
1203 1201 1220 1260 e
1237 1202 1333 1262 l’eute

258 1324 272 1350 ι
296 1298 388 1358 ldeale
401 1299 553 1358 realbaato
565 1301 833 1374 plenissimameute
846 1301 870 1356 ².
886 1323 898 1350 υ
913 1297 1018 1358 Nonne
1031 1300 1098 1374 quls
1111 1299 1219 1359 exinde
1233 1307 1333 1375 posset

254 1396 362 1457 laierre
374 1413 427 1456 ens
443 1396 516 1455 lllud
536 1396 629 1455 ldeale
642 1397 916 1470 indeterminatum,
931 1397 1011 1473 qued
1025 1411 1077 1470 per
1098 1411 1129 1454 ee
1149 1395 1332 1455 abstractum

254 1501 285 1554 et
303 1500 468 1568 separatum
489 1509 508 1552 a
529 1492 615 1552 rebus
633 1492 861 1552 subsistentibus
881 1507 945 1552 etse
963 1493 1088 1568 dleltur,
1108 1493 1332 1569 concipiendum

254 1607 318 1651 asae
332 1597 366 1650 ut
380 1590 491 1666 allquld
508 1590 702 1665 impersonale
719 1596 748 1648 et
768 1587 960 1666 indifferens,
972 1590 1052 1666 quod
1072 1595 1172 1665 aptum
1187 1591 1226 1649 sit
1238 1587 1333 1648 deter-

253 1689 361 1746 minari
379 1693 409 1745 et
428 1685 626 1762 personilleari
648 1689 677 1744 ln
693 1687 754 1747 Deo
773 1695 803 1746 et
822 1690 987 1748 creaturis?
1007 1688 1087 1746 ldem
1108 1688 1212 1746 iaierri
1231 1695 1333 1762 posset

254 1800 291 1844 er
316 1785 353 1843 ils
375 1799 453 1858 qaae
475 1785 591 1859 saeplaa
616 1785 767 1859 lacalcat,
794 1787 932 1844 nimirum
958 1785 1054 1844 ldccm
1080 1785 1161 1844 lllam
1187 1783 1243 1844 sab
1268 1800 1332 1844 uuo

255 1886 374 1956 aspectu
393 1895 457 1939 esse
475 1886 624 1958 meatem,
644 1882 701 1941 sub
721 1882 780 1942 allo
803 1887 899 1941 auum
926 1883 1106 1956 increatam3
1127 1881 1206 1958 quod
1226 1897 1278 1956 per
1298 1897 1333 1940 se

254 1978 314 2039 buc
334 1977 489 2038 adduceret
502 1985 536 2038 ut
548 1986 700 2039 creatorae
712 1984 742 2038 et
754 1978 832 2038 Deus
853 1993 912 2037 nou
932 1978 1017 2038 aliter
1030 1979 1252 2056 distinguantur
1272 1981 1330 2039 uisi

254 2083 289 2137 ut
307 2075 367 2136 duo
385 2075 493 2136 diversi
515 2083 649 2152 aspectus
669 2077 799 2136 eiusdem
819 2077 973 2135 realitatls.

314 2175 394 2237 llaec
415 2177 445 2234 vi
468 2177 654 2255 systematis,
683 2181 833 2253 tamquam
854 2173 1059 2251 deductiones,
1082 2172 1242 2236 derivanda
1268 2189 1332 2235 esse

255 2272 328 2333 mibi
342 2275 406 2333 visa
420 2281 502 2333 sunt.
518 2272 579 2333 Alii
597 2280 700 2333 contra
718 2274 875 2349 opinantur
892 2272 930 2332 ab
950 2272 997 2333 bis
1018 2272 1142 2333 macalls
1154 2273 1331 2347 doctrinam,

255 2370 293 2429 de
312 2370 546 2447 qualoqulmur,
568 2372 728 2429 immunem
748 2386 823 2429 esse.
845 2369 993 2429 Sententia
1011 2384 1099 2445 penes
1117 2372 1261 2445 sapientes
1278 2372 1328 2428 sit.

255 2468 317 2547 ligo
338 2470 386 2529 bic
406 2486 481 2546 quae
496 2468 668 2545 sentiebam,
691 2464 864 2543 exponenda
883 2468 1063 2543 existimavi,
1078 2465 1116 2527 ad
1136 2472 1246 2525 mentes
1263 2464 1331 2527 ado

204 2642 208 2647 ι
255 2568 426 2629 leseeutium
450 2584 468 2627 a
490 2582 673 2643 quocumque
695 2564 811 2625 errandi
837 2563 966 2641 periculo
988 2562 1172 2623 muniendas.
1196 2562 1330 2621 mrum

256 2666 330 2725 mibi
349 2664 522 2742 persuadeo,
537 2663 678 2742 quidquid
697 2666 737 2723 sit
754 2662 791 2722 de
810 2662 940 2739 legitima
959 2662 1132 2721 deductione
1152 2658 1257 2719 borum
1278 2656 1330 2717 ab·

256 2755 425 2841 surdorum,
442 2778 478 2824 ea
498 2778 518 2822 a
537 2768 634 2822 mente
650 2761 807 2821 clarissimi
830 2759 965 2821 Auctorls
988 2764 1099 2819 remota
1120 2757 1207 2834 plane
1229 2755 1330 2815 luisse.

660 2956 843 3016 barrenses
872 2954 924 3013 lll.

558 3156 737 3218 Ideoltrmas
755 3154 1028 3218 buosceudeolalls.

321 3360 389 3411 tat.
412 3348 586 3411 ideallsmus
605 3346 865 3409 transcendeutalis
886 3346 1011 3407 seualle
1031 3345 1148 3403 nomiae
1168 3340 1333 3401 rationalis·
1425 3390 1426 3395 ,

256 3468 323 3511 mus
336 3450 498 3528 absolutus,
515 3452 566 3526 qul
582 3455 735 3525 tantopere
748 3454 859 3507 mentes
873 3446 1011 3523 agitavit,
1028 3445 1059 3502 iu
1080 3442 1237 3502 Germania
1250 3454 1332 3517 prae

257 3552 357 3609 sertim
382 3557 412 3609 et
428 3548 536 3626 Gellia,
560 3554 648 3626 atque
667 3562 769 3607 omues
791 3548 964 3605 recentiores
988 3542 1185 3603 ralionalistas
1210 3542 1332 3615 peperit,

256 3646 396 3707 Kantinm
423 3654 453 3707 et
473 3646 577 3706 Flcbte
599 3645 655 3705 sibl
680 3644 810 3703 vindicat
832 3648 975 3702 auctores.
1001 3642 1113 3701 Horum
1137 3634 1262 3714 proinde
1282 3651 1333 3711 sy·
1422 3652 1423 3655 ¹

257 3750 395 3822 stemate,
415 3761 469 3823 pro
492 3746 534 3803 rel
553 3742 732 3819 celebritate,
751 3740 840 3818 paulo
861 3739 1035 3817 explicatius
1061 3734 1271 3797 describemus.

319 3984 328 4024 t
347 3977 441 4025 lluouo
456 3976 547 4039 suppio
560 3937 734 4037 sull'ou'plue
749 3970 818 4023 delle
834 3968 890 4021 idea
906 3983 954 4021 sea.
973 3972 1001 4031 l,
1018 3982 1040 4018 e.
1059 3976 1083 4018 a.

318 4056 459 4107 tfllortoo.
478 4055 495 4105 l.
514 4062 542 4115 t,
559 4068 581 4103 c.
600 4060 639 4114 ³2,
657 4065 712 4115 pag.
724 4058 779 4103 ott.
