2892 4425
449 393 527 438 utus
548 394 667 439 auum
686 409 699 427 ·
720 394 940 440 HYCEMMIA
1175 393 1229 446 105

215 503 305 579 Rusp.
329 501 409 561 ilaec
430 501 554 561 obiectio
567 501 770 563 contusionem
793 503 933 564 subaudit
951 505 1145 581 simplicitatis
1164 526 1231 571 cum

155 601 370 678 spiritualitate,
384 605 414 660 et
434 599 510 659 laha
522 601 724 660 atomistarum
738 600 851 662 theoria
867 603 969 661 nititur
982 603 1061 662 eirca
1074 619 1228 680 corporum

154 698 308 758 eletueuta.
332 698 367 755 in
393 698 495 771 primis
516 699 608 773 euim,
627 697 700 772 quid
718 703 818 758 nostra
834 699 955 758 interest
975 701 1000 758 sl
1025 704 1163 762 materiae
1187 705 1232 762 in·

154 800 225 853 suut
242 795 432 869 proprietates
449 793 618 869 simplices?
634 794 749 854 Exinde
764 809 824 852 nou
840 794 921 854 aliud
938 795 1040 854 iulerri
1060 803 1156 872 potest
1175 802 1231 860 nisi

154 894 186 950 tu
206 893 330 951 materia
348 906 408 950 nou
427 907 491 950 csse
510 891 603 950 solam
625 893 790 968 materiam,
809 907 860 951 seu
879 891 1039 952 realitatem
1062 901 1230 973 extensam3

154 988 208 1048 sed
227 991 258 1048 in
278 1003 313 1047 ea
333 991 454 1048 omniuo
469 991 587 1063 agnosci
607 995 742 1064 oportere
760 990 935 1063 principium
957 989 1076 1066 aliquod
1094 993 1230 1068 simplex,

155 1093 307 1146 semesum
321 1091 351 1144 et
363 1084 572 1161 determinans,
585 1085 665 1160 quod
679 1085 838 1144 molecuias
853 1083 923 1145 selu
947 1085 1093 1147 soliditate
1115 1095 1145 1148 et
1165 1093 1229 1149 uni·

154 1189 216 1242 tete
241 1182 342 1256 doum,
369 1183 575 1257 actionumque
598 1197 674 1258 quae
695 1185 725 1240 in
747 1181 807 1241 iliis
831 1182 1066 1255 maniieslantur,
1090 1187 1129 1245 sit
1151 1185 1228 1248 tous.

156 1281 190 1340 id
213 1285 310 1340 autem
335 1283 434 1354 aperte
457 1277 610 1338 mouimus
636 1281 666 1337 lu
689 1279 874 1355 Gusmoiugia
899 1278 936 1338 de
961 1279 1109 1342 elementis
1132 1299 1231 1362 corpo-

155 1393 222 1438 mm
243 1376 417 1436 nascentes
438 1379 461 1434 ¹.
486 1375 572 1436 liade
596 1375 670 1436 haec
695 1375 857 1435 diiileuitas
892 1381 995 1436 neutra
1015 1365 1277 1453 simplieitatem

154 1477 245 1536 animi
259 1481 391 1549 respectu
412 1476 505 1533 nostri
520 1489 597 1533 vana
611 1481 658 1533 est
676 1479 706 1533 ot
719 1472 827 1533 iutilia.
847 1471 888 1533 ilt
911 1475 1007 1550 onim,
1028 1477 1097 1550 quia
1125 1479 1155 1537 iu
1168 1495 1230 1539 cor-
1381 1477 1385 1484 '

154 1570 275 1649 poribus
296 1575 368 1632 suut
392 1573 584 1646 proprietates
608 1570 737 1647 aliquae,
766 1585 842 1646 quae
861 1570 1076 1647 simplicitatem
1101 1575 1229 1651 aliquam

96 1721 100 1727 .
155 1667 328 1743 includunt,
345 1667 447 1727 inferri
472 1667 558 1728 debet
576 1668 616 1727 ibi
639 1683 699 1728 non
727 1685 791 1728 esse
811 1669 904 1728 solam
925 1673 1124 1730 extensionem
1141 1674 1230 1733 moie-

153 1766 300 1842 cuiarum,
318 1765 369 1825 sed
385 1768 504 1840 insuper
523 1768 584 1824 uim
601 1765 730 1842 aliquam
751 1766 942 1843 primitivam,
965 1783 1042 1842 quae
1061 1771 1229 1830 eammdem

119 1910 124 1921 .
153 1865 302 1924 audouum
323 1864 363 1922 sit
378 1864 566 1939 principium:
582 1865 627 1922 sie
638 1879 658 1923 a
670 1863 788 1922 fortiori
803 1864 833 1920 in
848 1865 1001 1941 sentiente,
1018 1867 1155 1940 quoniam
1171 1881 1231 1928 nou

154 1961 243 2021 modo
262 1959 371 2020 adsunt
387 1961 517 2020 actiones
533 1961 694 2037 simplices,
711 1959 764 2019 sed
786 1961 916 2019 octonas
936 1961 1098 2036 quaelicet
1118 1979 1170 2040 per
1187 1964 1230 2025 di·

153 2073 240 2118 versa
258 2073 370 2135 organa
393 2064 593 2133 exerceantur,
614 2055 654 2118 sd
673 2071 768 2116 unum
788 2063 887 2116 umen
910 2055 1043 2133 idemque
1068 2058 1231 2120 subiectum

98 2216 109 2237 ,
130 2218 137 2229 ,
153 2155 332 2231 referunturq
349 2153 454 2215 deduci
468 2153 553 2214 debet
566 2155 663 2215 inesse
676 2155 733 2231 ipsi
751 2154 924 2230 puucipium
942 2152 1060 2231 aliquod
1076 2165 1147 2215 tera
1160 2159 1230 2216 sim·

153 2254 284 2331 plicitate
305 2260 335 2314 et
351 2254 464 2313 unitate
485 2250 669 2329 praeditum,
689 2250 769 2328 quod
794 2252 825 2310 iu
844 2252 966 2310 materia
981 2249 1099 2327 quidem
1121 2254 1161 2312 sit
1180 2252 1231 2312 sed

45 2378 54 2391 ·
154 2354 277 2413 mateda
295 2368 356 2411 uou
375 2354 426 2412 sit.
448 2351 483 2411 id
505 2366 592 2409 omne
611 2349 830 2427 simplieitatem
850 2349 976 2425 respitii.
1007 2346 1047 2407 At
1066 2364 1122 2409 uos
1148 2364 1230 2425 prae·

3 2449 14 2537 ζ
79 2521 84 2525 ,
152 2456 233 2510 terea
250 2448 516 2509 demonstrauimus
531 2448 767 2524 spiritualitatem
786 2446 889 2521 animi,
912 2460 971 2503 uua
992 2460 1028 2503 ex
1045 2444 1231 2521 simplicitate

153 2544 206 2605 sed
228 2560 266 2605 ex
285 2545 492 2621 spiritualitate
505 2548 653 2605 aedanum
677 2559 752 2620 quas
768 2543 818 2602 ilie
831 2540 920 2618 elicit,
944 2546 1047 2601 eontra
1062 2556 1150 2617 quam
1172 2544 1232 2602 iue-

153 2650 207 2720 pta
224 2646 344 2703 omnino
367 2650 437 2703 suut
450 2642 584 2719 exempla
603 2644 713 2702 uirium
732 2642 874 2700 materiae
886 2656 960 2716 quas
974 2638 1075 2699 obiicit
1087 2638 1229 2716 Voltairu3

153 2741 212 2800 irae
229 2743 308 2800 euim
329 2748 407 2800 certe
426 2756 446 2800 a
465 2742 586 2800 materia
606 2740 781 2816 dependent·
793 2740 825 2797 iu
847 2737 1005 2814 operando.
1222 2738 1225 2746 '

213 2835 309 2898 Otiic.
330 2838 371 2897 il.
387 2837 435 2898 Sic
447 2840 608 2914 generatim
624 2842 777 2913 opponunt
791 2835 1008 2895 maternitate.
1027 2835 1084 2909 Qui
1098 2832 1231 2895 animum

153 2940 188 2995 ut
201 2935 394 2995 substantiam
408 2934 570 3010 simplicem
583 2938 613 2992 et
629 2932 810 3010 spiritatiem
825 2948 843 2991 a
857 2933 980 2992 materia
994 2934 1114 2991 omnino
1126 2930 1230 2991 distin·

152 3037 232 3092 ctam
250 3035 382 3107 tuentur,
394 3029 426 3089 iai
445 3046 506 3090 rem
520 3032 679 3106 quamdam
698 3031 810 3089 nuuiui
825 3036 925 3089 uotam
938 3046 1014 3106 quae
1026 3026 1231 3105 comprehendi

153 3128 319 3205 cognitione
345 3133 470 3205 nequeat
496 3144 598 3188 reuera
622 3128 791 3187 adstruunt.
820 3127 919 3201 Quare
938 3143 1002 3186 eam
1028 3143 1079 3203 per
1101 3128 1231 3203 negatio

152 3240 206 3284 nes
226 3224 339 3300 aliquas
358 3223 521 3285 describere
540 3230 695 3301 coguntur,
720 3226 830 3283 aientes
852 3239 915 3282 eam
941 3240 1005 3283 esse
1030 3226 1230 3298 inostensam,

152 3321 348 3399 indiuiduam,
370 3324 470 3383 sensui
489 3340 551 3381 nou
575 3322 745 3397 obnoxiam,
772 3326 835 3380 sine
863 3320 970 3397 ligura,
992 3323 1055 3380 sine
1073 3326 1172 3397 mutu,
1192 3318 1232 3379 ab

151 3420 277 3509 aliisque
302 3420 526 3497 proprietatibus
552 3420 582 3480 id
608 3436 700 3497 genus
727 3418 859 3478 liberam.
884 3414 972 3477 Nulla
998 3420 1087 3494 igliur
1108 3434 1178 3479 vera
1202 3424 1232 3477 et
1365 3444 1369 3453 ·

151 3524 233 3578 certa
244 3523 286 3597 eta
293 3520 422 3595 positiva
434 3520 472 3578 iis
489 3517 641 3577 vocabulis
656 3532 701 3575 rea
712 3516 823 3591 subest,
838 3518 894 3574 nisi
906 3515 983 3575 forte
1008 3516 1126 3575 nomine
1139 3516 1229 3574 animi

151 3615 276 3692 intelligi
297 3616 368 3676 velit
387 3600 452 3692 ipsa
465 3616 587 3675 materia
606 3612 719 3673 induite
739 3618 899 3671 attenuata.

212 3712 302 3790 aean.
330 3713 444 3774 idcirco
466 3712 504 3773 ab
520 3711 697 3772 adversariis
716 3713 833 3770 animus
856 3714 890 3768 ut
912 3724 958 3769 res
978 3710 1138 3786 incognita,
1156 3723 1232 3783 quae

66 3884 79 3907 ⁹
152 3814 218 3889 capi
241 3820 391 3889 nequeat,
412 3811 547 3902 hebetum
565 3812 637 3887 quia
649 3810 681 3867 hi
702 3808 833 3869 bominis
846 3806 1049 3868 excellentiam
1065 3824 1083 3866 a
1102 3822 1134 3865 se
1152 3802 1231 3864 aladi-

212 4021 551 4085 summaquense.
