2892 4425
459 364 537 424 ruris
557 379 662 423 estur
682 392 695 407 ·
715 376 915 423 oosncsoerr
1190 374 1228 425 rs

146 503 228 556 turus
241 508 309 553 enm
323 489 439 551 duobus
459 488 697 566 praecedentibus
716 490 863 565 suscipere
877 494 983 565 potest.
1002 488 1089 563 Quod
1108 490 1226 565 quidem

148 594 187 654 ad
206 592 324 652 ocuium
346 596 446 665 patet,
467 591 492 647 si
520 590 578 647 trin
597 586 741 647 elementa
764 588 966 662 concipiantur
993 594 1028 646 ut
1045 594 1155 663 puncta
1179 606 1228 649 ex·

147 699 240 751 nemu
261 689 438 765 argutorum
461 686 602 761 triangnii
626 684 791 743 cuiusdam.
823 684 857 742 in
881 700 916 743 eo
928 696 931 704 ·
943 687 1020 743 enim
1048 700 1085 745 ex
1111 701 1229 747 emesan
1300 704 1304 711 ·

148 804 321 864 recessuque
340 792 393 846 aut
412 784 569 843 inflexione
588 783 777 842 dextrorsum
801 782 845 841 uei
869 785 1070 842 sinistrorsum
1097 787 1228 846 cuiusuis

146 886 358 958 extremitatis,
372 898 425 941 seu
439 880 558 957 angoti,
576 896 686 938 nouum
704 876 851 939 condatur
863 879 1057 955 triangulum
1072 896 1139 939 eum
1161 881 1230 940 inde
1315 948 1320 967 ι

149 1000 263 1059 sempep
287 983 437 1041 varientur
456 978 557 1055 unguii
583 983 614 1036 et
632 978 757 1037 interium
779 976 941 1037 collocatio.

209 1080 288 1156 Ergo
305 1086 339 1138 ut
358 1093 452 1153 neum
468 1075 656 1151 probabilitas
677 1076 775 1149 uigeat
792 1090 845 1150 pro
859 1074 1052 1149 dispositione
1075 1076 1173 1152 aitqua
1193 1076 1231 1135 ad

149 1179 303 1239 arbitrium
327 1176 536 1249 determinata,
561 1171 693 1231 inunitae
714 1170 930 1231 exhauriendas
950 1178 1020 1232 sunt
1041 1175 1230 1234 variationes.

148 1277 189 1337 lii
209 1276 348 1353 quoniam
368 1288 501 1349 quaeque
519 1272 642 1330 montio
664 1271 785 1329 tustami
810 1271 948 1345 temporis
971 1270 1136 1347 respondet,
1156 1286 1233 1331 noua

149 1374 306 1433 seueritas
326 1372 520 1446 requireretur
541 1368 579 1427 nd
599 1366 975 1428 babeodmieoiiooationeu
998 1384 1099 1429 omnes
1124 1385 1160 1431 ex
1182 1374 1234 1430 tri·

150 1472 219 1547 piiei
234 1470 377 1529 elemento
391 1466 552 1544 possibiles.
569 1466 667 1541 Quare
682 1468 712 1524 iu
728 1480 763 1527 ee
780 1464 950 1542 bypotbesi,
965 1466 1036 1525 dum
1056 1469 1234 1544 semplicmo

150 1569 290 1643 temporis
311 1565 467 1625 interuaiio
489 1564 558 1624 iiiae
579 1579 681 1623 omues
700 1565 877 1623 camedones
901 1564 1080 1641 expientur,
1104 1582 1179 1641 quae
1201 1567 1238 1625 in

150 1663 266 1724 duobus
280 1663 430 1723 elementis
448 1660 551 1721 baberi
569 1668 708 1737 possuat;
729 1677 781 1738 per
799 1676 906 1722 nouam
925 1662 1012 1722 aiinm
1032 1667 1234 1725 aetermtntam

152 1764 309 1823 undecies
326 1760 393 1820 iiiae
409 1760 599 1846 complendae
615 1765 728 1835 essem,
742 1776 817 1837 quae
836 1776 873 1819 ex
889 1762 1014 1839 singuiis
1031 1765 1233 1839 superioribus

151 1878 218 1922 eum
232 1862 318 1921 tertio
331 1858 460 1935 quodam
478 1858 622 1918 elemento
634 1872 791 1935 exsurgere
808 1865 942 1934 possum.
958 1858 991 1917 id
1009 1876 1089 1937 vero,
1105 1868 1139 1921 ιιι
1156 1865 1238 1938 quis·

152 1974 210 2035 que
232 1956 332 2033 uidet,
348 1955 533 2016 mnniioetam
551 1955 607 2014 sibi
627 1955 759 2031 implicat
781 1958 1018 2033 repugnantiam.
1035 1957 1120 2017 Hauc
1138 1960 1237 2035 itaque

153 2061 188 2115 ut
208 2070 326 2131 mucan,
347 2053 535 2113 statuendum
546 2052 607 2111 tibi
626 2055 682 2112 erit
702 2054 866 2113 necessario
885 2059 951 2128 post
969 2056 1168 2139 aeternitatem
1194 2058 1237 2115 ia·

153 2159 255 2214 mum
270 2152 466 2227 diuersorum,
482 2153 513 2209 in
528 2148 636 2228 quibus
647 2149 845 2227 dispositurae
859 2165 960 2209 omnes
982 2148 1097 2209 duobus
1115 2151 1238 2210 eiemcu·

153 2253 194 2310 tis
214 2249 421 2326 respondentes
447 2255 577 2310 tentatam
600 2250 680 2324 sint,
703 2247 851 2308 infinitam
876 2263 1026 2323 superesse
1050 2247 1238 2322 probabilita-

154 2354 228 2424 tem,
241 2363 306 2424 seu,
320 2354 353 2406 nt
368 2348 529 2418 adremarii
545 2346 660 2421 dieunt,
673 2345 877 2405 certitudinem
897 2351 998 2404 contra
1013 2344 1236 2405 determinatam

154 2445 331 2521 positionem
348 2461 384 2504 ex
403 2447 489 2504 tertio
509 2442 674 2504 babendum
693 2443 848 2526 elemento.
865 2443 902 2503 Ει
920 2442 1156 2520 quidem-adhue
1174 2461 1238 2520 per-

155 2548 272 2602 stamus
295 2543 325 2599 iu
345 2541 457 2619 tribus3
480 2541 554 2618 quid
575 2558 666 2618 vero,
687 2543 712 2600 si
734 2547 871 2618 quamam
894 2541 1071 2601 clementum
1091 2540 1240 2606 addatur?

155 2639 188 2700 st
204 2640 365 2716 omniomi
386 2639 416 2700 Si
436 2642 577 2700 sextum?
595 2639 625 2700 Si
645 2641 777 2700 carentia
795 2639 938 2699 numero?
956 2639 1059 2715 Inepta
1077 2641 1168 2716 igitur
1188 2639 1239 2699 iiia

156 2735 328 2812 hypothesis
348 2740 528 2799 contrarium
547 2741 635 2814 eius,
655 2738 734 2816 quod
754 2737 895 2798 atbeiaiaa
914 2737 1041 2813 uuiaet,
1067 2736 1190 2815 probat,
1215 2740 1241 2796 si

157 2835 228 2911 quid
247 2834 363 2912 probet.

569 3034 754 3097 Aurenses
775 3035 829 3094 iv.
941 3067 945 3075 ·

335 3230 443 3290 Prima
460 3230 567 3291 mundi
584 3249 675 3293 cnam
697 3233 762 3294 siin
783 3251 843 3294 ease
865 3251 923 3295 aaa
941 3238 1062 3313 potuit,
1124 3231 1127 3236 ’

613 3340 671 3401 nini
691 3341 782 3403 Deae.

222 3525 269 3576 it.
295 3517 440 3578 Mundum
467 3537 557 3580 eausa
582 3522 681 3598 eliqua
705 3522 868 3599 indiguisse
892 3522 1043 3600 uidimus3
1071 3529 1184 3601 restat,
1213 3530 1247 3583 ut

158 3614 275 3691 qualem
299 3633 364 3676 eam
386 3617 490 3678 baberi
509 3617 613 3679 decent
632 3621 791 3680 videndum
815 3623 865 3682 sii.
889 3621 986 3698 Atque
1010 3637 1069 3699 quo
1092 3621 1249 3682 dilucidior

158 3713 335 3790 breviorque
356 3717 465 3776 evadat
487 3717 683 3794 disceptatio,
709 3735 774 3778 eam
797 3735 856 3778 nou
880 3722 1026 3797 agitamus
1048 3722 1077 3777 in
1101 3719 1248 3780 eideieute

158 3811 287 3888 quodam
308 3812 404 3872 medio
429 3815 623 3893 rotgando,
648 3817 727 3892 quod
748 3819 832 3894 quasi
857 3821 1039 3878 interiectum
1059 3817 1170 3893 aiiquid
1196 3833 1247 3892 per

162 3909 301 3970 virtutem
318 3915 488 3986 asupreoia
507 3929 598 3973 eausa
614 3919 763 3990 receptam
777 3915 918 3976 muudum
933 3914 1097 3975 condiderit
1111 3913 1154 3988 (id
1163 3917 1246 3972 euim

158 4004 215 4066 boe
233 4007 299 4066 ioco
314 4014 417 4068 nostra
443 4026 501 4070 nou
524 4011 676 4089 interest),
698 4011 749 4071 sed
767 4015 966 4090 quaestionem
987 4010 1191 4080 transierimus
1209 4009 1247 4067 ad
