2892 4425
432 339 509 428 cena
531 383 649 427 nerano
672 399 683 412 ·
707 385 923 432 macedonem
1161 381 1216 434 iii

137 498 200 552 cet..
217 489 403 568 Excogitavit
424 493 452 550 ia
474 498 605 567 ayelema
627 490 798 554 idertiiaiia
822 492 995 568 meamne,
1021 509 1080 571 quo
1102 498 1218 557 animno

137 589 175 652 ab
196 591 341 665 unguenta
362 587 596 665 eubleedrlsmi,
616 591 646 648 in
666 606 754 666 quem
774 607 793 650 a
811 590 914 652 Flehte
932 593 1081 652 coniectus
1101 593 1217 671 inerat,

135 685 317 760 liberaretur,
336 688 448 762 radone
466 685 641 754 individuali
657 690 688 748 in
708 688 905 748 universalem
923 703 1075 750 conversa.
1091 691 1139 750 Ad
1157 707 1219 768 per·

137 786 298 859 ceptionem
312 799 382 844 uero
403 783 492 844 hcine
511 787 637 848 rniiooir
655 784 835 846 ffloerrulir
853 790 883 848 el
900 785 1063 862 absolutor,
1085 805 1160 865 quaa
1172 791 1217 848 ln·

93 901 98 908 ·
136 878 221 940 linita
242 882 375 942 realitate
394 888 553 958 mutaret,
573 889 603 946 ct
620 885 652 944 in
670 899 742 959 nna,
767 886 847 944 omni
868 876 1042 946 utre-onte
1057 892 1219 962 commem,

136 978 301 1040 subiectum
319 985 349 1038 et
370 978 517 1042 obortum
539 995 631 1040 unum
650 980 785 1056 idemque
806 986 921 1056 meent,
943 996 997 1042 noa
1015 982 1100 1042 evehi
1120 984 1219 1042 emti·

137 1077 231 1134 mavit
251 1077 406 1136 intuitione
430 1076 558 1152 quodam
582 1077 792 1150 intellectuali,
811 1092 887 1152 qnae
907 1079 999 1138 aciem
1024 1080 1218 1138 muniendae

137 1171 310 1235 elaberctm.
331 1173 408 1234 llice
430 1172 541 1236 ionum
560 1173 664 1237 habui
685 1174 817 1234 decrerit
836 1175 987 1250 uideoque
1007 1174 1118 1234 ordlnla
1138 1175 1216 1236 odie·

137 1272 211 1331 etioi
232 1275 262 1330 et
283 1270 458 1344 remmom,
484 1270 576 1332 reoiir
598 1276 630 1334 ct
653 1270 761 1332 ideoio
773 1291 785 1345 ‚·
807 1271 936 1348 qmbua,
963 1279 1114 1348 umqum
1139 1287 1218 1332 com·

137 1383 225 1428 mune
242 1367 439 1443 substratum,
456 1368 619 1428 subiaceret
634 1367 821 1430 lienem
838 1370 932 1444 Nam,
949 1371 1033 1428 iuxta
1049 1367 1215 1446 schelling,

136 1460 381 1540 quemadmodum
405 1466 503 1528 ocium
520 1466 692 1528 absolutum
714 1482 782 1526 ecre
806 1466 883 1528 rerdc
905 1473 972 1542 cot,
996 1473 1093 1528 cetera
1118 1472 1215 1526 autern

136 1563 254 1623 nonulli
276 1562 496 1637 phaenomena,
521 1578 650 1639 quorum
675 1562 865 1626 subsistantia
888 1571 919 1626 et
941 1564 1059 1624 realitm
1081 1562 1218 1624 obuoluto

137 1660 202 1733 ipso
225 1661 409 1734 conductum
431 1663 475 1718 aie
495 1659 664 1720 aduolutum
691 1667 736 1718 eat
760 1659 855 1736 illud,
878 1659 957 1735 qnod
977 1663 1093 1736 proprie
1113 1675 1164 1736 per
1185 1677 1218 1720 re

135 1757 333 1832 cognoscitur,
354 1757 466 1832 reliquo
483 1763 581 1816 antem
599 1759 717 1816 nonnisi
737 1773 788 1832 per
811 1757 979 1816 relationem
999 1753 1149 1833 adipsum
1171 1760 1216 1817 in·

137 1853 323 1934 teiligrmtum

197 1949 238 2010 tlt
255 1955 346 2026 patet,
363 1951 513 2029 schelling
529 1952 744 2027 philosophiam
762 1950 799 2011 ab
815 1952 967 2011 ldeaiiamo
987 1968 1060 2027 puro
1079 1952 1116 2012 ad
1134 1954 1217 2012 reall-

136 2064 233 2110 smnm
249 2048 585 2125 moneodanum
599 2049 703 2110 melina
716 2052 812 2124 ipsum
826 2048 1010 2110 idcailamum
1023 2066 1042 2110 a
1056 2049 1215 2110 eubicetlvo

137 2150 169 2208 ln
185 2147 363 2208 obieetiruro
375 2154 557 2208 convertero.
580 2145 726 2224 Seqnutm
743 2153 789 2206 eet
806 2147 909 2223 llegel,
928 2149 979 2223 qni
998 2149 1149 2223 utriusque
1166 2162 1215 2225 ey·

137 2248 269 2305 amuda
290 2261 420 2322 pugnem
444 2261 595 2305 remomre
617 2253 742 2308 conatur
765 2252 811 2307 eet
838 2260 1004 2321 novamque
1030 2246 1217 2305 mndncarit
1295 2288 1300 2297 .

136 2342 312 2418 murinam,
332 2358 409 2418 qnae
429 2342 516 2403 ambo
535 2342 586 2403 illa
609 2344 705 2407 amico
724 2342 816 2413 velam
840 2340 955 2401 loedere
974 2342 1153 2403 conciliaret.
1169 2342 1215 2403 lo

137 2441 358 2517 intelligentiam
378 2444 478 2516 ltaque
492 2440 755 2505 considerationem
776 2442 934 2515 revocarit,
954 2442 983 2498 ln
1007 2454 1099 2516 ecque
1121 2440 1216 2499 ideam

137 2539 297 2613 gweradm
310 2545 459 2615 acceptam
475 2539 688 2614 contemplatur
698 2546 755 2615 cet,
767 2554 855 2614 qum
870 2554 937 2599 eum
953 2537 1083 2599 realitate
1096 2540 1215 2596 commi·

137 2637 216 2695 acuit
231 2650 380 2712 unumque
395 2636 477 2698 iecit.
498 2638 597 2709 Quare
616 2638 837 2711 pronuntiatum
857 2634 932 2695 illud
952 2650 1004 2709 pm
1024 2632 1215 2695 tenimento

137 2748 209 2794 anae
231 2733 429 2809 pltocpotee
446 2736 613 2796 conofltnit:
644 2749 744 2793 reram
766 2732 928 2793 realitatem
951 2733 1068 2791 muniri
1087 2733 1119 2791 ln
1143 2746 1213 2789 con·

137 2837 223 2905 cepta
241 2846 315 2905 puro
331 2833 486 2906 contineri,
501 2846 665 2907 purumque
684 2835 858 2906 conceptam
874 2829 1028 2889 domitant
1041 2844 1141 2889 terem
1155 2844 1217 2889 ecee

138 2929 311 2988 reeiitotcm.
329 2929 476 3002 Quocirca
496 2932 559 2989 eius
581 2931 727 2989 micetio
744 2927 820 3003 idea,
838 2942 906 2987 cnm
926 2926 963 2986 ab
984 2929 1062 2988 omrll
1082 2926 1217 2986 deterrui·

138 3032 209 3085 nate
230 3025 344 3086 mucio
366 3032 397 3085 et
414 3025 548 3087 melmin
566 3034 721 3101 crocatur,
740 3042 791 3087 een
816 3040 883 3085 cnm
908 3031 1057 3101 lemqnnm
1081 3027 1218 3101 cogitndo

138 3139 213 3198 pura
229 3130 259 3184 ct
274 3124 478 3199 imperaonulla
495 3126 641 3199 onmitcr3
657 3126 754 3199 ipsum
767 3138 821 3185 ene
837 3123 1004 3185 cominiu-
1023 3128 1052 3183 et
1068 3121 1217 3181 luidoltnm

138 3220 276 3296 mmet,
293 3228 381 3283 caira
398 3222 479 3298 quod
503 3222 575 3283 nihil
599 3228 654 3283 cot.
683 3221 767 3283 lianc
791 3236 878 3297 porro
899 3221 1024 3297 logicam
1049 3220 1238 3281 adsumtio-¹

138 3334 207 3377 rtem
229 3322 382 3381 mentio
398 3320 580 3397 quiousoem·
593 3319 732 3394 donarit,
756 3321 786 3379 ri
806 3334 931 3395 quornm
949 3318 1001 3403 iiia
1024 3334 1054 3377 se
1072 3318 1221 3379 erolverei

137 3422 169 3475 et
184 3416 394 3479 determlnmet
412 3417 605 3478 multifariam
627 3416 664 3479 cd
687 3416 827 3478 mnndum
846 3422 876 3477 et
893 3417 1088 3499 cognitionem
1112 3414 1219 3491 produ·
1341 3402 1349 3412 '

137 3512 280 3587 cendam3
297 3528 335 3573 ae
358 3515 388 3571 ri
410 3514 498 3575 huioe
516 3520 671 3590 pnpetnce
691 3516 932 3588 commatratione
949 3514 1129 3573 -actuatinnie
1149 3528 1219 3571 con·

137 3610 290 3668 arandam
309 3613 358 3669 eui
378 3618 407 3671 et
427 3613 663 3686 perronellmrem
679 3611 854 3685 acquireret.
868 3609 964 3686 Atque
979 3610 1050 3670 haee
1064 3610 1135 3687 duo,
1145 3626 1221 3687 quae

137 3708 263 3766 malerei
280 3708 383 3768 turbae
399 3712 583 3783 excitarunt,
604 3710 737 3768 incultae
757 3706 886 3767 anideict
908 3724 925 3766 e
947 3714 991 3767 tot
1014 3708 1219 3773 transcenden-

137 3801 246 3862 tclibno
265 3806 485 3882 systematlboe,
502 3821 577 3883 qnae
592 3810 660 3882 post
678 3806 833 3880 Raetiam,
853 3812 940 3881 prout
954 3821 1098 3883 quemque
1117 3808 1219 3883 imagi·
1322 3860 1325 3866 .

137 3902 267 3959 catinulo
290 3909 389 3962 neotus
413 3904 563 3981 rapiebat,
589 3902 789 3963 incredibilem
814 3906 843 3961 ln
866 3902 984 3963 modum
1009 3904 1037 3961 in
1060 3902 1216 3961 Germania

138 3996 335 4071 pullularunt.
