2892 4425
569 387 645 431 nias
666 386 771 431 rarus
1168 378 1203 431 ti

185 501 261 563 Vera
279 504 370 578 igitur
390 498 588 559 emolumenta
604 498 748 557 sennonis
772 496 821 556 bis
838 498 1047 557 maturatur:
1072 496 1099 557 i.
1117 495 1206 559 Prae·

127 606 258 676 tarqaam
278 598 357 676 quod
370 597 409 657 ad
423 596 502 655 ideas
516 594 777 655 communicandas
790 596 944 671 inserviat,
964 610 1002 653 ae
1016 594 1139 670 proinde
1157 611 1206 656 va·

126 697 179 757 iuti
199 695 350 757 vineolam
370 696 410 755 sit
428 694 596 768 societatis,
615 691 778 751 intellectui
801 692 950 770 subvenit,
968 699 1114 769 qnatenus
1140 693 1207 754 loeo

125 794 361 871 phantasmatum
383 792 472 852 verba
493 797 527 850 ut
544 794 629 866 signa
649 790 798 849 sensibilia
819 792 851 849 ln
871 794 1080 867 imaginatione
1099 790 1207 851 substi-

124 893 190 951 tult.
216 890 255 949 ll.
284 890 442 949 Memoriae
463 888 624 963 opitulatur
645 888 682 946 ad
705 888 787 946 ideas
811 887 899 947 semel
923 889 1038 948 babitas
1064 887 1207 948 ravoean‘·

125 987 189 1047 das.
217 988 271 1045 ill.
297 986 406 1045 biantis
424 987 612 1065 attentionem
638 984 703 1061 ilgit
725 985 892 1061 detinetque
913 988 944 1043 in
967 986 1101 1063 oblecto,
1126 987 1208 1063 qnod

125 1084 282 1160 exprimit,
308 1097 383 1158 quae
408 1097 492 1139 secus
520 1082 558 1140 ad
588 1082 646 1140 alia
668 1082 895 1159 contemplanda
917 1086 1016 1141 statim
1042 1090 1202 1157 raperetur.

126 1179 178 1239 lV.
199 1178 307 1237 Mentis
326 1178 443 1253 opiileia
462 1185 628 1253 conservat,
652 1178 812 1255 alliditque,
831 1186 866 1239 ut
887 1180 938 1237 illa
959 1187 1116 1255 postquam
1137 1194 1205 1239 eon·

125 1277 322 1351 templationis
343 1291 413 1335 suae
432 1282 533 1351 partus
547 1276 697 1337 vocabulis
715 1280 861 1353 scriptam
881 1280 1010 1336 exaratis
1028 1276 1068 1335 ad
1084 1278 1208 1337 retinen

125 1372 196 1433 dam
209 1372 372 1449 tradiderit,
393 1375 490 1433 solnta
502 1377 582 1434 euris
600 1373 638 1433 ad
652 1390 731 1433 nova
744 1375 922 1450 speculanda
940 1377 1059 1450 impuno
1071 1372 1207 1451 progredi

126 1473 227 1545 possit.
252 1471 315 1530 liae
338 1467 521 1546 potissimum
541 1472 683 1531 utilitates
705 1488 723 1530 a
745 1488 879 1531 sermone
899 1471 1099 1530 inhominem
1119 1470 1208 1547 proii-

126 1568 293 1643 discuntur,
313 1574 436 1644 ceterae,
457 1584 570 1644 quasa
593 1570 743 1629 nonnuliis
756 1572 880 1628 nimiam
895 1575 1123 1645 exaggerantur,
1143 1570 1209 1629 sina

126 1662 317 1725 fundamento
336 1672 495 1741 ponuntur,
517 1672 546 1725 et
564 1668 663 1725 animo
680 1666 810 1725 humano
829 1672 900 1726 sant
918 1666 1063 1725 dedecori.

185 1760 318 1837 lienique
334 1760 372 1821 ad
386 1761 467 1821 dotes
479 1762 618 1838 loquendi
632 1763 710 1839 qnod
724 1766 840 1839 attinet,
855 1778 952 1822 sermo
964 1766 1003 1823 sit
1014 1764 1203 1841 perspicuae,

128 1862 269 1933 usitatas,
288 1858 401 1933 breair,·
418 1876 476 1919 non
490 1877 525 1919 ea
537 1866 634 1920 tamen
651 1860 805 1935 beatum,
820 1876 881 1937 qua
897 1859 1048 1919 obsenrior
1063 1860 1209 1919 sententia
1332 1875 1349 1903 κ

128 1956 196 2034 iiat3
217 1957 269 2016 sed
285 1972 336 2033 ea,
350 1974 439 2034 quam
458 1960 512 2017 rite
531 1958 685 2034 descripsit
699 1958 832 2035 Tullius,
850 1956 900 2018 nbi
918 1960 1015 2034 inquit
1034 1957 1208 2017 brevitatem

128 2057 331 2133 appellandam
345 2074 407 2117 esse
421 2073 488 2116 anm
508 2057 630 2117 verbam
646 2057 760 2117 nullam
779 2057 935 2132 redundat,
951 2057 996 2116 rel
1010 2070 1079 2115 enm
1092 2062 1209 2116 mamm

129 2156 285 2218 uerborum
303 2162 364 2234 ast,
384 2162 526 2234 quantum
547 2170 664 2216 neomse
683 2162 729 2215 est
750 2158 772 2215 ¹.

541 2351 726 2409 Maroneus
745 2350 799 2408 lll.

312 2546 357 2606 lte
373 2547 505 2606 terminis
521 2561 681 2624 romaeque
690 2545 906 2625 partitionibus
920 2551 951 2606 et
962 2561 1031 2606 uss.

192 2746 222 2797 s.
245 2736 392 2815 Nomina,
417 2743 505 2813 prout
530 2739 758 2814 propositionem
784 2744 985 2813 componunt,
1012 2740 1132 2798 termini
1159 2754 1210 2816 ap-

130 2837 276 2914 pellantur
300 2853 318 2898 a
344 2835 544 2913 terminanda,
571 2843 727 2914 propterea
748 2837 845 2914 qnod,
865 2844 900 2896 at
917 2837 1056 2896 observat
1072 2837 1108 2896 b.
1129 2836 1209 2896 Tbo·

130 2950 215 3012 mss,
235 2935 452 3013 quodammodo
475 2939 699 3014 propositionem
722 2935 973 2996 olranmsoribant.
998 2935 1211 3011 Propositionis

129 3035 230 3110 enlm,
250 3041 286 3094 ut
307 3033 421 3094 dieetm
445 3033 587 3110 interius,
608 3039 665 3095 tria
684 3042 753 3095 sunt
772 3035 938 3095 elementa:
959 3034 1145 3108 summram,
1162 3039 1211 3093 at·

132 3129 275 3192 imbutum
287 3173 298 3207 ,
325 3131 443 3209 rapam.
469 3133 532 3192 Iam
556 3149 625 3192 aero
648 3133 813 3193 subiratum
836 3140 866 3193 et
887 3131 1066 3192 attributam
1090 3134 1210 3191 nomina

129 3231 272 3305 quaedam
291 3236 378 3307 sunt,
395 3245 471 3306 qnae
492 3233 522 3288 vi
543 3233 664 3306 copulae
684 3247 736 3290 seu
757 3231 935 3291 substantivi
955 3231 1037 3290 verbi
1055 3245 1139 3304 rurs,
1162 3245 1209 3304 er,

129 3329 193 3400 ert,
219 3329 345 3387 invieem
363 3328 550 3388 affirmantur
571 3335 622 3388 aut
644 3335 799 3406 negantur,
823 3335 853 3388 et
871 3330 1099 3405 propositionem
1119 3327 1212 3387 relati

126 3425 267 3500 sapim,
296 3411 505 3502 clauduntqua.
531 3427 672 3503 Exemplo
699 3431 740 3486 sit
766 3429 856 3486 istaes
882 3429 1065 3503 propositio:
1092 3427 1212 3484 auiam

131 3525 178 3580 est
195 3521 342 3598 simplem
365 3526 396 3583 in
418 3539 489 3601 qna,
509 3532 542 3584 ut
566 3527 718 3603 perspicis,
742 3527 865 3584 nomina
890 3525 1010 3585 orriam
1029 3530 1060 3584 et
1085 3521 1214 3601 sapia

131 3621 323 3678 terminorum
348 3636 466 3682 munera
493 3621 668 3700 iunguntur,
690 3629 720 3682 at
737 3639 789 3700 per
807 3623 942 3699 eopulsm
964 3627 1008 3682 ert
1028 3628 1131 3683 mutuo
1154 3621 1214 3681 ool·

132 3717 274 3794 ligantur.

192 3815 349 3875 Terminus
374 3814 464 3876 tribui
486 3825 605 3893 potest:

193 4033 201 4072 i
220 4027 255 4076 De
267 4029 336 4076 orat.
350 4027 395 4077 lib.
411 4035 434 4077 2.
