2892 4425
199 297 258 350 28²
527 298 768 347 mimulos!
788 297 949 346 dmum

197 411 377 492 etymologia
389 407 612 488 vocabulorum,
624 409 740 470 obiecta
753 411 840 471 etiam
855 408 1020 486 spiritualia
1034 407 1285 488 significantium

197 512 409 572 derivationem
428 525 542 586 semper
561 509 692 584 aliquam
711 507 867 583 patefaciet
886 523 905 566 a
924 507 1011 567 rebus
1029 506 1227 568 sensibilibus.

256 610 388 684 Demque
414 607 489 668 baec
514 609 659 668 mamutio
685 612 829 668 coemunt
854 613 976 666 naturae
1004 605 1176 682 humanae,
1201 623 1285 684 quae

197 709 359 784 composita
377 711 441 781 eat,
455 713 486 766 et
504 711 621 766 onustat
638 706 745 780 spiritu
765 705 918 765 materiam
937 703 1128 765 informante.
1151 705 1197 764 Ex
1217 722 1283 782 quo

175 807 310 889 *eruitur
328 803 408 881 qnod
426 806 453 864 si
472 819 578 879 corpus
594 801 633 862 ad
647 802 757 862 bouum
778 802 870 862 animi
890 801 1020 862 ordinari
1036 801 1134 879 debet,
1148 807 1283 880 cognitio

196 903 400 964 intellectualis
418 918 436 963 a
454 901 586 964 sensibili
600 901 718 962 initium
731 906 830 962 sumat
849 916 968 960 necesse
980 906 1037 960 est.
1053 899 1141 960 Saeua
1154 903 1186 960 iu
1199 917 1283 961 com·

117 1018 120 1022 ⁸
196 1009 329 1063 mentum
354 1001 485 1062 Platonis
509 1000 715 1076 incideremus,
734 1000 909 1076 explicantia
931 1001 1067 1060 eumaem
1087 1001 1180 1060 ammi
1208 1015 1282 1060 cern

197 1116 319 1177 corpere
338 1115 389 1176 per
409 1115 533 1175 poenam
554 1098 672 1159 amieria
691 1098 730 1158 ab
755 1101 854 1158 suino
873 1104 1008 1174 separato
1029 1081 1161 1158 admisi.
1188 1097 1281 1158 Prae·

197 1206 278 1261 terea
297 1202 324 1259 si
343 1201 419 1259 ratio
438 1198 570 1258 bumana
589 1205 636 1257 est
652 1198 699 1256 vis
714 1182 895 1257 intellectiva
911 1198 944 1256 iu
962 1199 993 1255 vi
1016 1197 1180 1272 sensitiva3
1197 1195 1282 1255 obie-

198 1304 280 1357 ctum
298 1299 356 1373 ipsi
376 1296 554 1372 respondeus
567 1295 730 1355 debetaese
747 1294 931 1372 intelligibile
943 1293 1062 1372 ullpuod
1081 1297 1113 1352 lu
1132 1293 1279 1356 amslbili.

196 1395 284 1468 Quod
302 1397 448 1470 sapienter
466 1394 593 1454 advertit
618 1391 652 1452 S.
672 1392 803 1452 'ihomas
823 1395 977 1469 inquiens:
999 1393 1131 1468 opmotio
1151 1407 1280 1469 propor-

64 1534 69 1543 .
200 1492 334 1550 tioaotar
352 1489 461 1550 viriati
480 1494 510 1548 et
528 1493 694 1566 essentiam
714 1489 930 1551 intellectivam
954 1493 1055 1552 onim
1080 1489 1207 1552 bommb
1232 1497 1281 1551 est

197 1590 231 1646 in
250 1589 408 1661 semidam·
428 1591 459 1646 et
477 1586 543 1647 iden
558 1591 685 1665 proprio
703 1591 838 1666 operatio
856 1591 919 1650 civo
938 1594 983 1650 est
1002 1588 1168 1668 inlellipere
1188 1569 1279 1650 intel·

199 1683 333 1762 lipidila'n
352 1687 387 1746 s'n
399 1683 666 1762 plmnamoaom
690 1689 715 1746 ¹.

554 1882 811 1944 Aauscnuus
841 1885 922 1945 viii.

587 2082 634 2142 De
655 2082 886 2145 universalibus.

260 2282 329 2335 itt.
351 2274 398 2335 lis
418 2276 466 2352 iis,
486 2291 562 2353 quaa
580 2276 738 2352 explanata
757 2283 837 2353 sunt,
861 2274 946 2337 facilc
966 2277 1121 2337 raeolvltur
1139 2276 1275 2341 abstrusa

196 2373 248 2434 illa
265 2376 399 2450 quaestio
413 2377 492 2435 circa
510 2376 697 2435 melantiam
711 2374 936 2451 universalium,
951 2391 1027 2451 puae
1047 2382 1196 2452 tantopere
1212 2376 1276 2452 pbi-

196 2470 332 2549 iosopims
350 2474 522 2549 exagitavit.
543 2472 718 2531 Brevissima
738 2478 767 2532 et
782 2471 909 2533 dilucide
927 2488 1003 2550 quae
1016 2473 1054 2533 ad
1071 2476 1165 2549 ipsam
1185 2477 1275 2550 perii·

195 2577 269 2631 nent
280 2570 477 2646 expediemus.
493 2569 565 2629 ldea
577 2569 754 2629 universalis
766 2586 802 2629 ea
815 2577 871 2647 ast,
885 2586 961 2647 quaa
975 2588 1034 2631 nou
1047 2572 1276 2631 determinatum

195 2674 226 2728 et
242 2675 410 2729 concretum
430 2666 618 2727 individuum
638 2667 915 2745 repraesentatem
933 2668 1124 2743 quidditstem
1143 2670 1274 2745 aliquam

73 2748 81 2764 ⁶
194 2765 233 2826 ab
253 2769 290 2826 lis
309 2765 506 2843 abstractam,
527 2782 579 2826 seu
600 2768 743 2825 rabonem
763 2783 852 2826 unam
873 2766 1073 2843 eamdemque,
1093 2782 1170 2843 quae
1189 2784 1208 2827 a
1226 2784 1275 2843 pe-

194 2863 299 2923 culiari
316 2867 502 2924 concretione
522 2866 709 2941 praescindit,
728 2872 816 2940 atque
836 2864 900 2925 ideo
922 2864 1042 2925 attribui
1062 2880 1115 2939 per
1129 2880 1161 2923 se
1179 2871 1275 2939 point

196 2960 335 3020 omnibns
354 2960 515 3021 individuis
532 2960 595 3020 dati
615 2962 768 3021 cniusdam
788 2963 902 3038 generis
918 2962 963 3021 vel
985 2963 1103 3038 speclei.
1124 2962 1275 3023 Eiusmodi

195 3058 276 3136 idea,
291 3064 326 3119 ut
345 3064 441 3134 patet,
459 3058 662 3119 diversissima
676 3066 723 3118 ast
739 3076 760 3119 a
772 3060 942 3136 collectiva3
955 3059 1101 3136 siquidem
1118 3062 1274 3121 ιοιιιιιιιιιι

194 3160 316 3219 omniuo
334 3155 554 3217 characteribus
567 3158 733 3217 instruitur.
754 3158 830 3218 llam
845 3158 911 3219 idea
930 3159 1083 3220 collectiva
1096 3176 1150 3235 pro
1160 3150 1275 3219 oblecto

195 3255 285 3316 babet
304 3253 416 3332 aliquid
429 3257 636 3330 compositum,
651 3262 731 3316 cerm
751 3272 872 3317 numero
893 3257 1046 3317 delinitum
1059 3264 1089 3317 et
1106 3256 1273 3343 individua·

194 3354 304 3412 donem
325 3351 492 3429 includens3
514 3360 618 3413 contm
648 3354 716 3415 idea
744 3356 919 3415 universalis
944 3356 1207 3417 individuatinnem
1232 3354 1274 3413 ab

195 3449 309 3511 obiecto
321 3458 468 3529 removet,
481 3455 720 3529 compositionem
741 3454 872 3514 excindit
888 3460 918 3514 et
934 3453 972 3513 sd
991 3453 1108 3514 indulte
1120 3452 1274 3517 individua

196 3642 261 3699 tp„
273 3648 298 3699 q.
312 3639 352 3699 iti,
369 3636 442 3688 arii
462 3637 493 3688 ad
512 3646 535 3689 a.
553 3642 676 3703 itemque:
695 3659 708 3685 α
730 3638 844 3703 cogruitlo
862 3640 924 3707 Dei,
944 3640 977 3691 ad
995 3653 1071 3704 quam
1086 3638 1161 3690 bomo
1178 3640 1275 3689 natura·

195 3734 209 3759 n
226 3715 283 3766 liter
299 3718 426 3781 pervenire
441 3720 529 3782 polest,
546 3722 584 3771 est
600 3722 629 3771 ul
643 3724 776 3783 cognoseat
795 3720 877 3784 ipsum
893 3734 937 3785 per
958 3722 1063 3771 termam
1083 3720 1273 3783 intelligibilem,

194 3815 209 3839 ι
225 3810 289 3861 qnae
310 3798 402 3850 lumine
420 3796 561 3851 intellectus
575 3801 669 3864 agentis
690 3803 730 3851 eal
748 3814 763 3850 a
782 3800 938 3852 sensibilibus
957 3801 1088 3853 abstraola.
1104 3820 1116 3845 n
1133 3802 1159 3853 S.
1172 3804 1274 3851 inesse

196 3880 354 3934 Quaestione
371 3878 405 3931 de
425 3882 578 3944 cognitione
593 3880 754 3944 ingelerium
773 3893 796 3931 u.
810 3887 834 3933 t.
1149 3904 1151 3907 ·

255 3965 264 4007 ι
280 3961 348 4009 Loci.
363 3967 377 4009 ι
391 3960 415 4010 in
429 3960 473 4010 lib.
488 3963 525 4011 De
536 3963 665 4012 memmio
678 3963 704 4010 et
716 3962 929 4028 liam-inlacessita.
