2892 4425
240 383 300 436 200
571 387 811 433 universim
830 388 990 434 mcum

238 505 283 560 ste
303 470 501 576 consequitur.
528 484 603 556 Nam
625 501 739 574 sipost
765 500 894 574 corporis
916 497 1137 558 dissolutionem
1160 515 1322 563 mamurus

239 602 285 657 est
301 599 430 672 animos,
449 602 645 656 consentanea
660 596 716 655 eibi
737 598 917 672 operatione,
935 612 1011 672 quae
1030 599 1061 658 in
1085 599 1241 675 cogitando
1259 601 1321 660 sita

239 700 296 771 eet,
313 693 430 753 viduari
445 695 558 770 nequit
579 693 717 768 Operatio
737 696 827 768 enim,
848 701 881 754 ut
901 693 958 754 lert
976 695 1112 773 elidum,
1130 699 1318 757 exssmntlam

238 793 381 871 sequitur,
403 791 489 852 etad
507 793 571 852 cios
590 791 787 851 conditionem
806 792 1054 854 accommodatur.

298 890 363 950 Hoc
380 891 565 966 potissimum
585 889 690 964 elucet,
708 892 735 950 si
752 903 896 964 quaenam
919 892 1060 966 cogitatio
1081 897 1204 952 naturae
1224 895 1317 951 animi

238 990 278 1048 sit
296 990 424 1047 maxime
445 990 564 1065 propria
587 987 799 1048 consideretur.
822 973 898 1047 Nam
922 1003 981 1047 uon
1002 989 1089 1048 modo
1111 1005 1250 1049 sensuum
1274 1007 1316 1050 re·

239 1087 453 1163 praesentatio,
472 1101 548 1162 quae
567 1101 605 1145 ex
625 1087 823 1161 impressione,
834 1087 865 1144 ln
884 1089 1003 1162 organis
1020 1085 1101 1146 lecte
1116 1086 1239 1162 pendet,
1255 1091 1316 1146 ani

238 1200 322 1246 mum
337 1184 447 1261 altlclt3
464 1199 566 1244 uerum
585 1187 673 1244 mam
690 1199 787 1246 rerum
805 1189 868 1244 tum
884 1199 1088 1260 corporearum
1106 1191 1168 1244 turo
1188 1187 1316 1246 marimo

238 1299 298 1344 non
317 1297 522 1359 corporearum
542 1285 745 1359 conceptiones
764 1281 939 1357 iudiciaque,
956 1298 1031 1358 quea
1049 1283 1183 1342 sensilem
1203 1282 1313 1344 nullam

174 1369 178 1378 ’
239 1383 398 1458 imaginem
417 1379 473 1438 sibi
492 1380 655 1454 implicent.
676 1380 771 1438 lmmo
791 1393 861 1438 vero
879 1381 910 1438 ln
928 1377 975 1438 his
990 1379 1152 1456 oogltandis
1171 1381 1313 1440 marimo·

238 1494 308 1555 pere
327 1478 464 1536 aetivitas
484 1476 646 1552 explicatur
662 1477 804 1551 humane,
826 1475 864 1534 ad
888 1491 1010 1552 samque
1026 1479 1177 1536 scientiam
1197 1491 1314 1552 compa·

239 1573 362 1634 randam
380 1575 498 1632 animes
515 1573 769 1633 vehementissimo
789 1589 889 1634 amore
907 1573 1061 1649 pellicitur.
1073 1573 1246 1634 Huiusmodi
1261 1590 1313 1634 au·

237 1677 297 1731 tem
315 1669 494 1730 intellectiva
510 1673 652 1746 operatio,
674 1677 708 1731 ut
726 1687 814 1746 saepe
833 1671 975 1747 diximus,
991 1670 1103 1731 nullam
1124 1673 1313 1732 intrinsecam

238 1765 457 1842 dependentium
478 1767 518 1825 ab
539 1771 657 1845 organis
673 1769 774 1846 hebet,
794 1769 846 1828 sed
867 1768 930 1828 sola
950 1771 1101 1828 activitata
1121 1771 1211 1829 enimi
1229 1785 1312 1830 exer·

237 1870 329 1925 cetur.
352 1864 437 1937 Quod
455 1867 480 1925 sl
501 1881 591 1942 nunc,
605 1865 676 1925 dum
697 1869 814 1926 animus
832 1869 946 1942 corpori
967 1868 1140 1926 coniunctus
1158 1873 1216 1943 est,
1230 1883 1313 1926 mens

238 1963 478 2038 imaginationem
503 1978 618 2038 semper
641 1963 841 2041 pedissequam
865 1970 895 2023 et
916 1965 1002 2040 quasi
1030 1963 1233 2024 administram
1255 1964 1312 2024 sibi

236 2059 387 2135 vindicet3
411 2057 468 2119 hoc
494 2075 553 2119 non
574 2061 762 2120 intrinsecam
782 2059 1027 2136 dependendam,
1046 2061 1097 2120 sed
1117 2063 1313 2120 extrinsecam

236 2163 352 2218 mutum
377 2159 532 2235 importat3
556 2174 610 2218 nec
632 2159 872 2237 excogitationis
891 2161 954 2219 eius
973 2165 1079 2219 natura
1099 2157 1150 2219 sed
1171 2173 1313 2235 ex-prae·

237 2258 314 2316 send
338 2261 417 2317 statu
444 2259 561 2316 unionis
588 2256 720 2317 resultat.
750 2257 886 2334 Cogoltlo
909 2259 1005 2332 enlm,
1032 2260 1165 2335 quaein
1192 2256 1313 2318 obiectis

236 2368 316 2413 mere
342 2354 573 2432 intelligibilibus
597 2362 753 2432 uersatur,
778 2357 908 2431 eorporis
931 2358 1165 2415 coniunctionem
1185 2356 1216 2413 vi
1242 2370 1313 2415 suae

235 2457 359 2512 naturae
377 2468 437 2511 non
457 2453 597 2528 postulat.
621 2452 702 2526 Quae
724 2454 802 2511 enim
824 2468 912 2513 causa
937 2455 1068 2529 ratioque
1093 2452 1170 2512 hauc
1190 2454 1312 2512 neamal-

103 2559 105 2562 ’
235 2556 326 2610 tatem
351 2550 481 2610 alliciens
501 2550 626 2627 proferri
648 2552 767 2626 posset?
787 2551 870 2611 Certe
891 2551 975 2627 haec,
998 2566 1198 2627 quaecumque
1216 2550 1312 2627 linga·

235 2653 296 2724 tur,
314 2648 471 2724 repetenda
486 2654 561 2708 esset
577 2664 613 2707 er
632 2648 801 2708 conditione
822 2655 874 2707 aut
889 2647 1012 2708 subiecti
1030 2654 1082 2707 ant
1101 2647 1217 2725 obiecti,
1232 2648 1312 2724 quod

235 2747 400 2821 attingitur.
424 2746 537 2805 liorem
563 2750 661 2805 autem
685 2745 760 2804 nihll
787 2746 878 2805 assem
903 2746 1061 2821 pmdenter
1083 2751 1187 2823 potest.
1211 2744 1312 2806 Suble-

179 2910 182 2916 ,
236 2848 316 2902 ctum
331 2846 409 2901 enim
426 2843 463 2902 ad
479 2844 623 2903 eiusmodi
639 2846 835 2921 cognitionem
850 2842 1020 2904 eliciendam
1038 2842 1076 2903 ab
1088 2842 1229 2902 muenia
1247 2858 1311 2903 cor·

236 2954 307 3015 pore
330 2938 518 2999 determinari
545 2956 605 3000 non
633 2948 726 3017 eget:
755 2940 897 3018 siquidem
920 2957 1025 3017 eorpus
1049 2942 1166 3001 nonnisi
1192 2940 1230 2999 ed
1255 2956 1312 3017 ea,

235 3052 312 3113 quae
334 3036 536 3113 complectitur
562 3053 694 3115 quaeque
718 3040 780 3099 suls
806 3038 951 3099 adiunctis
976 3045 1006 3100 ct
1030 3040 1108 3099 notis
1133 3038 1310 3115 adstringit,

235 3134 428 3197 demrminare
442 3142 554 3213 potast3
569 3138 699 3213 cognitio
719 3144 817 3197 autom
839 3136 1042 3197 intellectualis
1062 3150 1233 3213 corporeum
1248 3152 1310 3196 am·

237 3231 302 3292 bitu
321 3237 443 3294 omnino
463 3239 581 3310 superat
601 3240 631 3294 et
650 3250 669 3294 a
688 3237 837 3311 corporeis
856 3233 1070 3294 conditionibus
1093 3240 1137 3293 est
1157 3233 1243 3309 plene
1262 3248 1311 3293 ve·

237 3346 303 3390 cua.
326 3332 361 3390 ln
383 3332 514 3393 subiecto
535 3334 625 3411 igitur
647 3335 804 3393 necessitas
824 3331 875 3391 illa
894 3348 952 3391 noo
976 3334 1061 3391 inest.
1084 3330 1140 3391 Sed
1159 3346 1253 3407 neque
1268 3346 1310 3419 ¹eu

235 3436 319 3505 parte
335 3430 441 3489 obiecti
461 3433 583 3509 cogitari
604 3438 708 3509 potest.
734 3428 855 3491 Obiecta
877 3431 955 3489 enim
975 3427 1226 3505 contemplationis
1248 3428 1311 3487 eiua

235 3527 295 3587 alla
314 3529 346 3586 in
368 3528 454 3591 rebus
473 3546 533 3590 nou
549 3533 695 3607 corporeis
715 3532 811 3606 posita
833 3536 923 3605 sunt,
945 3528 1002 3588 ella
1026 3529 1222 3603 incorporeis
1250 3526 1312 3602 qoi-

234 3624 313 3701 dem,
334 3634 366 3686 at
380 3642 440 3686 non
458 3628 620 3688 secundnm
638 3642 791 3704 corporeas
810 3628 953 3703 imagines
969 3623 1169 3685 consideratis.
1191 3623 1237 3683 Ex
1253 3638 1312 3699 quo

235 3724 386 3783 cantitat
409 3740 502 3801 nequo
523 3726 634 3784 ratione
654 3723 733 3783 modi
755 3738 814 3800 quo
834 3722 980 3783 obiectum
1001 3724 1106 3799 adlegi
1129 3720 1237 3797 debet,
1260 3738 1310 3781 ne·

236 3823 357 3881 cessitas
376 3823 534 3882 iunctionis
551 3822 631 3882 illius
647 3828 796 3899 appareat.
815 3821 959 3899 Cogitatio
974 3822 1050 3880 enim
1068 3818 1237 3879 huiusmodi
1252 3835 1312 3878 non

236 3934 375 3996 corporea
396 3900 447 3981 eut
466 3920 565 3980 sensili
586 3919 686 3997 aliqua
706 3921 970 3995 repraesentatione
990 3916 1155 3995 perficitur,
1171 3916 1222 3976 sed
1242 3932 1311 3977 oon·

237 4018 366 4091 ceptione
388 4024 503 4078 tantum
530 4021 635 4076 mentis
659 4022 690 4076 et
713 4017 832 4076 iudicio.
857 4017 950 4075 Immo
974 4032 1044 4076 vero
1069 4017 1094 4073 si
1118 4020 1312 4090 repraesenta-
