2892 4425
561 352 637 396 Fssb'
657 352 775 395 anum

546 556 730 621 Arriconus
750 558 789 617 ii.
886 603 889 612 ,

494 761 539 820 De
555 759 679 822 radordi
693 758 841 820 discursu.

189 962 242 1014 46.
263 952 311 1012 nd
327 967 374 1028 aa,
390 967 467 1029 quae
484 951 651 1012 immediate
665 967 724 1011 non
745 957 856 1027 patant,
871 951 1003 1012 discursu
1023 957 1142 1014 rationis
1160 972 1205 1016 os·

128 1055 291 1130 surgimus,
304 1050 391 1110 modo
407 1066 475 1110 corn
489 1052 526 1110 iis
544 1067 618 1129 qnae
635 1050 804 1110 immediate
821 1051 1004 1127 percepimus
1020 1052 1115 1130 iogico
1127 1070 1204 1116 nexu
1240 1055 1244 1065 '

128 1151 313 1228 copulentur,
333 1151 473 1208 nimirum
496 1152 538 1209 ita
559 1156 594 1209 ιιι
612 1149 686 1209 haec
696 1153 782 1208 ‘veru
807 1163 870 1208 csse
892 1157 1058 1226 nequeant,
1077 1153 1136 1212 nisi
1155 1152 1206 1214 iiia

127 1251 218 1308 mam
235 1263 305 1308 vera
325 1248 395 1306 sint.
416 1245 466 1306 Sic
484 1254 640 1324 conspecto
660 1246 782 1323 mundo,
803 1246 841 1305 de
858 1245 912 1305 Dei
933 1249 1086 1306 existentia
1100 1253 1207 1333 certio·

128 1363 176 1406 rea
189 1345 348 1421 efficimur,
361 1350 506 1422 quatenus
519 1344 721 1404 ratiocinando
733 1347 938 1422 cognoscimus
953 1359 1011 1404 non
1027 1359 1111 1422 posse
1123 1362 1207 1406 mun·

128 1446 201 1506 dum
214 1451 328 1519 extare,
341 1446 399 1505 nisi
411 1449 492 1504 extet
508 1441 624 1504 Artifex
638 1445 689 1520 qui
705 1444 801 1519 ipsum
815 1443 988 1504 condiderit.
1002 1443 1078 1504 iiiuc
1091 1447 1207 1506 ratioci-

129 1545 213 1604 natto
226 1557 335 1618 magno
349 1543 417 1602 usui
433 1542 465 1602 in
480 1541 603 1602 ωιειιιιι
614 1555 677 1600 esse
690 1539 779 1617 solet,
794 1557 853 1602 uon
872 1543 1060 1617 animaliter,
1075 1545 1132 1602 nisi
1145 1545 1208 1604 dus

127 1641 310 1702 adminicuio
332 1647 454 1702 naturas
478 1655 597 1715 rerum,
618 1641 782 1717 principia,
801 1629 913 1700 cauom
926 1641 1112 1719 detegimus,
1139 1659 1206 1704 cum

129 1741 248 1800 nonnisi
269 1738 470 1816 phaenomena
489 1743 521 1798 et
536 1737 660 1798 eiiectrs
681 1736 766 1796 nobis
786 1738 951 1799 immediate
975 1741 1205 1800 mauiiestantor.
1319 1795 1322 1804 .

128 1839 195 1912 Quo
212 1843 312 1899 autem
330 1834 576 1918 artidctoiudicia
588 1835 702 1912 disponi
717 1835 824 1895 debent
843 1843 877 1895 nt
892 1839 1001 1896 veritas
1018 1853 1078 1898 una
1098 1855 1134 1900 ex
1150 1839 1208 1899 aiia

129 1937 286 2012 inferatur,
306 1949 382 2012 quae
401 1934 520 2012 ramice
540 1932 702 1994 mutandae
721 1936 803 2011 sint,
825 1941 897 2011 quot
916 1936 988 1995 vitta
1005 1937 1156 2014 carendo,
1178 1939 1208 2000 id

127 2051 218 2096 omne
230 2037 262 2094 iu
276 2033 428 2094 dialectica
440 2032 662 2110 explicavimus.
673 2033 729 2093 liic
740 2033 839 2110 aitqua
852 2040 966 2093 tantum
977 2033 1123 2112 addimus,
1133 2053 1209 2114 quae

130 2133 219 2192 huius
236 2131 325 2192 medii
346 2132 520 2218 cognitionis
540 2131 693 2190 ciariomm
715 2133 849 2192 notitiam
868 2131 1008 2217 efficiant.

189 2238 242 2291 47.
264 2229 349 2291 idem
361 2231 529 2305 pmnuusis
542 2232 702 2290 ammttens
715 2232 816 2307 nquit
831 2246 888 2289 non
904 2234 1038 2291 ostentui
1051 2232 1210 2293 couciusto-

129 2330 180 2405 ui,
200 2342 277 2404 qnae
292 2344 330 2387 ex
346 2327 406 2387 iiiia
421 2330 504 2389 iuxta
522 2328 632 2405 logicae
648 2329 763 2405 reguiaa
781 2327 941 2388 derivatur.
958 2329 1032 2389 Cum
1052 2332 1129 2389 enim
1143 2347 1211 2390 con-

129 2426 225 2487 elusio
246 2428 277 2485 in
296 2426 462 2502 praemissis
480 2428 683 2503 conducatur,
701 2428 727 2485 si
752 2442 835 2485 meus
855 2442 1006 2486 assensum
1027 2426 1173 2487 cohiberet
1193 2446 1212 2489 a
1261 2465 1267 2492 ι

130 2526 330 2601 conclusione,
345 2538 434 2601 quam
453 2530 520 2585 actu
536 2524 651 2585 derivat
665 2540 685 2584 a
700 2526 851 2600 principiis
865 2526 952 2583 certia
969 2531 999 2583 et
1015 2524 1211 2601 euidentibus,

129 2639 152 2683 a
169 2639 239 2682 vero
257 2621 385 2683 evidenti
405 2621 560 2699 refugeret.
582 2622 646 2682 Hoc
667 2630 765 2695 annm
785 2628 888 2681 contra
910 2623 973 2685 eius
994 2629 1130 2686 naturam
1155 2631 1209 2685 est.

130 2720 193 2780 Nec
209 2722 243 2781 in
261 2721 314 2779 tait
327 2722 494 2796 operatione
506 2722 622 2779 animus
640 2720 703 2780 iaiii
721 2719 779 2780 dici
797 2726 903 2797 potest,
918 2722 975 2780 nisi
994 2723 1134 2781 rationem
1152 2736 1211 2781 non
1268 2695 1273 2719 ⁴

129 2834 194 2878 rasse
216 2820 372 2895 rationem,
383 2833 484 2895 pugna
499 2824 705 2895 conceptuum,
720 2820 818 2893 inepto
836 2824 981 2895 putemus.
998 2819 1035 2878 lit
1053 2834 1124 2879 sane
1144 2836 1214 2897 quo·

129 2915 220 2975 modo
234 2915 313 2975 eiiiei
327 2922 425 2992 posset
443 2921 478 2977 ut
496 2932 591 2992 mens,
609 2920 732 2977 servatis
755 2917 947 2977 ratiocinandi
965 2918 1085 2995 regulis,
1100 2920 1130 2977 iu
1148 2918 1212 2979 iiia·

129 3015 211 3076 ttone
225 3013 397 3075 deducema
412 3012 585 3090 decipiatur,
601 3016 628 3074 si
644 3015 736 3075 iiiutio
753 3022 870 3091 propter
887 3022 1011 3075 amenas
1024 3017 1211 3091 praemissas,

128 3113 163 3170 in
184 3111 294 3188 quibus
320 3111 565 3187 convotvcbutar,
585 3119 696 3171 asserta
716 3114 775 3171 iam
797 3120 864 3187 est,
885 3129 938 3172 noc
954 3096 1034 3173 atiud
1054 3113 1214 3191 quidquam

129 3212 282 3285 exprimit,
299 3211 357 3269 nisi
376 3212 483 3269 mentis
502 3209 533 3270 id
553 3209 688 3269 distincte
706 3211 883 3286 pervideritis
901 3212 1061 3271 intuitum?
1079 3212 1215 3273 Proiecto

129 3322 214 3367 error
233 3313 265 3366 et
288 3306 419 3382 deceptio
431 3324 502 3381 nou
526 3308 610 3367 adter
630 3307 702 3384 tingi
725 3298 841 3384 potest,
865 3311 931 3369 nisi¹
948 3316 1072 3371 mentem
1094 3314 1124 3370 in
1143 3310 1215 3388 ipsis

129 3404 299 3463 iudicandis
324 3406 490 3479 praemissis
514 3421 626 3466 errasse
653 3413 800 3481 ponatur3
829 3407 906 3482 quod
932 3415 1073 3484 quanmm
1098 3424 1116 3468 a
1138 3412 1214 3469 veri·

56 3524 61 3529 ·
129 3508 193 3563 tate
209 3502 342 3561 discedat
358 3504 507 3578 superiore
522 3501 646 3563 articuio
664 3504 775 3563 dictum
800 3510 853 3563 est.
876 3504 924 3564 Ad
942 3522 1001 3566 rem
1020 3506 1050 3566 S.
1066 3506 1213 3567 Thomas:

133 3582 293 3660 Gertitrrdc
305 3603 447 3660 scientius
466 3606 529 3663 toto
541 3603 637 3665 entur
650 3618 689 3662 etc
702 3602 880 3663 certitudine
889 3606 1117 3682 principiorum.
1136 3606 1217 3666 Tarne

130 3702 213 3759 enim
227 3689 428 3761 conclusionne
441 3716 496 3777 per
508 3699 717 3761 certitudinem
730 3702 876 3776 sciuntur,
891 3702 1011 3779 quondo
1029 3702 1217 3763 resotrnrntnr

131 3799 168 3855 in
187 3799 341 3875 prinnpio
359 3799 382 3855 ¹.
406 3796 447 3856 Ut
465 3804 563 3857 autem
583 3799 786 3862 ratiocinando
812 3800 961 3861 conoiusio
983 3803 1037 3861 rite
1061 3802 1216 3876 inseratur,
1341 3788 1348 3797 ’

197 4016 204 4056 r
221 4010 346 4070 ducatio
357 4008 391 4059 de
402 4012 572 4061 amicant.
590 4018 610 4060 t.
