<?xml version="1.0" encoding="UTF-8"?>
<!DOCTYPE html PUBLIC "-//W3C//DTD XHTML 1.0 Transitional//EN"
    "http://www.w3.org/TR/xhtml1/DTD/xhtml1-transitional.dtd">
<html xmlns="http://www.w3.org/1999/xhtml" xml:lang="en" lang="en">
 <head>
  <title>
</title>
<meta http-equiv="Content-Type" content="text/html;charset=utf-8" />
  <meta name='ocr-system' content='tesseract 3.04.00' />
  <meta name='ocr-capabilities' content='ocr_page ocr_carea ocr_par ocr_line ocrx_word'/>
</head>
<body>
  <div class='ocr_page' id='page_1' title='image "./institutionesph01libegoog_0067.png"; bbox 0 0 2892 4425; ppageno 0'>
   <div class='ocr_carea' id='block_1_1' title="bbox 564 354 1200 415">
    <p class='ocr_par' dir='ltr' id='par_1_1' title="bbox 564 354 1200 415">
     <span class='ocr_line' id='line_1_1' title="bbox 564 354 1200 415; baseline 0.002 -1"><span class='ocrx_word' id='word_1_1' title='bbox 564 364 641 414; x_wconf 76' lang='lat' dir='ltr'><strong>rsus</strong></span> <span class='ocrx_word' id='word_1_2' title='bbox 661 367 765 414; x_wconf 67' lang='lat' dir='ltr'><strong>sarua</strong></span> <span class='ocrx_word' id='word_1_3' title='bbox 1162 354 1200 415; x_wconf 73' lang='lat'><strong>5⁹</strong></span> 
     </span>
    </p>
   </div>
   <div class='ocr_carea' id='block_1_2' title="bbox 70 468 1228 1726">
    <p class='ocr_par' dir='ltr' id='par_1_2' title="bbox 70 468 1228 1726">
     <span class='ocr_line' id='line_1_2' title="bbox 122 468 1197 558; baseline -0.004 -15"><span class='ocrx_word' id='word_1_4' title='bbox 122 476 343 543; x_wconf 75' lang='lat' dir='ltr'><strong>missarumest</strong></span> <span class='ocrx_word' id='word_1_5' title='bbox 363 494 484 558; x_wconf 84' lang='lat' dir='ltr'><strong>negans,</strong></span> <span class='ocrx_word' id='word_1_6' title='bbox 505 486 660 557; x_wconf 84' lang='lat' dir='ltr'><strong>negantem</strong></span> <span class='ocrx_word' id='word_1_7' title='bbox 681 481 769 540; x_wconf 87' lang='lat' dir='ltr'><strong>etiam</strong></span> <span class='ocrx_word' id='word_1_8' title='bbox 790 475 950 538; x_wconf 75' lang='lat' dir='ltr'><strong>illationem</strong></span> <span class='ocrx_word' id='word_1_9' title='bbox 970 468 1035 538; x_wconf 84' lang='lat' dir='ltr'><strong>esse</strong></span> <span class='ocrx_word' id='word_1_10' title='bbox 1054 482 1197 554; x_wconf 78' lang='lat' dir='ltr'><strong>oporteat.</strong></span> 
     </span>
     <span class='ocr_line' id='line_1_3' title="bbox 122 577 1202 656; baseline 0 -17"><span class='ocrx_word' id='word_1_11' title='bbox 122 581 217 639; x_wconf 85' lang='lat' dir='ltr'><strong>illatio</strong></span> <span class='ocrx_word' id='word_1_12' title='bbox 236 580 326 656; x_wconf 88' lang='lat' dir='ltr'><strong>igitur</strong></span> <span class='ocrx_word' id='word_1_13' title='bbox 346 578 401 639; x_wconf 89' lang='lat' dir='ltr'><strong>erit</strong></span> <span class='ocrx_word' id='word_1_14' title='bbox 420 592 542 655; x_wconf 88' lang='lat' dir='ltr'><strong>negans.</strong></span> <span class='ocrx_word' id='word_1_15' title='bbox 565 577 605 637; x_wconf 82' lang='lat' dir='ltr'><strong>st</strong></span> <span class='ocrx_word' id='word_1_16' title='bbox 624 580 655 637; x_wconf 93' lang='lat' dir='ltr'><strong>in</strong></span> <span class='ocrx_word' id='word_1_17' title='bbox 676 580 875 654; x_wconf 89' lang='lat' dir='ltr'><strong>propositione</strong></span> <span class='ocrx_word' id='word_1_18' title='bbox 894 577 1055 637; x_wconf 84' lang='lat' dir='ltr'><strong>universali</strong></span> <span class='ocrx_word' id='word_1_19' title='bbox 1074 584 1202 655; x_wconf 76' lang='lat' dir='ltr'><strong>negante</strong></span> 
     </span>
     <span class='ocr_line' id='line_1_4' title="bbox 121 672 1200 752; baseline -0.004 -13"><span class='ocrx_word' id='word_1_20' title='bbox 121 676 313 739; x_wconf 77' lang='lat' dir='ltr'><strong>distribuitur</strong></span> <span class='ocrx_word' id='word_1_21' title='bbox 331 683 395 736; x_wconf 91' lang='lat' dir='ltr'><strong>tum</strong></span> <span class='ocrx_word' id='word_1_22' title='bbox 416 675 579 735; x_wconf 88' lang='lat' dir='ltr'><strong>subiectum</strong></span> <span class='ocrx_word' id='word_1_23' title='bbox 599 680 662 735; x_wconf 92' lang='lat' dir='ltr'><strong>tum</strong></span> <span class='ocrx_word' id='word_1_24' title='bbox 684 672 894 751; x_wconf 84' lang='lat' dir='ltr'><strong>praedicatum.</strong></span> <span class='ocrx_word' id='word_1_25' title='bbox 917 675 997 752; x_wconf 85' lang='lat' dir='ltr'><strong>lirgo</strong></span> <span class='ocrx_word' id='word_1_26' title='bbox 1016 676 1110 734; x_wconf 90' lang='lat' dir='ltr'><strong>illatio</strong></span> <span class='ocrx_word' id='word_1_27' title='bbox 1123 678 1200 735; x_wconf 89' lang='lat' dir='ltr'><strong>eius·</strong></span> 
     </span>
     <span class='ocr_line' id='line_1_5' title="bbox 120 773 1199 851; baseline -0.003 -17"><span class='ocrx_word' id='word_1_28' title='bbox 120 775 200 835; x_wconf 79' lang='lat' dir='ltr'><strong>morli</strong></span> <span class='ocrx_word' id='word_1_29' title='bbox 220 775 293 834; x_wconf 80' lang='lat' dir='ltr'><strong>duos</strong></span> <span class='ocrx_word' id='word_1_30' title='bbox 314 773 433 833; x_wconf 88' lang='lat' dir='ltr'><strong>habebit</strong></span> <span class='ocrx_word' id='word_1_31' title='bbox 450 775 591 833; x_wconf 86' lang='lat' dir='ltr'><strong>terminos</strong></span> <span class='ocrx_word' id='word_1_32' title='bbox 613 774 807 848; x_wconf 84' lang='lat' dir='ltr'><strong>universales,</strong></span> <span class='ocrx_word' id='word_1_33' title='bbox 829 788 955 848; x_wconf 84' lang='lat' dir='ltr'><strong>quorum</strong></span> <span class='ocrx_word' id='word_1_34' title='bbox 974 788 1051 831; x_wconf 90' lang='lat' dir='ltr'><strong>uuus</strong></span> <span class='ocrx_word' id='word_1_35' title='bbox 1072 778 1199 851; x_wconf 89' lang='lat' dir='ltr'><strong>tautum,</strong></span> 
     </span>
     <span class='ocr_line' id='line_1_6' title="bbox 122 854 1202 947; baseline -0.003 -15"><span class='ocrx_word' id='word_1_36' title='bbox 122 877 157 933; x_wconf 89' lang='lat' dir='ltr'><strong>ut</strong></span> <span class='ocrx_word' id='word_1_37' title='bbox 176 873 316 947; x_wconf 70' lang='lat' dir='ltr'><strong>ottalanus,</strong></span> <span class='ocrx_word' id='word_1_38' title='bbox 338 854 514 930; x_wconf 75' lang='lat' dir='ltr'><strong>uniuersalis</strong></span> <span class='ocrx_word' id='word_1_39' title='bbox 534 870 591 929; x_wconf 88' lang='lat' dir='ltr'><strong>iuit</strong></span> <span class='ocrx_word' id='word_1_40' title='bbox 611 872 641 928; x_wconf 91' lang='lat' dir='ltr'><strong>iu</strong></span> <span class='ocrx_word' id='word_1_41' title='bbox 655 872 833 945; x_wconf 90' lang='lat' dir='ltr'><strong>praemissis.</strong></span> <span class='ocrx_word' id='word_1_42' title='bbox 855 869 971 946; x_wconf 78' lang='lat' dir='ltr'><strong>Aliquis</strong></span> <span class='ocrx_word' id='word_1_43' title='bbox 990 872 1081 946; x_wconf 88' lang='lat' dir='ltr'><strong>igitur</strong></span> <span class='ocrx_word' id='word_1_44' title='bbox 1102 874 1202 929; x_wconf 88' lang='lat' dir='ltr'><strong>termi-</strong></span> 
     </span>
     <span class='ocr_line' id='line_1_7' title="bbox 123 966 1203 1046; baseline -0.002 -16"><span class='ocrx_word' id='word_1_45' title='bbox 123 986 179 1030; x_wconf 85' lang='lat' dir='ltr'><strong>nus</strong></span> <span class='ocrx_word' id='word_1_46' title='bbox 200 971 294 1046; x_wconf 89' lang='lat' dir='ltr'><strong>magis</strong></span> <span class='ocrx_word' id='word_1_47' title='bbox 307 966 418 1045; x_wconf 89' lang='lat' dir='ltr'><strong>patebit</strong></span> <span class='ocrx_word' id='word_1_48' title='bbox 436 970 468 1026; x_wconf 91' lang='lat' dir='ltr'><strong>in</strong></span> <span class='ocrx_word' id='word_1_49' title='bbox 481 968 624 1043; x_wconf 89' lang='lat' dir='ltr'><strong>illatione,</strong></span> <span class='ocrx_word' id='word_1_50' title='bbox 639 981 728 1043; x_wconf 87' lang='lat' dir='ltr'><strong>quam</strong></span> <span class='ocrx_word' id='word_1_51' title='bbox 749 968 779 1024; x_wconf 92' lang='lat' dir='ltr'><strong>in</strong></span> <span class='ocrx_word' id='word_1_52' title='bbox 793 968 972 1042; x_wconf 89' lang='lat' dir='ltr'><strong>praemissis.</strong></span> <span class='ocrx_word' id='word_1_53' title='bbox 987 966 1084 1039; x_wconf 81' lang='lat' dir='ltr'><strong>Quare</strong></span> <span class='ocrx_word' id='word_1_54' title='bbox 1097 974 1131 1027; x_wconf 95' lang='lat' dir='ltr'><strong>ut</strong></span> <span class='ocrx_word' id='word_1_55' title='bbox 1144 968 1203 1028; x_wconf 89' lang='lat' dir='ltr'><strong>hoc</strong></span> 
     </span>
     <span class='ocr_line' id='line_1_8' title="bbox 124 1064 1165 1143; baseline -0.001 -18"><span class='ocrx_word' id='word_1_56' title='bbox 124 1069 251 1143; x_wconf 84' lang='lat' dir='ltr'><strong>vitetur,</strong></span> <span class='ocrx_word' id='word_1_57' title='bbox 277 1081 312 1125; x_wconf 87' lang='lat' dir='ltr'><strong>ea</strong></span> <span class='ocrx_word' id='word_1_58' title='bbox 331 1067 417 1124; x_wconf 88' lang='lat' dir='ltr'><strong>etiam</strong></span> <span class='ocrx_word' id='word_1_59' title='bbox 439 1064 596 1143; x_wconf 87' lang='lat' dir='ltr'><strong>hypothesi</strong></span> <span class='ocrx_word' id='word_1_60' title='bbox 615 1064 764 1124; x_wconf 90' lang='lat' dir='ltr'><strong>conclusio</strong></span> <span class='ocrx_word' id='word_1_61' title='bbox 783 1064 967 1139; x_wconf 85' lang='lat' dir='ltr'><strong>particularis</strong></span> <span class='ocrx_word' id='word_1_62' title='bbox 987 1079 1051 1122; x_wconf 89' lang='lat' dir='ltr'><strong>esse</strong></span> <span class='ocrx_word' id='word_1_63' title='bbox 1069 1064 1165 1124; x_wconf 80' lang='lat' dir='ltr'><strong>(lebet.</strong></span> 
     </span>
     <span class='ocr_line' id='line_1_9' title="bbox 184 1160 1203 1240; baseline -0.001 -19"><span class='ocrx_word' id='word_1_64' title='bbox 184 1164 247 1223; x_wconf 86' lang='lat' dir='ltr'><strong>liae</strong></span> <span class='ocrx_word' id='word_1_65' title='bbox 261 1164 351 1240; x_wconf 87' lang='lat' dir='ltr'><strong>leges,</strong></span> <span class='ocrx_word' id='word_1_66' title='bbox 372 1170 406 1223; x_wconf 88' lang='lat' dir='ltr'><strong>ut</strong></span> <span class='ocrx_word' id='word_1_67' title='bbox 424 1162 499 1238; x_wconf 85' lang='lat' dir='ltr'><strong>dixi,</strong></span> <span class='ocrx_word' id='word_1_68' title='bbox 523 1177 576 1237; x_wconf 87' lang='lat' dir='ltr'><strong>pro</strong></span> <span class='ocrx_word' id='word_1_69' title='bbox 595 1162 726 1238; x_wconf 78' lang='lat' dir='ltr'><strong>quolibet</strong></span> <span class='ocrx_word' id='word_1_70' title='bbox 738 1161 911 1238; x_wconf 79' lang='lat' dir='ltr'><strong>syllogismo</strong></span> <span class='ocrx_word' id='word_1_71' title='bbox 927 1160 1054 1236; x_wconf 77' lang='lat' dir='ltr'><strong>simplici</strong></span> <span class='ocrx_word' id='word_1_72' title='bbox 1073 1167 1103 1220; x_wconf 88' lang='lat' dir='ltr'><strong>et</strong></span> <span class='ocrx_word' id='word_1_73' title='bbox 1123 1168 1203 1220; x_wconf 86' lang='lat' dir='ltr'><strong>cate-</strong></span> 
     </span>
     <span class='ocr_line' id='line_1_10' title="bbox 125 1258 1202 1341; baseline 0 -22"><span class='ocrx_word' id='word_1_74' title='bbox 125 1263 225 1341; x_wconf 80' lang='lat' dir='ltr'><strong>gorico</strong></span> <span class='ocrx_word' id='word_1_75' title='bbox 246 1262 345 1321; x_wconf 85' lang='lat' dir='ltr'><strong>valent</strong></span> <span class='ocrx_word' id='word_1_76' title='bbox 362 1258 477 1319; x_wconf 67' lang='lat' dir='ltr'><strong>munde</strong></span> <span class='ocrx_word' id='word_1_77' title='bbox 497 1262 524 1336; x_wconf 83' lang='lat'><strong>¹3</strong></span> <span class='ocrx_word' id='word_1_78' title='bbox 546 1261 721 1335; x_wconf 84' lang='lat' dir='ltr'><strong>compositus</strong></span> <span class='ocrx_word' id='word_1_79' title='bbox 746 1264 843 1318; x_wconf 88' lang='lat' dir='ltr'><strong>autem</strong></span> <span class='ocrx_word' id='word_1_80' title='bbox 867 1258 1028 1334; x_wconf 76' lang='lat' dir='ltr'><strong>peculiatas</strong></span> <span class='ocrx_word' id='word_1_81' title='bbox 1046 1258 1104 1317; x_wconf 88' lang='lat' dir='ltr'><strong>sibl</strong></span> <span class='ocrx_word' id='word_1_82' title='bbox 1124 1258 1202 1336; x_wconf 82' lang='lat' dir='ltr'><strong>legas</strong></span> 
     </span>
     <span class='ocr_line' id='line_1_11' title="bbox 125 1346 1228 1434; baseline -0.003 -17"><span class='ocrx_word' id='word_1_83' title='bbox 125 1358 267 1434; x_wconf 83' lang='lat' dir='ltr'><strong>vindicat,</strong></span> <span class='ocrx_word' id='word_1_84' title='bbox 288 1374 362 1434; x_wconf 87' lang='lat' dir='ltr'><strong>quas</strong></span> <span class='ocrx_word' id='word_1_85' title='bbox 382 1359 441 1416; x_wconf 89' lang='lat' dir='ltr'><strong>ium</strong></span> <span class='ocrx_word' id='word_1_86' title='bbox 462 1358 630 1417; x_wconf 88' lang='lat' dir='ltr'><strong>innuamus.</strong></span> <span class='ocrx_word' id='word_1_87' title='bbox 1022 1346 1027 1353; x_wconf 71' lang='grc'><strong>’</strong></span> <span class='ocrx_word' id='word_1_88' title='bbox 1223 1362 1228 1377; x_wconf 87' lang='grc'><strong>“</strong></span> 
     </span>
     <span class='ocr_line' id='line_1_12' title="bbox 70 1447 1202 1535; baseline 0 -22"><span class='ocrx_word' id='word_1_89' title='bbox 70 1458 74 1469; x_wconf 89' lang='grc'><strong>’</strong></span> <span class='ocrx_word' id='word_1_90' title='bbox 187 1462 235 1513; x_wconf 78' lang='lat'><strong>²5.</strong></span> <span class='ocrx_word' id='word_1_91' title='bbox 258 1452 427 1531; x_wconf 78' lang='lat' dir='ltr'><strong>syllogismi</strong></span> <span class='ocrx_word' id='word_1_92' title='bbox 447 1455 600 1530; x_wconf 82' lang='lat' dir='ltr'><strong>compositi</strong></span> <span class='ocrx_word' id='word_1_93' title='bbox 625 1458 685 1513; x_wconf 83' lang='lat' dir='ltr'><strong>tres</strong></span> <span class='ocrx_word' id='word_1_94' title='bbox 712 1447 897 1535; x_wconf 75' lang='lat' dir='ltr'><strong>potissimum</strong></span> <span class='ocrx_word' id='word_1_95' title='bbox 923 1454 1034 1527; x_wconf 86' lang='lat' dir='ltr'><strong>species</strong></span> <span class='ocrx_word' id='word_1_96' title='bbox 1053 1468 1202 1513; x_wconf 87' lang='lat' dir='ltr'><strong>recensen-</strong></span> 
     </span>
     <span class='ocr_line' id='line_1_13' title="bbox 124 1548 1205 1627; baseline -0.001 -15"><span class='ocrx_word' id='word_1_97' title='bbox 124 1557 188 1612; x_wconf 89' lang='lat' dir='ltr'><strong>tur:</strong></span> <span class='ocrx_word' id='word_1_98' title='bbox 212 1550 432 1626; x_wconf 66' lang='lat' dir='ltr'><strong>coaditionalis,</strong></span> <span class='ocrx_word' id='word_1_99' title='bbox 456 1550 663 1625; x_wconf 76' lang='lat' dir='ltr'><strong>duiuociiuus,</strong></span> <span class='ocrx_word' id='word_1_100' title='bbox 685 1548 884 1627; x_wconf 74' lang='lat' dir='ltr'><strong>copulatiores.</strong></span> <span class='ocrx_word' id='word_1_101' title='bbox 905 1548 998 1609; x_wconf 87' lang='lat' dir='ltr'><strong>Porro</strong></span> <span class='ocrx_word' id='word_1_102' title='bbox 1017 1550 1205 1611; x_wconf 79' lang='lat' dir='ltr'><strong>coaditiona-</strong></span> 
     </span>
     <span class='ocr_line' id='line_1_14' title="bbox 127 1646 1205 1726; baseline -0.002 -17"><span class='ocrx_word' id='word_1_103' title='bbox 127 1648 165 1709; x_wconf 87' lang='lat' dir='ltr'><strong>lis</strong></span> <span class='ocrx_word' id='word_1_104' title='bbox 187 1648 248 1725; x_wconf 88' lang='lat' dir='ltr'><strong>(qui</strong></span> <span class='ocrx_word' id='word_1_105' title='bbox 262 1652 350 1709; x_wconf 90' lang='lat' dir='ltr'><strong>etiam</strong></span> <span class='ocrx_word' id='word_1_106' title='bbox 368 1646 575 1726; x_wconf 75' lang='lat' dir='ltr'><strong>hypotheticus</strong></span> <span class='ocrx_word' id='word_1_107' title='bbox 588 1646 703 1724; x_wconf 82' lang='lat' dir='ltr'><strong>dicitur)</strong></span> <span class='ocrx_word' id='word_1_108' title='bbox 725 1649 752 1707; x_wconf 88' lang='lat' dir='ltr'><strong>is</strong></span> <span class='ocrx_word' id='word_1_109' title='bbox 770 1654 827 1723; x_wconf 83' lang='lat' dir='ltr'><strong>est,</strong></span> <span class='ocrx_word' id='word_1_110' title='bbox 847 1650 899 1724; x_wconf 82' lang='lat' dir='ltr'><strong>qni</strong></span> <span class='ocrx_word' id='word_1_111' title='bbox 919 1654 1073 1724; x_wconf 85' lang='lat' dir='ltr'><strong>utramque</strong></span> <span class='ocrx_word' id='word_1_112' title='bbox 1092 1648 1140 1707; x_wconf 84' lang='lat' dir='ltr'><strong>rei</strong></span> <span class='ocrx_word' id='word_1_113' title='bbox 1160 1648 1205 1707; x_wconf 85' lang='lat' dir='ltr'><strong>al··</strong></span> 
     </span>
    </p>
   </div>
   <div class='ocr_carea' id='block_1_3' title="bbox 126 1744 1205 2037">
    <p class='ocr_par' dir='ltr' id='par_1_3' title="bbox 126 1744 1205 2037">
     <span class='ocr_line' id='line_1_15' title="bbox 126 1744 1204 1823; baseline -0.001 -16"><span class='ocrx_word' id='word_1_114' title='bbox 126 1751 266 1813; x_wconf 82' lang='lat' dir='ltr'><strong>iamtram</strong></span> <span class='ocrx_word' id='word_1_115' title='bbox 287 1748 477 1823; x_wconf 86' lang='lat' dir='ltr'><strong>praemissam</strong></span> <span class='ocrx_word' id='word_1_116' title='bbox 498 1746 723 1806; x_wconf 84' lang='lat' dir='ltr'><strong>conditionalem</strong></span> <span class='ocrx_word' id='word_1_117' title='bbox 745 1744 853 1822; x_wconf 81' lang='lat' dir='ltr'><strong>habet3</strong></span> <span class='ocrx_word' id='word_1_118' title='bbox 874 1752 930 1804; x_wconf 90' lang='lat' dir='ltr'><strong>ut:</strong></span> <span class='ocrx_word' id='word_1_119' title='bbox 951 1748 978 1806; x_wconf 89' lang='lat' dir='ltr'><strong>si</strong></span> <span class='ocrx_word' id='word_1_120' title='bbox 998 1746 1111 1823; x_wconf 81' lang='lat' dir='ltr'><strong>illuxit,</strong></span> <span class='ocrx_word' id='word_1_121' title='bbox 1132 1746 1204 1806; x_wconf 91' lang='lat' dir='ltr'><strong>solis</strong></span> 
     </span>
     <span class='ocr_line' id='line_1_16' title="bbox 126 1842 1205 1937; baseline 0 -34"><span class='ocrx_word' id='word_1_122' title='bbox 126 1848 208 1903; x_wconf 81' lang='lat' dir='ltr'><strong>ortus</strong></span> <span class='ocrx_word' id='word_1_123' title='bbox 222 1845 414 1920; x_wconf 85' lang='lat' dir='ltr'><strong>propinquat;</strong></span> <span class='ocrx_word' id='word_1_124' title='bbox 435 1845 516 1920; x_wconf 81' lang='lat' dir='ltr'><strong>atqui</strong></span> <span class='ocrx_word' id='word_1_125' title='bbox 537 1843 653 1919; x_wconf 81' lang='lat' dir='ltr'><strong>illuxit3</strong></span> <span class='ocrx_word' id='word_1_126' title='bbox 674 1858 745 1919; x_wconf 88' lang='lat' dir='ltr'><strong>ergo</strong></span> <span class='ocrx_word' id='word_1_127' title='bbox 757 1842 828 1937; x_wconf 80' lang='lat' dir='ltr'><strong>solis</strong></span> <span class='ocrx_word' id='word_1_128' title='bbox 840 1848 923 1902; x_wconf 90' lang='lat' dir='ltr'><strong>ortus</strong></span> <span class='ocrx_word' id='word_1_129' title='bbox 937 1844 1121 1919; x_wconf 81' lang='lat' dir='ltr'><strong>propinquat.</strong></span> <span class='ocrx_word' id='word_1_130' title='bbox 1137 1843 1205 1913; x_wconf 55' lang='lat' dir='ltr'><strong>,uo-</strong></span> 
     </span>
     <span class='ocr_line' id='line_1_17' title="bbox 126 1940 1203 2037; baseline 0.001 -39"><span class='ocrx_word' id='word_1_131' title='bbox 126 1940 238 2017; x_wconf 87' lang='lat' dir='ltr'><strong>piioiter</strong></span> <span class='ocrx_word' id='word_1_132' title='bbox 267 1944 351 2019; x_wconf 89' lang='lat' dir='ltr'><strong>argui</strong></span> <span class='ocrx_word' id='word_1_133' title='bbox 370 1945 483 2017; x_wconf 77' lang='lat' dir='ltr'><strong>potest:</strong></span> <span class='ocrx_word' id='word_1_134' title='bbox 514 1942 714 2037; x_wconf 75' lang='lat' dir='ltr'><strong>expositione</strong></span> <span class='ocrx_word' id='word_1_135' title='bbox 739 1940 937 1999; x_wconf 63' lang='lat' dir='ltr'><strong>antecedente</strong></span> <span class='ocrx_word' id='word_1_136' title='bbox 963 1940 1001 1999; x_wconf 82' lang='lat' dir='ltr'><strong>ad</strong></span> <span class='ocrx_word' id='word_1_137' title='bbox 1027 1942 1203 2018; x_wconf 87' lang='lat' dir='ltr'><strong>positionem</strong></span> 
     </span>
    </p>
   </div>
   <div class='ocr_carea' id='block_1_4' title="bbox 127 2165 1203 2310">
    <p class='ocr_par' dir='ltr' id='par_1_4' title="bbox 127 2165 1203 2310">
     <span class='ocr_line' id='line_1_18' title="bbox 186 2165 1202 2234; baseline -0.001 -15"><span class='ocrx_word' id='word_1_138' title='bbox 186 2174 196 2219; x_wconf 93' lang='lat' dir='ltr'><strong>i</strong></span> <span class='ocrx_word' id='word_1_139' title='bbox 210 2167 301 2219; x_wconf 73' lang='lat' dir='ltr'><strong>Paulas</strong></span> <span class='ocrx_word' id='word_1_140' title='bbox 316 2169 390 2220; x_wconf 84' lang='lat' dir='ltr'><strong>cosia</strong></span> <span class='ocrx_word' id='word_1_141' title='bbox 408 2169 434 2220; x_wconf 90' lang='lat' dir='ltr'><strong>in</strong></span> <span class='ocrx_word' id='word_1_142' title='bbox 448 2182 522 2234; x_wconf 86' lang='lat' dir='ltr'><strong>opere</strong></span> <span class='ocrx_word' id='word_1_143' title='bbox 536 2168 577 2220; x_wconf 88' lang='lat' dir='ltr'><strong>cni</strong></span> <span class='ocrx_word' id='word_1_144' title='bbox 590 2168 689 2220; x_wconf 88' lang='lat' dir='ltr'><strong>titulus:</strong></span> <span class='ocrx_word' id='word_1_145' title='bbox 706 2166 757 2219; x_wconf 81' lang='lat' dir='ltr'><strong>Dal</strong></span> <span class='ocrx_word' id='word_1_146' title='bbox 768 2166 844 2219; x_wconf 79' lang='lat' dir='ltr'><strong>modo</strong></span> <span class='ocrx_word' id='word_1_147' title='bbox 856 2167 885 2220; x_wconf 78' lang='lat' dir='ltr'><strong>di</strong></span> <span class='ocrx_word' id='word_1_148' title='bbox 899 2179 1033 2232; x_wconf 84' lang='lat' dir='ltr'><strong>comporrc</strong></span> <span class='ocrx_word' id='word_1_149' title='bbox 1047 2166 1071 2218; x_wconf 86' lang='lat' dir='ltr'><strong>ic</strong></span> <span class='ocrx_word' id='word_1_150' title='bbox 1084 2165 1202 2219; x_wconf 69' lang='lat' dir='ltr'><strong>ideam.</strong></span> 
     </span>
     <span class='ocr_line' id='line_1_19' title="bbox 127 2247 1203 2310; baseline 0.002 -14"><span class='ocrx_word' id='word_1_151' title='bbox 127 2259 151 2296; x_wconf 86' lang='lat' dir='ltr'><strong>c.</strong></span> <span class='ocrx_word' id='word_1_152' title='bbox 171 2253 219 2308; x_wconf 79' lang='lat'><strong>22,</strong></span> <span class='ocrx_word' id='word_1_153' title='bbox 237 2247 261 2310; x_wconf 85' lang='lat'><strong>§.</strong></span> <span class='ocrx_word' id='word_1_154' title='bbox 282 2251 316 2310; x_wconf 84' lang='lat' dir='ltr'><strong>i,</strong></span> <span class='ocrx_word' id='word_1_155' title='bbox 333 2249 466 2300; x_wconf 71' lang='lat' dir='ltr'><strong>maritari</strong></span> <span class='ocrx_word' id='word_1_156' title='bbox 486 2263 570 2299; x_wconf 84' lang='lat' dir='ltr'><strong>raram</strong></span> <span class='ocrx_word' id='word_1_157' title='bbox 588 2249 782 2299; x_wconf 75' lang='lat' dir='ltr'><strong>ratiocinationis</strong></span> <span class='ocrx_word' id='word_1_158' title='bbox 800 2249 905 2299; x_wconf 85' lang='lat' dir='ltr'><strong>iormam</strong></span> <span class='ocrx_word' id='word_1_159' title='bbox 922 2248 1108 2301; x_wconf 78' lang='lat' dir='ltr'><strong>diiudicandum</strong></span> <span class='ocrx_word' id='word_1_160' title='bbox 1125 2261 1203 2298; x_wconf 90' lang='lat' dir='ltr'><strong>unum</strong></span> 
     </span>
    </p>
   </div>
   <div class='ocr_carea' id='block_1_5' title="bbox 127 2328 1306 2392">
    <p class='ocr_par' dir='ltr' id='par_1_5' title="bbox 127 2328 1306 2392">
     <span class='ocr_line' id='line_1_20' title="bbox 127 2328 1306 2392; baseline 0.004 -16"><span class='ocrx_word' id='word_1_161' title='bbox 127 2328 188 2377; x_wconf 84' lang='lat' dir='ltr'><strong>satia</strong></span> <span class='ocrx_word' id='word_1_162' title='bbox 204 2339 257 2376; x_wconf 85' lang='lat' dir='ltr'><strong>csse</strong></span> <span class='ocrx_word' id='word_1_163' title='bbox 274 2331 447 2390; x_wconf 86' lang='lat' dir='ltr'><strong>praecepium,</strong></span> <span class='ocrx_word' id='word_1_164' title='bbox 467 2343 481 2378; x_wconf 89' lang='lat' dir='ltr'><strong>a</strong></span> <span class='ocrx_word' id='word_1_165' title='bbox 500 2329 583 2379; x_wconf 80' lang='lat' dir='ltr'><strong>medio</strong></span> <span class='ocrx_word' id='word_1_166' title='bbox 599 2329 678 2392; x_wconf 88' lang='lat' dir='ltr'><strong>pulsis</strong></span> <span class='ocrx_word' id='word_1_167' title='bbox 696 2331 801 2391; x_wconf 81' lang='lat' dir='ltr'><strong>regulis,</strong></span> <span class='ocrx_word' id='word_1_168' title='bbox 819 2341 884 2391; x_wconf 80' lang='lat' dir='ltr'><strong>quse</strong></span> <span class='ocrx_word' id='word_1_169' title='bbox 902 2329 1067 2379; x_wconf 84' lang='lat' dir='ltr'><strong>communiter</strong></span> <span class='ocrx_word' id='word_1_170' title='bbox 1085 2329 1150 2378; x_wconf 74' lang='lat' dir='ltr'><strong>uarii</strong></span> <span class='ocrx_word' id='word_1_171' title='bbox 1168 2341 1207 2378; x_wconf 83' lang='lat' dir='ltr'><strong>so·</strong></span> <span class='ocrx_word' id='word_1_172' title='bbox 1302 2377 1306 2381; x_wconf 87' lang='lat'><strong>.</strong></span> 
     </span>
    </p>
   </div>
   <div class='ocr_carea' id='block_1_6' title="bbox 126 2406 1208 4065">
    <p class='ocr_par' dir='ltr' id='par_1_6' title="bbox 126 2406 1208 3508">
     <span class='ocr_line' id='line_1_21' title="bbox 126 2406 1205 2470; baseline 0 -14"><span class='ocrx_word' id='word_1_173' title='bbox 126 2406 187 2456; x_wconf 86' lang='lat' dir='ltr'><strong>lent.</strong></span> <span class='ocrx_word' id='word_1_174' title='bbox 208 2407 267 2456; x_wconf 79' lang='lat' dir='ltr'><strong>Eius</strong></span> <span class='ocrx_word' id='word_1_175' title='bbox 285 2407 346 2456; x_wconf 85' lang='lat' dir='ltr'><strong>haec</strong></span> <span class='ocrx_word' id='word_1_176' title='bbox 364 2409 423 2456; x_wconf 88' lang='lat' dir='ltr'><strong>suut</strong></span> <span class='ocrx_word' id='word_1_177' title='bbox 439 2407 534 2458; x_wconf 82' lang='lat' dir='ltr'><strong>rerba:</strong></span> <span class='ocrx_word' id='word_1_178' title='bbox 554 2427 566 2452; x_wconf 85' lang='grc' dir='ltr'><strong>ιι</strong></span> <span class='ocrx_word' id='word_1_179' title='bbox 588 2408 674 2458; x_wconf 79' lang='lat' dir='ltr'><strong>Persio</strong></span> <span class='ocrx_word' id='word_1_180' title='bbox 691 2407 706 2456; x_wconf 76' lang='lat' dir='ltr'><strong>e</strong></span> <span class='ocrx_word' id='word_1_181' title='bbox 722 2408 770 2457; x_wconf 82' lang='lat' dir='ltr'><strong>ctae</strong></span> <span class='ocrx_word' id='word_1_182' title='bbox 788 2421 804 2456; x_wconf 92' lang='lat' dir='ltr'><strong>a</strong></span> <span class='ocrx_word' id='word_1_183' title='bbox 822 2407 973 2470; x_wconf 71' lang='lat' dir='ltr'><strong>distinguere</strong></span> <span class='ocrx_word' id='word_1_184' title='bbox 990 2407 1016 2456; x_wconf 80' lang='lat' dir='ltr'><strong>is</strong></span> <span class='ocrx_word' id='word_1_185' title='bbox 1032 2407 1112 2456; x_wconf 88' lang='lat' dir='ltr'><strong>iorma</strong></span> <span class='ocrx_word' id='word_1_186' title='bbox 1130 2419 1205 2469; x_wconf 81' lang='lat' dir='ltr'><strong>appa·</strong></span> 
     </span>
     <span class='ocr_line' id='line_1_22' title="bbox 129 2483 1203 2555; baseline 0.003 -25"><span class='ocrx_word' id='word_1_187' title='bbox 129 2507 141 2530; x_wconf 67' lang='lat' dir='ltr'><strong>a</strong></span> <span class='ocrx_word' id='word_1_188' title='bbox 154 2487 223 2536; x_wconf 87' lang='lat' dir='ltr'><strong>rente</strong></span> <span class='ocrx_word' id='word_1_189' title='bbox 236 2484 304 2534; x_wconf 82' lang='lat' dir='ltr'><strong>dalla</strong></span> <span class='ocrx_word' id='word_1_190' title='bbox 317 2485 397 2555; x_wconf 81' lang='lat' dir='ltr'><strong>veriti</strong></span> <span class='ocrx_word' id='word_1_191' title='bbox 412 2484 509 2535; x_wconf 78' lang='lat' dir='ltr'><strong>basteri</strong></span> <span class='ocrx_word' id='word_1_192' title='bbox 524 2498 573 2535; x_wconf 87' lang='lat' dir='ltr'><strong>uua</strong></span> <span class='ocrx_word' id='word_1_193' title='bbox 588 2485 671 2548; x_wconf 88' lang='lat' dir='ltr'><strong>regola</strong></span> <span class='ocrx_word' id='word_1_194' title='bbox 684 2485 748 2544; x_wconf 88' lang='lat' dir='ltr'><strong>sola,</strong></span> <span class='ocrx_word' id='word_1_195' title='bbox 763 2484 864 2535; x_wconf 86' lang='lat' dir='ltr'><strong>lasoiate</strong></span> <span class='ocrx_word' id='word_1_196' title='bbox 878 2484 911 2534; x_wconf 88' lang='lat' dir='ltr'><strong>da</strong></span> <span class='ocrx_word' id='word_1_197' title='bbox 920 2485 997 2547; x_wconf 80' lang='lat' dir='ltr'><strong>&#39;perte</strong></span> <span class='ocrx_word' id='word_1_198' title='bbox 1009 2485 1074 2533; x_wconf 88' lang='lat' dir='ltr'><strong>tutte</strong></span> <span class='ocrx_word' id='word_1_199' title='bbox 1088 2483 1113 2532; x_wconf 88' lang='lat' dir='ltr'><strong>lc</strong></span> <span class='ocrx_word' id='word_1_200' title='bbox 1131 2484 1203 2547; x_wconf 89' lang='lat' dir='ltr'><strong>altre,</strong></span> 
     </span>
     <span class='ocr_line' id='line_1_23' title="bbox 129 2563 1205 2631; baseline 0.003 -20"><span class='ocrx_word' id='word_1_201' title='bbox 129 2587 141 2611; x_wconf 76' lang='grc' dir='ltr'><strong>ιι</strong></span> <span class='ocrx_word' id='word_1_202' title='bbox 153 2568 200 2616; x_wconf 81' lang='lat' dir='ltr'><strong>cire</strong></span> <span class='ocrx_word' id='word_1_203' title='bbox 218 2566 226 2615; x_wconf 87' lang='lat' dir='ltr'><strong>i</strong></span> <span class='ocrx_word' id='word_1_204' title='bbox 243 2565 362 2615; x_wconf 87' lang='lat' dir='ltr'><strong>dialetiici</strong></span> <span class='ocrx_word' id='word_1_205' title='bbox 380 2565 520 2626; x_wconf 86' lang='lat' dir='ltr'><strong>insegnano.</strong></span> <span class='ocrx_word' id='word_1_206' title='bbox 538 2567 573 2614; x_wconf 87' lang='lat' dir='ltr'><strong>La</strong></span> <span class='ocrx_word' id='word_1_207' title='bbox 590 2565 672 2628; x_wconf 87' lang='lat' dir='ltr'><strong>regola</strong></span> <span class='ocrx_word' id='word_1_208' title='bbox 689 2565 703 2614; x_wconf 75' lang='lat' dir='ltr'><strong>e</strong></span> <span class='ocrx_word' id='word_1_209' title='bbox 719 2567 822 2627; x_wconf 83' lang='lat' dir='ltr'><strong>questa:</strong></span> <span class='ocrx_word' id='word_1_210' title='bbox 839 2565 897 2631; x_wconf 81' lang='lat' dir='ltr'><strong>paui</strong></span> <span class='ocrx_word' id='word_1_211' title='bbox 916 2567 998 2614; x_wconf 89' lang='lat' dir='ltr'><strong>menie</strong></span> <span class='ocrx_word' id='word_1_212' title='bbox 1015 2576 1042 2613; x_wconf 86' lang='lat' dir='ltr'><strong>se</strong></span> <span class='ocrx_word' id='word_1_213' title='bbox 1059 2563 1076 2612; x_wconf 89' lang='lat' dir='ltr'><strong>l&#39;</strong></span> <span class='ocrx_word' id='word_1_214' title='bbox 1086 2565 1205 2614; x_wconf 83' lang='lat' dir='ltr'><strong>attributo</strong></span> 
     </span>
     <span class='ocr_line' id='line_1_24' title="bbox 132 2641 1205 2708; baseline -0.004 -12"><span class='ocrx_word' id='word_1_215' title='bbox 132 2665 144 2689; x_wconf 91' lang='grc' dir='ltr'>ι</span> <span class='ocrx_word' id='word_1_216' title='bbox 157 2645 224 2696; x_wconf 83' lang='lat' dir='ltr'><strong>della</strong></span> <span class='ocrx_word' id='word_1_217' title='bbox 238 2644 332 2694; x_wconf 89' lang='lat' dir='ltr'><strong>minore</strong></span> <span class='ocrx_word' id='word_1_218' title='bbox 349 2645 386 2695; x_wconf 91' lang='lat' dir='ltr'><strong>sia</strong></span> <span class='ocrx_word' id='word_1_219' title='bbox 403 2644 509 2696; x_wconf 86' lang='lat' dir='ltr'><strong>identicu</strong></span> <span class='ocrx_word' id='word_1_220' title='bbox 525 2645 564 2695; x_wconf 90' lang='lat' dir='ltr'><strong>coi</strong></span> <span class='ocrx_word' id='word_1_221' title='bbox 576 2649 686 2708; x_wconf 83' lang='lat' dir='ltr'><strong>aoggetto</strong></span> <span class='ocrx_word' id='word_1_222' title='bbox 703 2643 769 2694; x_wconf 85' lang='lat' dir='ltr'><strong>delia</strong></span> <span class='ocrx_word' id='word_1_223' title='bbox 779 2645 913 2708; x_wconf 86' lang='lat' dir='ltr'><strong>maggiore,</strong></span> <span class='ocrx_word' id='word_1_224' title='bbox 931 2659 949 2694; x_wconf 91' lang='lat' dir='ltr'><strong>o</strong></span> <span class='ocrx_word' id='word_1_225' title='bbox 963 2641 1153 2694; x_wconf 82' lang='lat' dir='ltr'><strong>identicameute</strong></span> <span class='ocrx_word' id='word_1_226' title='bbox 1167 2643 1205 2692; x_wconf 86' lang='lat' dir='ltr'><strong>iu·</strong></span> 
     </span>
     <span class='ocr_line' id='line_1_25' title="bbox 130 2725 1206 2790; baseline 0 -15"><span class='ocrx_word' id='word_1_227' title='bbox 130 2726 262 2788; x_wconf 75' lang='lat' dir='ltr'><strong>-ciosori,</strong></span> <span class='ocrx_word' id='word_1_228' title='bbox 277 2737 291 2776; x_wconf 88' lang='lat' dir='ltr'><strong>e</strong></span> <span class='ocrx_word' id='word_1_229' title='bbox 307 2739 335 2776; x_wconf 84' lang='lat' dir='ltr'><strong>sa</strong></span> <span class='ocrx_word' id='word_1_230' title='bbox 352 2725 376 2775; x_wconf 88' lang='lat' dir='ltr'><strong>ia</strong></span> <span class='ocrx_word' id='word_1_231' title='bbox 390 2735 556 2789; x_wconf 75' lang='lat' dir='ltr'><strong>consaguem</strong></span> <span class='ocrx_word' id='word_1_232' title='bbox 571 2727 676 2789; x_wconf 86' lang='lat' dir='ltr'><strong>esprima</strong></span> <span class='ocrx_word' id='word_1_233' title='bbox 695 2727 784 2788; x_wconf 86' lang='lat' dir='ltr'><strong>questo</strong></span> <span class='ocrx_word' id='word_1_234' title='bbox 801 2728 925 2789; x_wconf 87' lang='lat' dir='ltr'><strong>rapporio,</strong></span> <span class='ocrx_word' id='word_1_235' title='bbox 943 2725 1064 2790; x_wconf 77' lang='lat' dir='ltr'><strong>portando</strong></span> <span class='ocrx_word' id='word_1_236' title='bbox 1077 2738 1134 2775; x_wconf 85' lang='lat' dir='ltr'><strong>saco</strong></span> <span class='ocrx_word' id='word_1_237' title='bbox 1145 2725 1206 2789; x_wconf 65' lang='lat' dir='ltr'><strong>,i&#39;ag-</strong></span> 
     </span>
     <span class='ocr_line' id='line_1_26' title="bbox 128 2805 1206 2871; baseline -0.001 -14"><span class='ocrx_word' id='word_1_238' title='bbox 128 2825 140 2849; x_wconf 90' lang='grc' dir='ltr'>ι</span> <span class='ocrx_word' id='word_1_239' title='bbox 153 2809 238 2867; x_wconf 79' lang='lat' dir='ltr'><strong>giunta</strong></span> <span class='ocrx_word' id='word_1_240' title='bbox 260 2806 300 2856; x_wconf 91' lang='lat' dir='ltr'><strong>dei</strong></span> <span class='ocrx_word' id='word_1_241' title='bbox 321 2805 447 2869; x_wconf 69' lang='lat' dir='ltr'><strong>medicato</strong></span> <span class='ocrx_word' id='word_1_242' title='bbox 466 2819 576 2871; x_wconf 84' lang='lat' dir='ltr'><strong>esprasso</strong></span> <span class='ocrx_word' id='word_1_243' title='bbox 597 2807 662 2857; x_wconf 85' lang='lat' dir='ltr'><strong>nella</strong></span> <span class='ocrx_word' id='word_1_244' title='bbox 682 2807 817 2869; x_wconf 83' lang='lat' dir='ltr'><strong>maggiore.</strong></span> <span class='ocrx_word' id='word_1_245' title='bbox 833 2809 870 2856; x_wconf 75' lang='lat' dir='ltr'><strong>ia</strong></span> <span class='ocrx_word' id='word_1_246' title='bbox 888 2805 953 2856; x_wconf 86' lang='lat' dir='ltr'><strong>serie</strong></span> <span class='ocrx_word' id='word_1_247' title='bbox 971 2805 1136 2868; x_wconf 77' lang='lat' dir='ltr'><strong>de&#39;giudiaii,</strong></span> <span class='ocrx_word' id='word_1_248' title='bbox 1158 2807 1206 2856; x_wconf 83' lang='lat' dir='ltr'><strong>ciac</strong></span> 
     </span>
     <span class='ocr_line' id='line_1_27' title="bbox 129 2885 1206 2950; baseline -0.002 -14"><span class='ocrx_word' id='word_1_249' title='bbox 129 2905 141 2929; x_wconf 91' lang='grc' dir='ltr'>ι</span> <span class='ocrx_word' id='word_1_250' title='bbox 155 2899 241 2936; x_wconf 86' lang='lat' dir='ltr'><strong>manca</strong></span> <span class='ocrx_word' id='word_1_251' title='bbox 256 2885 281 2935; x_wconf 91' lang='lat' dir='ltr'><strong>di</strong></span> <span class='ocrx_word' id='word_1_252' title='bbox 300 2888 386 2949; x_wconf 82' lang='lat' dir='ltr'><strong>questa</strong></span> <span class='ocrx_word' id='word_1_253' title='bbox 403 2887 536 2950; x_wconf 76' lang='lat' dir='ltr'><strong>proprisit,</strong></span> <span class='ocrx_word' id='word_1_254' title='bbox 552 2886 566 2936; x_wconf 77' lang='lat' dir='ltr'><strong>e</strong></span> <span class='ocrx_word' id='word_1_255' title='bbox 583 2885 684 2938; x_wconf 82' lang='lat' dir='ltr'><strong>sofisma</strong></span> <span class='ocrx_word' id='word_1_256' title='bbox 695 2887 802 2938; x_wconf 66' lang='lat' dir='ltr'><strong>subde.</strong></span> <span class='ocrx_word' id='word_1_257' title='bbox 815 2905 828 2930; x_wconf 76' lang='grc' dir='ltr'>ι</span> <span class='ocrx_word' id='word_1_258' title='bbox 846 2888 881 2939; x_wconf 88' lang='lat' dir='ltr'><strong>Ut</strong></span> <span class='ocrx_word' id='word_1_259' title='bbox 896 2899 984 2937; x_wconf 72' lang='lat' dir='ltr'><strong>ruunt</strong></span> <span class='ocrx_word' id='word_1_260' title='bbox 994 2885 1082 2948; x_wconf 79' lang='lat' dir='ltr'><strong>istesr,</strong></span> <span class='ocrx_word' id='word_1_261' title='bbox 1100 2897 1150 2935; x_wconf 88' lang='lat' dir='ltr'><strong>non</strong></span> <span class='ocrx_word' id='word_1_262' title='bbox 1166 2898 1206 2949; x_wconf 74' lang='lat' dir='ltr'><strong>pa</strong></span> 
     </span>
     <span class='ocr_line' id='line_1_28' title="bbox 129 2965 1206 3030; baseline 0.001 -16"><span class='ocrx_word' id='word_1_263' title='bbox 129 2979 183 3015; x_wconf 92' lang='lat' dir='ltr'><strong>rum</strong></span> <span class='ocrx_word' id='word_1_264' title='bbox 199 2967 304 3016; x_wconf 88' lang='lat' dir='ltr'><strong>obscura</strong></span> <span class='ocrx_word' id='word_1_265' title='bbox 320 2968 381 3022; x_wconf 83' lang='lat' dir='ltr'><strong>haec</strong></span> <span class='ocrx_word' id='word_1_266' title='bbox 398 2968 537 3030; x_wconf 85' lang='lat' dir='ltr'><strong>praeceptio</strong></span> <span class='ocrx_word' id='word_1_267' title='bbox 555 2980 608 3016; x_wconf 87' lang='lat' dir='ltr'><strong>esse</strong></span> <span class='ocrx_word' id='word_1_268' title='bbox 625 2966 732 3017; x_wconf 84' lang='lat' dir='ltr'><strong>videtur.</strong></span> <span class='ocrx_word' id='word_1_269' title='bbox 753 2969 806 3016; x_wconf 82' lang='lat' dir='ltr'><strong>iios</strong></span> <span class='ocrx_word' id='word_1_270' title='bbox 817 2969 900 3017; x_wconf 84' lang='lat' dir='ltr'><strong>autern</strong></span> <span class='ocrx_word' id='word_1_271' title='bbox 913 2967 992 3030; x_wconf 90' lang='lat' dir='ltr'><strong>ipsam</strong></span> <span class='ocrx_word' id='word_1_272' title='bbox 1007 2965 1092 3015; x_wconf 83' lang='lat' dir='ltr'><strong>iubere</strong></span> <span class='ocrx_word' id='word_1_273' title='bbox 1109 2965 1206 3028; x_wconf 83' lang='lat' dir='ltr'><strong>opinor:</strong></span> 
     </span>
     <span class='ocr_line' id='line_1_29' title="bbox 128 3047 1206 3108; baseline 0 -14"><span class='ocrx_word' id='word_1_274' title='bbox 128 3049 157 3095; x_wconf 87' lang='lat' dir='ltr'><strong>ut</strong></span> <span class='ocrx_word' id='word_1_275' title='bbox 171 3047 300 3108; x_wconf 84' lang='lat' dir='ltr'><strong>terminus,</strong></span> <span class='ocrx_word' id='word_1_276' title='bbox 318 3047 362 3108; x_wconf 87' lang='lat' dir='ltr'><strong>qui</strong></span> <span class='ocrx_word' id='word_1_277' title='bbox 380 3047 405 3096; x_wconf 89' lang='lat' dir='ltr'><strong>iu</strong></span> <span class='ocrx_word' id='word_1_278' title='bbox 419 3049 515 3096; x_wconf 79' lang='lat' dir='ltr'><strong>minori</strong></span> <span class='ocrx_word' id='word_1_279' title='bbox 534 3048 571 3097; x_wconf 87' lang='lat' dir='ltr'><strong>esi</strong></span> <span class='ocrx_word' id='word_1_280' title='bbox 589 3047 751 3108; x_wconf 87' lang='lat' dir='ltr'><strong>attributum,</strong></span> <span class='ocrx_word' id='word_1_281' title='bbox 773 3047 799 3096; x_wconf 89' lang='lat' dir='ltr'><strong>in</strong></span> <span class='ocrx_word' id='word_1_282' title='bbox 818 3049 914 3098; x_wconf 83' lang='lat' dir='ltr'><strong>moturi</strong></span> <span class='ocrx_word' id='word_1_283' title='bbox 929 3047 973 3096; x_wconf 78' lang='lat' dir='ltr'><strong>iat</strong></span> <span class='ocrx_word' id='word_1_284' title='bbox 982 3047 1130 3104; x_wconf 83' lang='lat' dir='ltr'><strong>subiectum,</strong></span> <span class='ocrx_word' id='word_1_285' title='bbox 1147 3059 1206 3096; x_wconf 86' lang='lat' dir='ltr'><strong>cou-</strong></span> 
     </span>
     <span class='ocr_line' id='line_1_30' title="bbox 129 3123 1205 3190; baseline 0.002 -18"><span class='ocrx_word' id='word_1_286' title='bbox 129 3123 207 3174; x_wconf 87' lang='lat' dir='ltr'><strong>ciusio</strong></span> <span class='ocrx_word' id='word_1_287' title='bbox 223 3127 306 3174; x_wconf 83' lang='lat' dir='ltr'><strong>autam</strong></span> <span class='ocrx_word' id='word_1_288' title='bbox 324 3124 390 3174; x_wconf 79' lang='lat' dir='ltr'><strong>idem</strong></span> <span class='ocrx_word' id='word_1_289' title='bbox 408 3126 555 3176; x_wconf 85' lang='lat' dir='ltr'><strong>attributum</strong></span> <span class='ocrx_word' id='word_1_290' title='bbox 576 3127 665 3178; x_wconf 79' lang='lat' dir='ltr'><strong>habeut</strong></span> <span class='ocrx_word' id='word_1_291' title='bbox 681 3140 711 3177; x_wconf 85' lang='lat' dir='ltr'><strong>ac</strong></span> <span class='ocrx_word' id='word_1_292' title='bbox 730 3127 865 3190; x_wconf 88' lang='lat' dir='ltr'><strong>propositio</strong></span> <span class='ocrx_word' id='word_1_293' title='bbox 881 3127 977 3188; x_wconf 76' lang='lat' dir='ltr'><strong>maloi,</strong></span> <span class='ocrx_word' id='word_1_294' title='bbox 996 3133 1046 3176; x_wconf 88' lang='lat' dir='ltr'><strong>uon</strong></span> <span class='ocrx_word' id='word_1_295' title='bbox 1062 3125 1205 3189; x_wconf 81' lang='lat' dir='ltr'><strong>ampliando</strong></span> 
     </span>
     <span class='ocr_line' id='line_1_31' title="bbox 128 3205 1206 3269; baseline 0 -15"><span class='ocrx_word' id='word_1_296' title='bbox 128 3205 294 3255; x_wconf 76' lang='lat' dir='ltr'><strong>miamiouem</strong></span> <span class='ocrx_word' id='word_1_297' title='bbox 310 3217 412 3256; x_wconf 87' lang='lat' dir='ltr'><strong>suoram</strong></span> <span class='ocrx_word' id='word_1_298' title='bbox 429 3207 600 3256; x_wconf 88' lang='lat' dir='ltr'><strong>terminorum.</strong></span> <span class='ocrx_word' id='word_1_299' title='bbox 618 3210 712 3258; x_wconf 74' lang='lat' dir='ltr'><strong>Vsum</strong></span> <span class='ocrx_word' id='word_1_300' title='bbox 732 3209 792 3257; x_wconf 84' lang='lat' dir='ltr'><strong>iace</strong></span> <span class='ocrx_word' id='word_1_301' title='bbox 810 3208 894 3259; x_wconf 86' lang='lat' dir='ltr'><strong>iocum</strong></span> <span class='ocrx_word' id='word_1_302' title='bbox 911 3205 1002 3257; x_wconf 66' lang='lat' dir='ltr'><strong>isiae</strong></span> <span class='ocrx_word' id='word_1_303' title='bbox 1015 3218 1067 3256; x_wconf 80' lang='lat' dir='ltr'><strong>son</strong></span> <span class='ocrx_word' id='word_1_304' title='bbox 1083 3207 1206 3269; x_wconf 87' lang='lat' dir='ltr'><strong>possuui,</strong></span> 
     </span>
     <span class='ocr_line' id='line_1_32' title="bbox 129 3283 1205 3350; baseline 0.002 -18"><span class='ocrx_word' id='word_1_305' title='bbox 129 3283 177 3332; x_wconf 87' lang='lat' dir='ltr'><strong>uisi</strong></span> <span class='ocrx_word' id='word_1_306' title='bbox 194 3283 219 3334; x_wconf 86' lang='lat' dir='ltr'><strong>in</strong></span> <span class='ocrx_word' id='word_1_307' title='bbox 236 3297 266 3334; x_wconf 88' lang='lat' dir='ltr'><strong>eo</strong></span> <span class='ocrx_word' id='word_1_308' title='bbox 278 3297 365 3348; x_wconf 84' lang='lat' dir='ltr'><strong>genera</strong></span> <span class='ocrx_word' id='word_1_309' title='bbox 380 3285 589 3350; x_wconf 71' lang='lat' dir='ltr'><strong>syllogismorum,</strong></span> <span class='ocrx_word' id='word_1_310' title='bbox 606 3300 670 3350; x_wconf 87' lang='lat' dir='ltr'><strong>quos</strong></span> <span class='ocrx_word' id='word_1_311' title='bbox 681 3288 777 3336; x_wconf 82' lang='lat' dir='ltr'><strong>veteres</strong></span> <span class='ocrx_word' id='word_1_312' title='bbox 794 3289 899 3350; x_wconf 75' lang='lat' dir='ltr'><strong>prium</strong></span> <span class='ocrx_word' id='word_1_313' title='bbox 908 3283 1017 3349; x_wconf 69' lang='lat' dir='ltr'><strong>figurae</strong></span> <span class='ocrx_word' id='word_1_314' title='bbox 1035 3284 1205 3335; x_wconf 62' lang='lat' dir='ltr'><strong>nominabam</strong></span> 
     </span>
     <span class='ocr_line' id='line_1_33' title="bbox 129 3362 1208 3430; baseline 0.002 -18"><span class='ocrx_word' id='word_1_315' title='bbox 129 3365 211 3421; x_wconf 84' lang='lat' dir='ltr'><strong>Quare</strong></span> <span class='ocrx_word' id='word_1_316' title='bbox 228 3377 302 3424; x_wconf 86' lang='lat' dir='ltr'><strong>cum,</strong></span> <span class='ocrx_word' id='word_1_317' title='bbox 321 3368 416 3427; x_wconf 84' lang='lat' dir='ltr'><strong>praeter</strong></span> <span class='ocrx_word' id='word_1_318' title='bbox 432 3379 490 3430; x_wconf 85' lang='lat' dir='ltr'><strong>eoa,</strong></span> <span class='ocrx_word' id='word_1_319' title='bbox 508 3367 572 3416; x_wconf 85' lang='lat' dir='ltr'><strong>alise</strong></span> <span class='ocrx_word' id='word_1_320' title='bbox 585 3367 785 3429; x_wconf 88' lang='lat' dir='ltr'><strong>syllogismorum</strong></span> <span class='ocrx_word' id='word_1_321' title='bbox 801 3367 895 3430; x_wconf 85' lang='lat' dir='ltr'><strong>species</strong></span> <span class='ocrx_word' id='word_1_322' title='bbox 911 3364 1078 3429; x_wconf 84' lang='lat' dir='ltr'><strong>inveniantur,</strong></span> <span class='ocrx_word' id='word_1_323' title='bbox 1093 3377 1157 3428; x_wconf 88' lang='lat' dir='ltr'><strong>quae</strong></span> <span class='ocrx_word' id='word_1_324' title='bbox 1173 3362 1208 3414; x_wconf 77' lang='lat' dir='ltr'><strong>sil</strong></span> 
     </span>
     <span class='ocr_line' id='line_1_34' title="bbox 127 3440 930 3508; baseline 0.005 -17"><span class='ocrx_word' id='word_1_325' title='bbox 127 3440 236 3501; x_wconf 85' lang='lat' dir='ltr'><strong>reliquas</strong></span> <span class='ocrx_word' id='word_1_326' title='bbox 253 3441 342 3502; x_wconf 82' lang='lat' dir='ltr'><strong>figuras</strong></span> <span class='ocrx_word' id='word_1_327' title='bbox 358 3445 489 3506; x_wconf 84' lang='lat' dir='ltr'><strong>pertineat,</strong></span> <span class='ocrx_word' id='word_1_328' title='bbox 507 3445 590 3508; x_wconf 91' lang='lat' dir='ltr'><strong>regula</strong></span> <span class='ocrx_word' id='word_1_329' title='bbox 606 3460 655 3496; x_wconf 89' lang='lat' dir='ltr'><strong>nou</strong></span> <span class='ocrx_word' id='word_1_330' title='bbox 672 3445 734 3496; x_wconf 83' lang='lat' dir='ltr'><strong>salis</strong></span> <span class='ocrx_word' id='word_1_331' title='bbox 750 3445 869 3508; x_wconf 85' lang='lat' dir='ltr'><strong>generalis</strong></span> <span class='ocrx_word' id='word_1_332' title='bbox 885 3446 930 3495; x_wconf 87' lang='lat' dir='ltr'><strong>ast.</strong></span> 
     </span>
    </p>

    <p class='ocr_par' dir='ltr' id='par_1_7' title="bbox 127 3519 1207 4065">
     <span class='ocr_line' id='line_1_35' title="bbox 183 3519 1206 3589; baseline 0.007 -21"><span class='ocrx_word' id='word_1_333' title='bbox 183 3519 231 3568; x_wconf 80' lang='lat' dir='ltr'><strong>sili</strong></span> <span class='ocrx_word' id='word_1_334' title='bbox 252 3520 315 3569; x_wconf 82' lang='lat' dir='ltr'><strong>lianc</strong></span> <span class='ocrx_word' id='word_1_335' title='bbox 336 3535 409 3572; x_wconf 88' lang='lat' dir='ltr'><strong>uuam</strong></span> <span class='ocrx_word' id='word_1_336' title='bbox 426 3526 540 3574; x_wconf 85' lang='lat' dir='ltr'><strong>statuunt</strong></span> <span class='ocrx_word' id='word_1_337' title='bbox 561 3526 654 3588; x_wconf 83' lang='lat' dir='ltr'><strong>legem:</strong></span> <span class='ocrx_word' id='word_1_338' title='bbox 676 3526 766 3578; x_wconf 81' lang='lat' dir='ltr'><strong>aliem</strong></span> <span class='ocrx_word' id='word_1_339' title='bbox 782 3529 993 3589; x_wconf 74' lang='lat' dir='ltr'><strong>praeterissemus</strong></span> <span class='ocrx_word' id='word_1_340' title='bbox 1012 3523 1206 3576; x_wconf 80' lang='lat' dir='ltr'><strong>conclusionem</strong></span> 
     </span>
     <span class='ocr_line' id='line_1_36' title="bbox 129 3599 1207 3667; baseline 0.005 -17"><span class='ocrx_word' id='word_1_341' title='bbox 129 3599 274 3658; x_wconf 80' lang='lat' dir='ltr'><strong>contiueat,</strong></span> <span class='ocrx_word' id='word_1_342' title='bbox 287 3599 375 3650; x_wconf 83' lang='lat' dir='ltr'><strong>oiierc</strong></span> <span class='ocrx_word' id='word_1_343' title='bbox 384 3603 502 3653; x_wconf 79' lang='lat' dir='ltr'><strong>eamdam</strong></span> <span class='ocrx_word' id='word_1_344' title='bbox 516 3607 544 3654; x_wconf 84' lang='lat' dir='ltr'><strong>in</strong></span> <span class='ocrx_word' id='word_1_345' title='bbox 555 3617 587 3655; x_wconf 87' lang='lat' dir='ltr'><strong>eo</strong></span> <span class='ocrx_word' id='word_1_346' title='bbox 603 3607 734 3656; x_wconf 85' lang='lat' dir='ltr'><strong>coatiacri</strong></span> <span class='ocrx_word' id='word_1_347' title='bbox 745 3604 845 3656; x_wconf 82' lang='lat' dir='ltr'><strong>doceat.</strong></span> <span class='ocrx_word' id='word_1_348' title='bbox 863 3605 973 3655; x_wconf 83' lang='lat' dir='ltr'><strong>Periclis</strong></span> <span class='ocrx_word' id='word_1_349' title='bbox 986 3605 1095 3667; x_wconf 75' lang='lat' dir='ltr'><strong>quiden.</strong></span> <span class='ocrx_word' id='word_1_350' title='bbox 1113 3606 1145 3655; x_wconf 83' lang='lat' dir='ltr'><strong>st</strong></span> <span class='ocrx_word' id='word_1_351' title='bbox 1159 3605 1207 3655; x_wconf 80' lang='lat' dir='ltr'><strong>boc</strong></span> 
     </span>
     <span class='ocr_line' id='line_1_37' title="bbox 128 3679 1207 3748; baseline 0.006 -20"><span class='ocrx_word' id='word_1_352' title='bbox 128 3680 213 3743; x_wconf 90' lang='lat' dir='ltr'><strong>ipsum</strong></span> <span class='ocrx_word' id='word_1_353' title='bbox 230 3679 357 3746; x_wconf 79' lang='lat' dir='ltr'><strong>quaeritur</strong></span> <span class='ocrx_word' id='word_1_354' title='bbox 378 3681 535 3742; x_wconf 82' lang='lat' dir='ltr'><strong>quandonam</strong></span> <span class='ocrx_word' id='word_1_355' title='bbox 554 3683 579 3733; x_wconf 86' lang='lat' dir='ltr'><strong>id</strong></span> <span class='ocrx_word' id='word_1_356' title='bbox 600 3685 627 3735; x_wconf 86' lang='lat' dir='ltr'><strong>ia</strong></span> <span class='ocrx_word' id='word_1_357' title='bbox 645 3685 804 3748; x_wconf 84' lang='lat' dir='ltr'><strong>syllogismo,</strong></span> <span class='ocrx_word' id='word_1_358' title='bbox 823 3685 867 3748; x_wconf 87' lang='lat' dir='ltr'><strong>qui</strong></span> <span class='ocrx_word' id='word_1_359' title='bbox 890 3684 1019 3747; x_wconf 77' lang='lat' dir='ltr'><strong>multiplex</strong></span> <span class='ocrx_word' id='word_1_360' title='bbox 1038 3697 1091 3734; x_wconf 85' lang='lat' dir='ltr'><strong>casa</strong></span> <span class='ocrx_word' id='word_1_361' title='bbox 1109 3685 1207 3747; x_wconf 81' lang='lat' dir='ltr'><strong>potest,</strong></span> 
     </span>
     <span class='ocr_line' id='line_1_38' title="bbox 127 3757 1207 3832; baseline 0.004 -22"><span class='ocrx_word' id='word_1_362' title='bbox 127 3759 211 3810; x_wconf 80' lang='lat' dir='ltr'><strong>locum</strong></span> <span class='ocrx_word' id='word_1_363' title='bbox 228 3757 326 3808; x_wconf 87' lang='lat' dir='ltr'><strong>habeat.</strong></span> <span class='ocrx_word' id='word_1_364' title='bbox 344 3757 376 3808; x_wconf 79' lang='lat' dir='ltr'><strong>iu</strong></span> <span class='ocrx_word' id='word_1_365' title='bbox 391 3760 455 3810; x_wconf 87' lang='lat' dir='ltr'><strong>enim</strong></span> <span class='ocrx_word' id='word_1_366' title='bbox 469 3773 515 3810; x_wconf 88' lang='lat' dir='ltr'><strong>noo</strong></span> <span class='ocrx_word' id='word_1_367' title='bbox 532 3761 625 3825; x_wconf 87' lang='lat' dir='ltr'><strong>ubique</strong></span> <span class='ocrx_word' id='word_1_368' title='bbox 644 3777 690 3814; x_wconf 90' lang='lat' dir='ltr'><strong>uec</strong></span> <span class='ocrx_word' id='word_1_369' title='bbox 706 3777 803 3827; x_wconf 87' lang='lat' dir='ltr'><strong>semper</strong></span> <span class='ocrx_word' id='word_1_370' title='bbox 817 3765 890 3816; x_wconf 82' lang='lat' dir='ltr'><strong>isciie</strong></span> <span class='ocrx_word' id='word_1_371' title='bbox 909 3767 1019 3828; x_wconf 79' lang='lat' dir='ltr'><strong>apparet.</strong></span> <span class='ocrx_word' id='word_1_372' title='bbox 1041 3763 1207 3832; x_wconf 76' lang='lat' dir='ltr'><strong>Quamobrem</strong></span> 
     </span>
     <span class='ocr_line' id='line_1_39' title="bbox 127 3837 1206 3909; baseline 0.005 -21"><span class='ocrx_word' id='word_1_373' title='bbox 127 3839 159 3888; x_wconf 85' lang='lat' dir='ltr'><strong>ad</strong></span> <span class='ocrx_word' id='word_1_374' title='bbox 178 3839 226 3890; x_wconf 85' lang='lat' dir='ltr'><strong>hoc</strong></span> <span class='ocrx_word' id='word_1_375' title='bbox 242 3837 428 3888; x_wconf 82' lang='lat' dir='ltr'><strong>diiudicandum</strong></span> <span class='ocrx_word' id='word_1_376' title='bbox 445 3839 544 3902; x_wconf 79' lang='lat' dir='ltr'><strong>regulae</strong></span> <span class='ocrx_word' id='word_1_377' title='bbox 561 3841 631 3905; x_wconf 85' lang='lat' dir='ltr'><strong>iliae,</strong></span> <span class='ocrx_word' id='word_1_378' title='bbox 652 3857 714 3906; x_wconf 86' lang='lat' dir='ltr'><strong>quas</strong></span> <span class='ocrx_word' id='word_1_379' title='bbox 734 3858 809 3909; x_wconf 87' lang='lat' dir='ltr'><strong>supra</strong></span> <span class='ocrx_word' id='word_1_380' title='bbox 830 3844 1094 3907; x_wconf 81' lang='lat' dir='ltr'><strong>uomnacmorarimus,</strong></span> <span class='ocrx_word' id='word_1_381' title='bbox 1111 3844 1206 3906; x_wconf 85' lang='lat' dir='ltr'><strong>sapien-</strong></span> 
     </span>
     <span class='ocr_line' id='line_1_40' title="bbox 128 3910 1205 3989; baseline 0.002 -19"><span class='ocrx_word' id='word_1_382' title='bbox 128 3910 224 3970; x_wconf 82' lang='lat' dir='ltr'><strong>tissime</strong></span> <span class='ocrx_word' id='word_1_383' title='bbox 244 3921 302 3970; x_wconf 86' lang='lat' dir='ltr'><strong>suni</strong></span> <span class='ocrx_word' id='word_1_384' title='bbox 318 3933 333 3970; x_wconf 84' lang='lat' dir='ltr'><strong>a</strong></span> <span class='ocrx_word' id='word_1_385' title='bbox 348 3919 484 3970; x_wconf 83' lang='lat' dir='ltr'><strong>dialecticis</strong></span> <span class='ocrx_word' id='word_1_386' title='bbox 506 3923 673 3987; x_wconf 83' lang='lat' dir='ltr'><strong>excogitatae,</strong></span> <span class='ocrx_word' id='word_1_387' title='bbox 694 3937 759 3987; x_wconf 89' lang='lat' dir='ltr'><strong>quac</strong></span> <span class='ocrx_word' id='word_1_388' title='bbox 780 3925 884 3989; x_wconf 84' lang='lat' dir='ltr'><strong>proinde</strong></span> <span class='ocrx_word' id='word_1_389' title='bbox 902 3913 1096 3977; x_wconf 77' lang='lat' dir='ltr'><strong>mutemni&#39;siue</strong></span> <span class='ocrx_word' id='word_1_390' title='bbox 1115 3923 1205 3986; x_wconf 88' lang='lat' dir='ltr'><strong>impru-</strong></span> 
     </span>
     <span class='ocr_line' id='line_1_41' title="bbox 129 3999 496 4065; baseline 0.005 -17"><span class='ocrx_word' id='word_1_391' title='bbox 129 3999 227 4052; x_wconf 71' lang='lat' dir='ltr'><strong>dentiae</strong></span> <span class='ocrx_word' id='word_1_392' title='bbox 242 4000 299 4052; x_wconf 83' lang='lat' dir='ltr'><strong>nota</strong></span> <span class='ocrx_word' id='word_1_393' title='bbox 315 4013 364 4052; x_wconf 88' lang='lat' dir='ltr'><strong>non</strong></span> <span class='ocrx_word' id='word_1_394' title='bbox 385 4001 496 4065; x_wconf 65' lang='lat' dir='ltr'><strong>posunt.</strong></span> 
     </span>
    </p>
   </div>
   <div class='ocr_carea' id='block_1_7' title="bbox 0 0 1456 4425">
    <p class='ocr_par' dir='ltr' id='par_1_8' title="bbox 0 0 1456 4425">
     <span class='ocr_line' id='line_1_42' title="bbox 0 0 1456 4425; baseline 0 0"><span class='ocrx_word' id='word_1_395' title='bbox 0 0 1456 4425; x_wconf 95' lang='lat' dir='ltr'><strong> </strong></span> 
     </span>
    </p>
   </div>
  </div>
 </body>
</html>
