2892 4425
449 400 525 443 ouon
546 400 699 444 umu·
723 399 887 445 unooooos
1149 392 1205 445 tta

126 511 175 569 nis
195 504 355 586 mundique
376 504 608 585 adspectatitis,
632 513 694 570 tum
718 512 811 570 ctiam
834 513 962 572 rationis
986 513 1020 569 in
1040 526 1140 571 omum
1160 511 1205 573 di·

127 604 270 683 riqcndoe
287 623 324 665 oo
344 604 507 666 ootuntotis
523 611 616 684 prout
638 608 715 684 finis
741 606 888 669 tmnanae
907 610 989 669 uitae
1013 610 1111 687 eaiqit
1135 614 1204 671 tan·

123 702 279 781 mandas
292 709 503 780 conqrucntem
519 706 658 765 notitiam
670 722 731 765 non
748 703 935 783 adiunqeret.
956 703 1159 767 Ninimminus
1172 708 1206 769 id

128 800 171 860 ad
188 803 252 859 eius
271 798 499 877 amptitudinem
521 805 552 860 et
568 800 814 878 praecellentiam
834 806 963 880 spectat,
992 801 1072 880 quod
1094 808 1206 864 ceterae

128 914 227 962 omnes
248 896 405 957 rationalis
420 896 627 976 pmmopiiae
646 903 748 977 partes
775 916 811 959 ea
830 898 880 959 oei
900 902 1039 960 nitantur
1060 900 1109 961 oei
1133 901 1204 962 ittu-

126 1000 268 1071 sinentur,
280 1000 370 1074 atque
382 998 415 1054 in
428 998 493 1074 ipsa
505 999 658 1075 tamquam
670 995 754 1057 radii
766 1000 799 1056 in
811 1001 911 1059 centro
922 1014 953 1057 so
968 1001 1105 1075 tanqont.
1118 996 1205 1073 Quod

126 1093 198 1153 dum
215 1097 325 1153 mentes
342 1095 377 1152 in
395 1108 537 1169 maqnam
557 1092 734 1171 disciptinae
754 1091 842 1154 iuius
859 1092 1087 1155 admirationem
1106 1099 1200 1174 rapit,

126 1190 323 1252 mnementem
347 1194 439 1250 etiam
458 1193 520 1250 eius
541 1188 748 1269 admirandae
769 1194 926 1269 inqenorat
947 1190 1155 1270 cupiditatem.

192 1289 293 1347 Verum
315 1302 373 1365 quo
393 1285 580 1365 praeclarius
603 1286 738 1365 aliquid,
763 1287 818 1347 noe
838 1285 1012 1365 difficilium
1037 1288 1126 1367 moire
1147 1294 1202 1351 mi·

122 1386 204 1461 n’Jtee
222 1386 256 1443 in
279 1400 340 1443 rem
357 1389 542 1461 praesentem
558 1382 700 1462 quadrat.
724 1386 795 1446 Diei
813 1388 891 1447 eruim
913 1388 970 1447 oia
992 1390 1091 1465 potest
1109 1405 1201 1467 quam

123 1480 307 1541 venementer
319 1483 438 1541 intema
453 1480 526 1542 daec
546 1480 673 1542 nominis
688 1480 858 1561 disquisitio
875 1482 971 1545 arduo
989 1487 1031 1545 sit
1051 1489 1201 1565 oestiqotu

122 1583 212 1656 atquc
231 1577 366 1640 latorum
385 1584 415 1637 et
424 1577 626 1657 pericodomm
638 1578 743 1657 piena.
765 1580 856 1643 Cuius
877 1582 995 1661 quidem
1012 1580 1202 1661 difficultatis

120 1692 227 1735 comae
236 1675 426 1755 quamptmes
439 1674 545 1753 roserii
553 1683 691 1755 ponattq
704 1695 759 1756 eqo
767 1682 946 1758 praecipuas
960 1683 1197 1743 commemorabo.

182 1772 319 1850 Emerqit
334 1775 435 1851 itaque
452 1772 487 1833 id
504 1777 539 1833 in
553 1776 661 1851 primis
677 1790 716 1834 ca
739 1791 781 1850 eo,
800 1774 880 1852 quod
898 1779 1031 1838 animum
1049 1796 1108 1839 non
1126 1797 1201 1841 seor·

115 1888 181 1932 sum
205 1874 238 1930 in
261 1888 292 1931 se
312 1870 403 1931 liceat
423 1870 628 1949 contemplari,
650 1870 702 1931 sed
721 1888 789 1931 cum
809 1889 939 1951 corpore,
963 1873 1037 1935 adeo
1059 1879 1202 1937 nimirum

119 1968 262 2029 dissimili
274 1970 481 2046 contrarioque
493 1968 674 2044 substantio,
683 1986 828 2048 perquam
841 1973 950 2031 intima
963 1974 1116 2034 iuratione
1125 1990 1200 2035 corn

119 2070 261 2126 mmm.
284 2066 336 2127 En
352 2083 409 2143 quo
421 2066 465 2142 fit
485 2071 521 2126 ut
540 2070 600 2126 nisi
616 2082 742 2144 maqnos
761 2083 848 2127 curos
866 2066 1049 2146 multumque
1067 2070 1200 2131 studium

120 2164 328 2240 adnibmus,
352 2167 507 2243 utrimque
529 2167 656 2225 naturae
674 2162 821 2241 conditio,
842 2164 965 2241 limites,
986 2169 1197 2244 proprietates,

118 2265 223 2324 munia
242 2266 400 2336 nonsatis,
425 2264 461 2323 ut
482 2265 608 2340 oportet,
633 2265 835 2322 seccrroantur.

12 2420 14 2423 .
182 2360 296 2421 Deinde
303 2402 312 2435 ,
342 2360 523 2435 obseruatio,
547 2377 624 2438 quae
647 2362 870 2420 ratiocinationi
896 2359 1065 2438 suppeditat
1084 2359 1198 2438 sunda·

119 2461 252 2521 mentum
268 2461 353 2537 eique
370 2462 522 2536 tamquam
539 2460 733 2536 praeparatio
750 2454 879 2534 diiiqens
897 2459 1066 2532 antevertit,
1087 2457 1144 2518 iac
1166 2463 1199 2520 in

118 2573 152 2616 re
171 2554 354 2616 adminicuto
375 2555 542 2615 reflexionts
563 2559 725 2630 exaretur,
748 2571 825 2632 quae
847 2555 976 2615 omnium
995 2557 1199 2632 opmotioaum

118 2652 311 2733 aoqnosoendi
329 2653 424 2731 piane
443 2656 489 2713 cst
511 2649 714 2728 difficillima,
742 2669 795 2712 neo
819 2654 878 2712 nisi
896 2654 1078 2730 prooemiare
1100 2655 1199 2713 aetate

113 2755 287 2832 pcraqitur.
305 2749 389 2812 Unda
407 2767 467 2811 non
485 2748 571 2811 mado
590 2766 723 2811 caremus
742 2751 921 2810 corucientia
937 2751 1111 2827 primitivae
1133 2765 1198 2810 evo·

119 2849 242 2910 tutionis
260 2845 429 2910 nostrasmn
439 2845 628 2925 facultatum
644 2845 716 2908 dum
735 2849 841 2908 sanim
858 2851 889 2906 et
901 2845 1082 2925 pedetentim
1100 2847 1198 2926 eapti·

117 2946 283 3020 achantum
302 2945 356 3006 sed
374 2947 466 3006 otiam
482 2947 516 3004 in
535 2961 594 3007 uno
614 2943 770 3004 indiuiduo
786 2941 1011 3022 contemplando
1029 2961 1197 3020 vorsamar‚·

117 3041 155 3103 de
172 3046 276 3103 ceteris
295 3061 363 3104 oero
383 3045 555 3104 coniectura
570 3040 717 3119 socienda
735 3045 781 3102 est
799 3059 838 3102 ea
854 3044 909 3116 iis,
933 3059 1008 3120 quae
1028 3041 1068 3101 ab
1087 3057 1198 3103 conam·

117 3139 186 3200 dom
198 3141 309 3219 aqendi
325 3157 406 3203 more
422 3144 454 3200 et
469 3139 678 3203 commodine
692 3141 852 3218 patefiunt.
871 3139 971 3214 Quare
986 3139 1123 3218 auqenda
1137 3157 1197 3200 ma

116 3239 200 3298 aiom
216 3237 378 3315 ditiqentia
398 3241 459 3314 est,
480 3243 516 3298 nt
533 3237 639 3298 idonea
660 3237 731 3297 inde
751 3235 883 3299 inductio
899 3241 995 3315 possit
1015 3240 1145 3298 institui.

177 3333 300 3396 Accedit
319 3333 399 3413 quad
417 3353 484 3395 oum
506 3338 614 3395 suimet
627 3334 844 3396 internoscendi
862 3333 1028 3412 cupiditate
1040 3334 1196 3412 peram

117 3431 203 3493 torno
227 3435 262 3492 in
285 3437 378 3492 sanet
399 3435 571 3507 revortitur,
597 3435 692 3493 animi
717 3434 795 3492 uires
821 3447 920 3492 omnes
944 3447 1004 3491 non
1025 3429 1111 3494 neoda
1137 3435 1198 3492 iam

115 3528 249 3588 evolutas
274 3528 328 3589 sed
347 3532 440 3589 enam
459 3527 525 3606 scre
547 3546 609 3590 una
631 3533 784 3606 apaantcs
808 3527 942 3605 atiaoque
967 3544 1006 3588 en
1034 3525 1105 3588 aliis
1129 3543 1197 3604 quo

115 3624 272 3688 dammodo
291 3642 386 3687 necas
401 3631 432 3686 et
450 3630 537 3704 quasi
555 3625 717 3706 implicitas
736 3627 888 3703 comperit.
914 3623 955 3684 Et
973 3627 1107 3702 quamvis
1125 3639 1197 3683 ana·

117 3721 177 3800 tqsi
189 3721 262 3783 ilias
280 3724 420 3801 seiuaqat
435 3730 467 3784 et
480 3723 640 3799 distrahat,
657 3725 803 3784 tamenin
816 3721 870 3783 noc
888 3739 908 3780 a
921 3719 1054 3800 equitat
1066 3719 1197 3797 quadam

114 3819 252 3880 maturati
269 3823 382 3898 iupiter
403 3819 577 3898 impeditur.
599 3821 773 3881 Dumanim
786 3821 1031 3895 aequanimus
1051 3816 1093 3876 ad
1113 3820 1196 3877 actus

114 3915 335 3995 intettiqentiae
358 3917 531 3978 constantior
550 3935 582 3977 se
600 3915 741 3991 carratis,
764 3914 856 3976 simsd
873 3916 1026 3988 nantario,
1050 3913 1196 3988 imoqino·

118 4015 169 4088 tio,
191 4011 340 4088 voluntas,
363 4016 409 4073 m's
425 4014 541 4074 sensitis
561 4013 602 4074 ad
618 4012 765 4090 apendum
784 4015 935 4086 nitentum
952 4028 1028 4089 quae
1046 4014 1076 4070 et
1091 4011 1195 4068 mentis
