2892 4425
237 366 291 417 166
562 374 801 435 ututrlusictii
822 374 982 419 abacistis

232 485 337 557 spicist
356 480 559 557 prophetiam,
581 488 682 557 utpote
700 499 777 558 quae
796 486 826 542 in
847 483 999 543 eventibus
1020 482 1255 559 contingentibus
1276 491 1309 567 et

134 618 144 629 -
234 578 333 639 liberis
353 578 723 655 aaudnaudis'versetur,
743 582 795 656 qui
819 596 886 639 cam
912 581 995 639 nullo
1020 584 1182 641 necessario
1203 590 1329 658 agente¹

233 680 464 751 connectuntur,
485 692 521 735 es
542 677 624 736 nulla
643 684 741 737 creata
761 678 951 755 intelligentia
976 680 1152 754 cogitatione
1176 681 1239 738 siue
1261 680 1309 737 di·

234 778 312 831 recta
331 775 394 831 slva
415 772 522 832 relicua
541 774 687 849 deriuari,
707 774 758 833 sad
780 790 846 833 eum
868 790 987 850 pmrsus
1009 774 1063 859 sibi
1085 776 1234 835 vindicare
1253 793 1308 835 aa·

232 877 362 946 ctorem,
379 886 416 929 ax
434 873 519 931 ciuus
537 876 611 930 nutu
629 874 759 931 actiones
776 887 877 930 omnes
895 871 1050 947 pendeant.
1075 870 1175 931 Fidem
1193 888 1262 933 varo
1279 880 1309 931 et

233 968 458 1042 revelationem,
480 982 548 1027 cum
575 969 713 1027 ueritates
739 974 856 1043 captum
880 967 1042 1027 humanum
1066 976 1237 1045 superantes
1263 986 1307 1029 re·

233 1066 375 1140 spiciaut,
397 1080 416 1123 a
437 1065 520 1125 nullo
541 1065 669 1125 naturali
693 1066 800 1123 mentis
823 1071 900 1124 statu
921 1065 986 1123 elici
1009 1081 1102 1139 poasc.
1125 1064 1181 1123 Sed
1202 1065 1258 1124 bae
1278 1073 1308 1124 et

232 1163 399 1221 consimiles
422 1164 567 1222 vanitates
595 1161 661 1221 ideo
685 1177 704 1219 a
729 1161 917 1221 rationalistis
942 1161 1149 1237 proteruntur,
1172 1169 1205 1221 ut
1227 1166 1306 1221 omni

233 1260 448 1337 supernaturali
473 1259 625 1335 Religione
646 1259 690 1334 (si
714 1258 778 1319 fieri
803 1258 918 1333 posset)
941 1259 1108 1334 eibniuata,
1130 1276 1199 1319 suae
1224 1276 1308 1335 prae·

233 1364 366 1435 posterae
385 1363 416 1417 et
438 1355 574 1417 deliranti
600 1360 707 1437 rationi
732 1363 844 1416 tautam
870 1358 1073 1415 auctoritatem
1099 1352 1249 1432 tribuunt,
1274 1363 1308 1415 ut

232 1456 279 1513 lus
297 1457 328 1513 in
348 1456 487 1513 veritates
509 1470 610 1513 omues
636 1449 727 1513 uduti
754 1453 791 1512 da
815 1454 887 1514 aella
908 1468 943 1511 ae
964 1453 1105 1513 tribunali
1127 1454 1305 1528 pronuntiet.

232 1550 311 1610 Prob
331 1551 486 1610 stultorum
510 1551 663 1611 bominum
686 1552 864 1626 petulantiai
887 1566 976 1627 quam
996 1552 1059 1610 iure
1085 1552 1157 1611 adeo
1181 1550 1306 1610 conlun-

231 1646 277 1706 dit
299 1644 399 1721 Deus3
425 1652 461 1707 ut
486 1648 553 1707 licet
579 1664 666 1725 saepe
688 1651 807 1724 ingenio
829 1663 888 1707 non
913 1656 1032 1708 careant
1057 1650 1234 1725 perspicaci,
1261 1655 1306 1707 ta-

233 1760 299 1803 men
324 1746 355 1803 in
378 1744 452 1804 trias
475 1744 612 1805 labantur
635 1748 784 1822 insanias,
805 1761 929 1821 quarum
955 1746 1163 1807 balbutientem
1187 1745 1308 1822 puderet

233 1839 423 1909 infantulum.

626 2024 808 2082 Aarscuuus
831 2023 911 2081 iiiii.

385 2225 429 2284 De
450 2224 612 2302 appetendi
632 2228 663 2284 vt
685 2231 715 2286 rt
732 2228 918 2302 potissimum
943 2224 978 2284 sia
1002 2224 1148 2284 liberiore.

292 2441 342 2493 82.
366 2434 482 2495 Praeter
508 2435 701 2511 cognoscendi
731 2437 895 2507 ardonem,
927 2442 1023 2496 motus
1051 2435 1193 2512 quosdam
1222 2435 1306 2496 nobis

229 2533 327 2590 >laesae
345 2534 530 2607 experimur,
549 2530 658 2607 quibua
677 2532 716 2590 ad
736 2531 785 2608 id,
805 2531 883 2608 quod
905 2538 1055 2608 tamquam
1075 2531 1185 2593 bonum
1206 2548 1307 2609 appre-

232 2629 404 2705 baadimns,
425 2629 564 2704 lerimnr3
584 2629 618 2688 id
637 2646 724 2706 vero,
743 2630 822 2706 quod
842 2629 952 2690 maium
974 2636 1108 2706 apparet,
1122 2641 1302 2690 aversamur.

139 2758 142 2763 >
230 2725 412 2788 Facultatesn
432 2725 567 2786 eliciendi
587 2725 645 2786 bos
665 2734 749 2788 actus
762 2730 826 2786 vim
844 2725 997 2803 appetendi
1018 2729 1212 2786 nominamus.
1235 2727 1306 2788 Eius

231 2826 309 2884 enlm
331 2825 486 2900 pmecipua
499 2826 578 2884 actio
591 2826 622 2882 ln
636 2826 813 2900 appetitione
832 2825 890 2884 sita
910 2829 971 2900 eat,
986 2824 1128 2900 siquidem
1142 2827 1172 2882 iu
1191 2831 1306 2886 tantum

231 2923 342 2981 amalo
363 2919 541 2997 refugimus,
555 2923 586 2980 ln
599 2929 743 2996 quantum
764 2923 944 2982 eontrarium
963 2923 1042 2997 eius,
1056 2937 1160 2998 nempe
1179 2921 1305 2998 bonnm,

231 3019 476 3094 concupiscimus.
489 3019 587 3092 Quare
599 3020 725 3094 ipsamet
738 3019 810 3096 iuga
825 3019 894 3078 mall
909 3021 1115 3095 appetitionem
1130 3019 1308 3080 bautonius

231 3113 300 3174 dam
320 3114 455 3174 includit.

293 3220 343 3270 tia.
365 3209 600 3296 Fundamentum
620 3219 649 3272 et
667 3214 748 3274 velot
769 3215 869 3291 radix,
885 3231 920 3274 ex
935 3231 994 3291 qua
1008 3218 1151 3290 appetitus
1164 3214 1304 3290 pullulet,
1386 3261 1388 3266 ,

233 3312 262 3368 in
282 3309 469 3367 incommodo
482 3309 610 3385 quodam
625 3313 811 3392 animistatu
825 3319 854 3371 et
868 3315 1024 3387 irrequieta
1044 3315 1127 3386 quasi
1148 3315 1307 3388 agitatione

231 3421 249 3464 a
268 3408 399 3466 sensistis
420 3409 580 3481 reponitur.
605 3407 712 3467 Verum
734 3408 764 3466 id
785 3424 848 3478 non,
865 3424 985 3468 eausam
1003 3411 1188 3484 appetitionis
1209 3411 1240 3468 iu
1261 3425 1307 3486 ge

231 3517 300 3561 nera
320 3503 369 3560 aed
390 3505 452 3562 eius
473 3502 610 3562 ellectum
632 3504 758 3579 aliquem
780 3511 810 3564 et
830 3505 1005 3580 peculiarem
1021 3505 1144 3565 formam
1166 3499 1305 3582 exhibet,

234 3602 372 3658 nimirum
397 3601 528 3660 dolorem
552 3608 583 3660 ei
599 3599 762 3685 tristitiam.
785 3601 822 3661 Et
846 3619 916 3662 sanc
939 3605 1069 3678 inquieta
1092 3603 1163 3662 baec
1186 3605 1307 3678 agitatio

231 3697 421 3758 nullomodo
441 3701 544 3758 sentiri
566 3700 603 3759 ab
623 3701 722 3759 animo
736 3707 849 3775 posset,
865 3703 919 3758 nisi
942 3709 1028 3760 antea
1048 3701 1198 3760 inclinatio
1218 3716 1306 3776 quae·

230 3795 300 3854 dam
320 3798 350 3854 iu
372 3798 435 3872 ipso
455 3797 660 3856 subaudiretur
680 3798 717 3856 ad
740 3798 848 3858 bonum
867 3799 1003 3875 aliquod,
1019 3815 1053 3858 cx
1075 3801 1158 3862 cuius
1179 3799 1309 3857 carentia

231 3895 349 3969 angitur
361 3902 390 3954 et
403 3895 536 3955 tabescit.
558 3895 655 3967 Quare
677 3895 761 3954 radix
777 3899 962 3972 appetitionis
981 3901 1089 3956 remote
1106 3901 1151 3954 est
1169 3897 1235 3970 ipsa
1254 3910 1307 3953 na·

231 3996 314 4066 tura,
328 3996 461 4066 proxime
482 4010 551 4051 vero
567 4000 612 4051 est
625 3995 765 4066 cognitio.
788 3995 909 4054 Remota
931 4001 975 4052 est
997 4001 1117 4066 natura,
1132 3994 1219 4068 quio,
1236 4007 1304 4051 cum
