2892 4425
459 374 662 422 rixaretur
683 372 916 420 -noerronoeri
1111 436 1114 442 Ι
1190 370 1225 423 tt

148 490 362 563 modenam,
381 500 458 562 qnae
481 500 604 561 oorpora
622 484 891 561 minoritatem,
918 486 994 545 ratio
1019 482 1171 545 sniiidem
1195 488 1226 545 in

149 589 211 662 ipsa
235 600 390 661 corporum
414 584 547 643 realitate
569 590 599 643 et
618 584 783 658 praesentia
802 582 969 643 ooiioeetor.
1000 581 1121 641 Nniinm
1146 584 1227 643 enim

149 682 228 743 aitnd
246 681 391 758 mom
412 680 584 741 adversariis
602 686 694 757 patet.
722 679 812 756 Atqni
834 681 877 739 ita
901 686 963 756 est;
988 679 1123 739 ridetioet
1142 679 1227 741 nniia

149 795 186 839 ex
202 779 298 840 tribns
320 779 379 838 iiiis
398 780 495 837 oensis
518 780 601 838 ratio'
611 778 761 837 snffldens
778 777 970 853 phaenomeni
987 776 1075 837 hoios
1092 794 1157 839 esse
1174 796 1225 855 po·

89 887 94 895 '
149 882 216 937 teet.
241 874 319 953 iirgo
340 882 447 952 quarta
466 891 580 952 mnas,
603 890 694 952 mam
717 876 890 950 innuimus,
911 873 999 950 deiigi
1014 873 1116 951 debet3
1138 882 1226 952 atque

149 974 215 1034 ideo
234 974 322 1033 reaiis
343 974 500 1033 existentia
517 988 673 1049 eorpornm
696 971 816 1031 indubia
839 976 893 1031 mi.
920 968 1057 1048 Singulae
1083 975 1227 1048 assnmpti

149 1077 247 1147 partes
262 1070 478 1136 ootlostreoos.
1218 1133 1220 1138 s

209 1166 407 1244 deprimam,
425 1183 487 1227 non
503 1172 601 1245 potest
615 1182 705 1227 mosa
719 1166 838 1225 iiinmm
852 1167 1150 1243 repraesentationum
1164 1181 1227 1226 esse

148 1267 215 1340 ipsa
238 1266 331 1324 animi
355 1265 558 1329 conformatio.
585 1263 662 1323 Nam
685 1265 800 1323 animos
826 1270 871 1323 est
891 1263 1038 1340 simplex,
1063 1265 1154 1323 immo
1175 1280 1228 1341 per

149 1360 298 1421 ideaiistas
317 1361 391 1421 nuiii
412 1364 526 1437 corpori
545 1364 738 1437 ooninnotoe;
756 1376 862 1438 seona,
885 1364 912 1421 si
946 1362 1125 1421 eonnanrm
1150 1361 1227 1421 dioe·
1356 1368 1362 1381 ‘

150 1465 227 1534 rent,
251 1460 311 1518 iam
330 1474 454 1534 corpora
470 1465 587 1519 exsmre
603 1458 804 1519 morederent.
825 1458 865 1517 At
882 1474 952 1518 vero
971 1456 1227 1519 tommassin-

150 1556 218 1632 piex
236 1573 290 1632 per
311 1572 343 1616 se
365 1558 483 1615 nonnisi
505 1556 543 1615 ad
566 1557 710 1632 simpiieia
731 1556 788 1616 sibi
811 1554 1056 1633 repraesentanda
1076 1558 1225 1617 innitatur.

150 1654 232 1728 Quae
255 1656 333 1713 enirn
361 1656 497 1731 eognaiio
519 1660 571 1714 ant
596 1656 802 1714 eonvenientia
824 1656 901 1715 inter
922 1670 1033 1715 meram
1058 1654 1227 1730 simplieita-

149 1758 212 1812 tem
225 1758 255 1812 et
273 1751 543 1811 determinationem
564 1752 600 1810 ad
619 1753 779 1826 oompoeita
799 1768 850 1827 per
869 1752 949 1811 ideas
968 1752 1135 1813 simnianda
1155 1751 1226 1827 tingi

150 1849 264 1924 potest?
284 1846 495 1907 determinatio
510 1850 536 1907 et
554 1864 592 1907 ex
610 1854 733 1908 naturae
753 1851 874 1927 emergit
893 1851 1075 1925 amaritate,
1094 1850 1165 1925 quin
1186 1850 1230 1906 in·

150 1945 252 2005 dnxns
264 1944 343 2005 niius
359 1946 497 2004 adveniam
509 1948 706 2022 matroneum
721 1945 897 2021 respondens
915 1962 979 2005 esse
996 1946 1083 2006 debet
1098 1945 1229 2005 snbieeto

151 2045 182 2102 in
197 2057 259 2119 qno
273 2044 435 2102 innmeitnr
447 2049 477 2101 et
489 2055 596 2102 tonsae
609 2043 689 2102 ande
700 2042 907 2119 profleisoitor.
923 2043 958 2101 in
972 2046 1116 2119 praesenti
1131 2049 1228 2103 antem

152 2138 314 2199 enbieetnm
327 2139 469 2199 eiusmodi
487 2146 517 2200 et
533 2156 623 2201 eausa
634 2157 694 2200 non
707 2146 785 2201 esset
800 2140 892 2216 alind,
906 2142 963 2198 nisi
978 2141 1095 2199 animos
1109 2142 1230 2201 omnino

153 2239 296 2314 emptor,
308 2239 372 2296 sine
387 2237 448 2296 olio
463 2241 637 2298 oommereio
656 2254 724 2298 enm
747 2238 835 2298 rebar
855 2238 1033 2313 eompositis.
1059 2235 1137 2313 Ergo
1158 2251 1230 2296 non·

153 2335 211 2393 nbi
233 2334 271 2394 ad
293 2335 438 2410 simpiieia
461 2335 705 2411 repraesentanda
730 2337 893 2395 inoiinaret.
923 2333 1009 2394 Unde
1032 2335 1124 2410 igitar
1150 2334 1232 2394 doeit

154 2433 295 2508 originem
319 2434 351 2491 in
376 2431 463 2491 notris
487 2435 715 2508 repraesentatio
734 2433 985 2507 compositorum?
1007 2429 1140 2490 Proteeto
1158 2432 1235 2490 eim·.

154 2528 221 2604 piar
235 2534 267 2588 et
281 2529 519 2605 ineompositnm
539 2529 619 2606 qnod
634 2535 773 2605 operator
792 2527 994 2588 tantummodo
1016 2528 1045 2585 ri
1066 2532 1231 2586 stmotnrae

154 2625 289 2702 propriae
305 2626 463 2702 reaiitatis,
479 2626 552 2686 nihii
573 2626 711 2701 praehere
731 2631 826 2701 potest
842 2640 860 2684 a
877 2641 908 2684 se
924 2624 1099 2684 dissentione
1120 2625 1150 2682 in
1169 2626 1231 2683 sois

156 2723 481 2800 repmmmmnonttos,
501 2738 577 2800 qaae
595 2729 673 2783 nerto
692 2723 846 2799 principio,
864 2737 956 2798 aquo
971 2719 1143 2797 proeedont,
1161 2735 1230 2780 oon·
1274 2757 1276 2764 ι

156 2819 276 2880 iormori
294 2820 412 2882 debent.
1246 2883 1251 2895 ,

213 2917 387 2994 happened
405 2921 683 2995 repraesentationes
694 2919 802 2979 tdeales
817 2931 971 2994 eorpornm
986 2917 1024 2977 ab
1037 2917 1136 2976 animo
1149 2916 1232 2976 dnm·

156 3019 238 3074 taxat
256 3014 506 3091 determinantur,
530 3031 584 3075 oar
607 3031 730 3092 eorpora
754 3023 904 3092 tamqnam
927 3016 1161 3074 amoeniorem
1182 3029 1232 3089 po·

156 3113 222 3188 sita,
246 3117 277 3172 et
294 3128 355 3172 non
371 3115 470 3190 potios
486 3114 566 3173 intra
584 3116 732 3188 animam,
753 3115 843 3172 immo
864 3127 935 3172 vero
955 3127 1023 3174 enm
1041 3111 1144 3172 eodem
1163 3127 1233 3170 oon-

156 3207 222 3268 insa
241 3209 329 3285 plane
347 3216 378 3269 et
398 3213 557 3270 oomminta
578 3209 766 3271 reternntor?
789 3210 886 3287 Atque
905 3213 992 3269 etiem
1017 3209 1118 3268 sihoe
1137 3211 1234 3269 omitti

157 3305 239 3383 vetit,
251 3307 355 3373 tatem
372 3307 515 3368 animodi
532 3309 809 3383 repraesentationes
824 3323 947 3384 eorpora
966 3309 997 3366 in
1017 3305 1169 3366 rhodomo
1190 3323 1234 3365 re-

156 3402 232 3463 terre
251 3403 402 3482 deberent,
423 3411 454 3465 et
472 3405 570 3483 quoad
588 3413 760 3481 ooooeptnm
780 3411 912 3480 tantam,
935 3420 995 3463 non
1015 3419 1084 3464 vero
1103 3407 1235 3464 onoma

156 3504 186 3558 et
204 3505 354 3576 tamqnam
370 3507 440 3562 aeta
459 3505 634 3578 prementia.
651 3501 804 3562 Praeterea
822 3503 991 3561 oonsdtntio
1008 3503 1124 3561 interna
1143 3502 1253 3560 animi⁴

156 3595 258 3657 eadent
283 3598 392 3673 ingiter
416 3606 597 3677 perseveram
623 3607 726 3660 eonas
752 3601 979 3675 repraesentatio
998 3613 1152 3675 corporum
1173 3612 1233 3656 non

156 3691 243 3752 modo
263 3696 396 3754 variator
421 3695 557 3770 assidue,
582 3695 636 3756 aed
657 3699 746 3755 etiam
773 3699 815 3756 ita
838 3694 970 3756 venarer
990 3703 1025 3756 nt
1047 3695 1179 3762 ordinem
1206 3700 1237 3753 et

156 3787 379 3864 dependendam
401 3792 560 3868 qnamdam
582 3792 716 3870 obiiciat,
736 3795 819 3853 onias
841 3794 923 3854 nnita
947 3795 1022 3853 ratio
1045 3792 1193 3852 sufficiens
1217 3805 1236 3848 a

156 3885 286 3946 abieoto
304 3891 451 3971 oogiiante
469 3890 583 3973 desumi
606 3896 710 3966 potmt.
732 3891 797 3964 Quo
816 3893 906 3970 igitar
927 3897 1014 3967 paeto
1033 3892 1095 3948 sine
1117 3894 1234 3947 eontra-

156 3981 285 4043 dieiiooe
302 3983 435 4062 degitur,
450 3993 484 4046 ot
503 3989 800 4062 repraesentationum
816 3987 958 4048 eiusmodi
975 4001 1065 4046 musa
1085 3985 1182 4043 omnis
1205 3985 1236 4041 in
