2892 4425
230 351 285 404 198
554 353 793 401 maritumi!
814 353 975 398 SPBCUbld

285 463 449 540 unumque
474 467 572 523 autem
601 462 847 524 absurdissimum
874 477 938 522 esse
965 459 1114 536 probatur.
1141 459 1217 520 Nam
1235 475 1306 522 euna

227 565 342 624 manne
366 567 542 640 parentum
568 558 816 636 quemadmodum
844 560 986 634 nutusque
1006 556 1152 634 bominis,
1178 557 1305 632 simplex

227 663 347 721 omnino
362 665 450 735 etque
469 658 670 718 immaterialis
688 658 747 732 slt;
771 662 922 732 tantopere
948 663 1092 731 repugnat
1117 657 1249 716 animam
1270 655 1305 715 d·

227 758 334 816 liorem
345 771 381 814 ex
397 756 448 815 illo
463 755 579 830 deoerpt
598 761 628 814 et
647 755 739 814 ssimi
760 752 902 828 deseemi,
917 758 1096 828 quantopere
1110 753 1215 810 radoni
1236 767 1305 810 oon·

226 853 355 929 madidi,
375 857 410 912 ut
423 849 535 927 aliquid
548 851 680 927 partibus
699 851 820 912 manino
837 864 943 908 emens
963 850 992 907 la
1015 849 1176 924 pomerias
1194 849 1303 910 dimer·
1325 855 1332 869 '

227 957 314 1027 patus
333 965 370 1010 ae
383 948 564 1010 multimodis
586 948 770 1008 dilaberetur.
791 946 851 1006 Nee
869 947 1025 1022 animuum
1049 953 1151 1024 urgm
1172 949 1303 1008 animum

226 1049 354 1110 liliorum
374 1063 434 1108 non
453 1063 473 1107 a
491 1051 648 1124 parentum
668 1047 769 1104 anime
788 1042 900 1118 divelli,
923 1043 975 1104 sed
997 1043 1035 1103 ab
1058 1043 1158 1102 eadem
1179 1042 1302 1118 produci

226 1152 353 1207 tantum.
376 1145 513 1222 Namque
532 1143 564 1202 id
583 1144 672 1204 edam
692 1141 872 1202 absurditate
893 1139 1030 1218 laborat,
1053 1147 1205 1217 propterea
1224 1141 1303 1217 quad

164 1227 168 1246 '
226 1243 386 1320 spiritualis
413 1241 577 1302 substantia
602 1255 662 1300 nen
688 1241 745 1300 alsi
767 1254 804 1298 ex
824 1238 920 1298 nlbllo
942 1253 993 1313 per
1018 1240 1195 1298 emtionem
1216 1239 1304 1298 eundi

227 1343 330 1417 pessit.
351 1341 449 1414 Quare
463 1342 490 1398 st
509 1341 639 1412 animus,
662 1338 714 1414 qni
734 1337 856 1412 spiritns
881 1342 946 1411 est,
974 1351 993 1396 a
1021 1343 1173 1411 pareutum
1197 1339 1305 1396 animis

227 1439 349 1513 prodeat
367 1436 503 1513 tingitur,
516 1435 620 1496 iisdem
634 1437 680 1494 uls
698 1433 830 1510 ereaadl,
851 1447 927 1509 qnae
943 1431 1059 1494 tnflnttn
1079 1438 1136 1508 est,
1157 1433 1304 1494 tribuatur

227 1537 351 1608 oportet.
372 1531 406 1589 ld
431 1537 529 1592 auten
552 1538 736 1607 qnsnmme
762 1531 883 1590 veriats
906 1529 1057 1606 diseodat,
1078 1546 1164 1590 nemo
1187 1535 1304 1608 estqui

227 1643 288 1687 non
309 1626 418 1686 videat.

287 1723 411 1798 Quodsi
424 1742 443 1785 e
456 1731 610 1801 pareatum
624 1741 685 1786 non
697 1728 797 1786 aalma
811 1725 863 1785 sed
876 1739 998 1801 saepem
1011 1727 1170 1786 bansmltti
1186 1728 1303 1788 animus

229 1821 357 1882 illiorum
377 1821 496 1898 dieitur,
517 1822 611 1883 multo
622 1822 689 1898 plns
701 1822 869 1884 absurdius
887 1821 1037 1882 docuinae
1057 1823 1145 1883 bulas
1158 1826 1302 1901 augescit.

228 1919 305 1980 llam
324 1918 376 1994 qni
394 1917 520 1995 intelligi
536 1920 600 1978 elne
618 1925 812 1995 eouoeptuum
833 1933 931 1996 pugne
952 1925 1046 1994 potest
1064 1919 1211 1996 mumndo
1234 1919 1304 1981 sub·

228 2017 339 2076 stantia
356 2031 414 2076 non
434 2016 531 2076 selum
549 2015 686 2092 simplex,
701 2032 804 2076 verum
819 2017 908 2076 etlam
921 2016 1094 2093 splrlmnlts,
1113 2033 1151 2078 ex
1171 2033 1304 2094 corpore,

228 2114 309 2190 quod
331 2116 481 2183 murteta
504 2122 549 2175 eet
566 2121 655 2190 atque
680 2115 901 2189 eomposltum,
927 2115 1122 2190 propagaturi
1147 2115 1306 2188 Enimuero

228 2230 359 2291 propago
377 2212 451 2274 base
469 2214 517 2274 vel
531 2212 711 2273 abscissione
723 2211 909 2289 intelligitur,
927 2211 973 2271 vel
988 2209 1158 2273 eideieutie.
1174 2208 1204 2272 Sl
1219 2211 1304 2273 intei-

229 2310 331 2388 ltgltur
354 2310 555 2386 suessione,
585 2309 688 2371 iisdem
709 2311 890 2385 argumentis
917 2311 1062 2385 redettnr,
1087 2309 1193 2386 qubus
1213 2311 1306 2369 enimi

229 2408 401 2482 simplicitas
419 2408 618 2469 demonstrata
637 2414 691 2470 et.
714 2407 825 2483 Nequit
843 2409 922 2466 enim
942 2422 990 2467 res
1015 2407 1140 2483 simplex
1165 2406 1266 2467 divelli
1285 2423 1305 2466 a

228 2518 350 2579 corpore
374 2504 494 2565 altanus
514 2510 666 2582 tamquam
685 2519 772 2581 pers,
793 2518 870 2581 qnae
889 2504 928 2563 ed
949 2504 1034 2563 motis
1053 2504 1133 2565 ilites
1152 2506 1303 2581 integrae

230 2606 287 2661 mm
307 2602 479 2677 pertinebat.
499 2601 551 2661 Sin
571 2618 644 2662 vero
662 2603 836 2679 intelligitur
858 2600 1030 2677 effleleutia3
1050 2608 1121 2661 tone
1139 2600 1302 2662 absurdita-

229 2705 289 2758 tem
306 2700 435 2759 incurret
453 2715 492 2759 ex
504 2715 551 2776 eo,
566 2698 645 2776 qued
664 2698 788 2759 eiieetus
808 2697 960 2759 excederet
972 2712 1103 2759 eausam.
1125 2698 1201 2759 Num
1222 2700 1306 2774 spiri·

229 2801 278 2857 tus
295 2800 440 2857 immensa
460 2796 674 2873 intercapedine
694 2798 888 2873 praestantior
907 2802 953 2856 est
971 2812 1103 2871 corpore.

290 2901 341 2952 se.
364 2894 418 2953 lits
430 2897 521 2970 igitur
533 2897 632 2953 missis
646 2894 793 2969 absurdis,
808 2893 955 2954 humanus
969 2897 1086 2955 animus
1100 2910 1118 2954 a
1132 2894 1192 2953 ileo
1211 2910 1248 2954 ex
1262 2897 1303 2952 ni

230 2988 292 3048 bllo
304 2989 390 3049 eoudt
407 3006 458 3065 per
476 3005 576 3049 veram
590 2993 766 3051 emetiomm
783 2990 924 3051 dioendus
937 2996 992 3053 est.
1009 2990 1083 3051 Cum
1096 2994 1173 3051 enim
1188 2993 1303 3053 animus

229 3085 394 3146 mbetantia
410 3088 452 3145 sit
470 3086 594 3161 simplex
614 3093 644 3145 et
662 3088 835 3163 spiritualis,
854 3104 890 3147 ex
906 3090 1086 3163 preelaoente
1099 3089 1198 3163 aliquo
1212 3088 1305 3148 subie-

230 3188 279 3242 eto
297 3182 382 3243 eduel
402 3199 505 3243 msera
522 3198 582 3241 non
603 3189 707 3257 potest.
723 3184 814 3244 Seous
833 3200 871 3245 ex
887 3184 938 3244 illo
952 3189 1215 3263 commoneretur,
1230 3188 1306 3247 eins·

229 3292 287 3356 que
299 3279 527 3355 oondittonibus,
539 3282 571 3338 tn
584 3282 664 3339 omni
681 3284 849 3356 operatione
868 3298 927 3360 qua
941 3282 1040 3358 pollet,
1059 3282 1303 3360 adstringeretar3

229 3378 372 3452 siquidem
391 3385 497 3438 natura
518 3380 575 3455 rei,
594 3396 632 3439 ex
650 3379 817 3456 allectione,
840 3396 899 3457 qua
922 3382 1062 3458 gignitur,
1088 3380 1302 3441 manifestatur.

231 3473 271 3532 At
283 3474 316 3533 id
327 3474 584 3553 demonstratione,
601 3493 660 3553 qua
678 3479 769 3537 nnlml
786 3477 1002 3554 simplieitatem
1022 3484 1051 3537 et
1067 3476 1303 3553 spiritualitatem

144 3634 151 3645 ‚
229 3570 424 3647 ostendimus,
437 3573 629 3633 subvertitur.
651 3574 729 3651 argo
747 3576 864 3633 animas
883 3573 1032 3635 bemanus
1049 3590 1108 3633 nou
1122 3590 1159 3633 ex
1175 3574 1304 3633 subiecto

231 3667 330 3743 aliquo
349 3672 532 3743 praeiacente
553 3672 644 3746 duel,
665 3672 716 3732 sed
736 3687 773 3729 ex
796 3670 889 3731 nibilo
917 3671 1003 3731 oondi
1024 3670 1119 3731 debet.
1141 3672 1206 3729 lam
1236 3686 1306 3729 uero

232 3766 257 3823 si
276 3780 293 3823 e
312 3765 405 3825 ntbilo
424 3767 581 3844 eonditor,
598 3784 616 3827 e
635 3769 695 3829 Deo
716 3768 883 3829 immediate
899 3768 952 3828 flet
976 3784 1093 3829 neeesse
1113 3774 1168 3827 ast.
1190 3756 1305 3827 Creetio

230 3865 320 3938 enlm,
337 3870 437 3940 utpote
450 3864 594 3925 infinitam
616 3868 753 3925 virtatem
768 3867 900 3943 exigens,
914 3869 1031 3943 propria
1047 3873 1162 3926 tantum
1178 3864 1231 3927 Del
1246 3871 1302 3925 est.

231 3958 306 4018 Illud
323 3962 412 4036 igitur
428 3970 546 4022 maneat
565 3970 689 4039 oportet,
700 3967 831 4023 animum
854 3964 984 4023 divinam
1005 3964 1059 4023 sibl
1077 3964 1219 4049 originem
1235 3964 1300 4021 vin-
