2892 4425
449 358 525 403 nans
546 359 648 403 raum
670 374 684 389 ·
704 356 905 403 cosnouonm
1158 352 1220 425 ¹‚aa
1249 322 1339 375 -””“’

137 478 187 530 tor
198 468 335 541 effeetus,
348 467 399 543 qui
420 468 474 527 etsi
496 474 619 527 naturae
632 469 710 526 vires
722 472 852 543 superat,
866 473 965 527 tamen
983 465 1138 531 nullisius
1151 466 1217 527 oru-

136 565 414 641 eiatpmpensioni;
437 570 468 623 ut
489 568 514 624 si
528 582 576 624 ex.
592 581 637 642 gr.
662 570 774 641 segetes
795 558 1045 641 nmqnnm'mtae
1059 579 1115 641 ope
1128 565 1219 625 soiius

136 665 256 723 divium
277 665 394 722 virtutis
416 669 603 723 enasoantur.

557 855 740 915 dorsennus
761 855 801 914 ΙΙ.
951 946 968 981 1

293 1056 337 1114 De
359 1058 490 1133 genuino
511 1056 628 1114 mitem
650 1054 809 1129 miraculi,
836 1052 931 1131 deque
952 1052 1083 1129 eiusdem

592 1160 766 1237 partitione.

201 1352 253 1403 ts.
272 1343 446 1401 Mirneuium
468 1345 650 1402 nominatam
669 1349 715 1401 ssi
737 1358 755 1401 a
774 1340 929 1417 mirando,
955 1349 984 1402 et
1003 1342 1067 1401 ideo
1089 1345 1117 1401 vi
1138 1344 1219 1403 vocis

140 1458 202 1501 rem
224 1440 370 1516 signifieat
386 1440 580 1501 admiratione
599 1440 732 1517 dignam.
752 1440 817 1513 Quo
834 1440 912 1518 loeo,
927 1441 1219 1503 animadvertendum

139 1546 185 1599 est
202 1539 356 1615 diligenter
376 1538 597 1597 admirationem
616 1537 684 1598 inde
704 1541 844 1615 excitari,
863 1539 942 1615 quod
962 1540 1084 1599 effecius
1107 1543 1221 1615 oonspi·

140 1640 229 1711 nitur,
246 1639 330 1695 euius
348 1652 438 1697 eausa
459 1640 619 1713 ignoretur.
635 1636 721 1697 Unde
734 1644 777 1697 est
791 1645 825 1698 ut
840 1636 963 1698 effoetus
980 1638 1030 1697 iiis
1045 1644 1160 1713 praeter
1172 1653 1221 1697 sa·

140 1736 332 1810 portationem
354 1734 527 1795 admirantis
545 1742 701 1812 appareat,
722 1742 874 1813 propteroa
895 1736 973 1812 qnod
993 1739 1019 1796 is
1039 1737 1220 1797 eontrarium

140 1834 216 1912 eius,
238 1832 317 1907 quod
338 1832 433 1907 videt,
454 1848 591 1892 cosmum
615 1832 706 1893 inissa
727 1833 923 1893 existimabat.

200 1930 251 1989 Sie
270 1946 336 1988 enm
362 1932 486 2005 primum
516 1931 649 1989 homines
673 1931 804 2007 eclipsim
824 1932 894 1991 soiis
918 1934 1015 1991 mirati
1042 1938 1129 2007 sunt,
1155 1946 1221 2005 pro-

140 2034 240 2103 pterea
269 2026 371 2086 oborta
395 2030 425 2085 in
453 2030 524 2105 ipsis
546 2028 700 2087 admiratio
722 2035 787 2103 est,
808 2028 886 2104 quod
916 2028 1004 2088 huius
1029 2029 1220 2103 phaenomeni

141 2140 263 2185 eausam
281 2125 458 2198 rotarentur,
478 2131 624 2201 quatenus
638 2129 784 2201 opinionis
797 2142 894 2185 errore
912 2126 1002 2185 solem
1016 2141 1050 2183 ea
1069 2126 1141 2198 horn
1160 2142 1219 2184 non

141 2223 331 2283 obscuratum
351 2225 387 2283 iri
409 2226 786 2300 putarent.,Verumxhnso
814 2241 920 2286 causas
941 2229 1087 2302 ignoratio
1110 2225 1221 2301 dupiioi

143 2336 179 2380 ex
200 2323 296 2398 eapite
313 2324 481 2397 contingere
497 2328 610 2396 potest:
627 2340 662 2382 ex
684 2323 851 2382 conditione
865 2326 928 2398 ipsa
952 2323 1087 2398 eiisotns,
1110 2330 1162 2382 aut
1185 2339 1221 2381 sa

143 2419 310 2478 oonditione
330 2422 497 2494 spectantis.
521 2420 682 2480 intervenit
708 2422 788 2480 enim
814 2420 985 2496 aiiquando,
1008 2426 1041 2479 nt
1061 2435 1158 2482 -oausn
1179 2419 1222 2477 ei-

145 2516 252 2592 ieetus,
275 2534 360 2593 quem
380 2520 447 2593 quis
469 2517 644 2594 admiratur,
659 2535 717 2577 non
742 2535 793 2594 per
819 2534 851 2576 se
872 2520 910 2577 sit
931 2518 1024 2576 iatsns
1052 2519 1080 2574 in
1105 2509 1221 2588 natura,

143 2614 194 2672 sed
222 2612 336 2674 deiectu
365 2618 503 2674 solentino
527 2615 700 2679 admirantis
724 2619 886 2692 ignoratum
910 2612 1155 2692 quemadmodum
1178 2618 1224 2670 est

95 2769 98 2778 ,
144 2709 181 2768 de
200 2712 334 2786 exempto
353 2713 468 2787 eoiipsis
487 2712 591 2772 soinris
611 2714 706 2790 quoad
723 2713 823 2773 mdem
842 2713 1001 2772 hominem.
1018 2700 1089 2770 Cum
1110 2708 1138 2766 id
1153 2723 1231 2765 oon-¹

79 2841 90 2850 -
143 2811 250 2886 tingit,
271 2809 392 2869 effeetus
412 2811 454 2868 iiii
476 2811 534 2870 dici
555 2813 697 2871 miracula
714 2813 795 2871 nuiio
820 2811 904 2870 modo
928 2817 1060 2886 possunt.

204 2908 313 2966 Contra
343 2909 368 2966 si
391 2911 520 2984 gignitur
546 2909 691 2985 effeetus,
716 2912 800 2968 euius
820 2923 909 2968 nausa
933 2914 997 2966 toto
1023 2921 1119 2965 rerum
1144 2921 1224 2964 eren·

145 3007 242 3062 iarum
263 3003 374 3062 ambitu
403 2995 461 3062 non
482 3010 648 3064 eontinetur
670 3007 765 3081 (quaa
790 3021 878 3065 causa
905 3013 984 3066 certe
1010 3004 1068 3063 aiis
1090 3019 1152 3062 esse
1176 3019 1225 3060 na·

144 3104 210 3176 quit
230 3104 286 3160 nisi
306 3101 417 3180 Deus);
439 3109 510 3162 tuno
535 3103 661 3162 eiieotus
683 3103 849 3179 habebitur,
871 3107 956 3163 ouius
977 3118 1066 3162 eausa
1087 3101 1173 3176 piane
1198 3105 1227 3158 et

64 3256 67 3263 .
145 3198 278 3258 onmium
299 3199 414 3258 oeouiia
442 3201 500 3259 diei
514 3206 636 3279 potest3
661 3217 764 3276 nempe
792 3201 858 3260 talis
884 3217 960 3277 quus
985 3198 1132 3258 naturales
1161 3203 1225 3256 tan·

142 3300 206 3354 turn
233 3313 339 3356 eanaas
359 3300 501 3357 scrutanti
515 3299 634 3358 oeietur.
652 3297 706 3356 flio
726 3301 815 3374 igitur
829 3298 952 3358 siieotus
966 3300 1081 3372 proprie
1104 3301 1135 3354 at
1157 3296 1227 3352 sim-

146 3393 259 3468 pliciter
284 3395 479 3454 admiratione
510 3402 554 3454 est
580 3396 706 3472 dignus,
736 3402 823 3470 atque
856 3396 920 3454 ideo
947 3397 1064 3454 nomine
1095 3391 1227 3452 miraculi

146 3492 209 3550 iure
229 3494 407 3569 insignitum
432 3478 512 3569 quod
535 3494 655 3569 proinde
674 3488 788 3552 definiri
812 3499 923 3568 potest:
941 3509 1013 3570 opus
1038 3510 1057 3552 o
1082 3492 1141 3550 Deo
1156 3507 1227 3567 pro·

145 3587 250 3647 oedem
260 3594 386 3667 praeter
407 3596 576 3649 oomuetum
598 3595 725 3648 naturae
742 3588 886 3648 ordinem.
1193 3661 1196 3667 Ι

205 3685 271 3758 Qua
293 3688 322 3744 in
346 3703 376 3744 re
396 3686 611 3749 observandum
626 3694 670 3745 est
685 3686 820 3746 saiticam
840 3694 873 3747 ut
894 3690 1066 3748 mirasuium
1089 3689 1228 3764 procedat

147 3798 164 3838 a
182 3781 247 3840 Deo
266 3788 418 3859 tamquam
434 3800 555 3843 aeausa
574 3785 677 3844 saitem
694 3785 858 3859 principaii.
881 3785 945 3844 Non
967 3789 1043 3854 enim
1060 3801 1172 3861 semper
1186 3791 1230 3844 ert

145 3878 287 3938 eiusmodi
309 3888 343 3940 ut
371 3883 432 3938 vim
453 3881 600 3940 infinitam
620 3881 657 3940 ad
681 3883 727 3939 sui
750 3881 968 3955 productionem
997 3885 1150 3958 exquiram
1178 3880 1228 3940 sed
1273 3931 1289 3950 ,

147 3982 242 4050 potest
265 3977 442 4054 quandoque
461 3980 594 4055 gignier
611 3980 639 4037 vi
655 3977 757 4052 inita,
772 3985 860 4054 atque
873 3979 938 4040 ideo
952 3980 990 4040 ab
1011 3987 1115 4056 agente
1131 3977 1229 4054 atiquo
