2892 4425
247 345 304 399 2⁴2
572 347 813 394 minutiores!
833 347 995 394 incutis

244 463 342 538 Quare
358 464 487 538 potestus
509 462 555 520 oie
577 459 726 520 eruendi
753 457 915 520 reuiitoiem
941 459 1054 518 entium
1082 461 1274 534 ereptorum,
1294 462 1332 516 ut

245 562 313 621 inde
336 559 410 620 nihii
434 558 522 634 piune
547 560 692 635 supersit3
715 557 856 634 expiiouri
882 557 968 618 aliter
997 557 1117 634 nequit,
1143 558 1201 616 nisi
1226 571 1328 618 m·

242 660 322 719 tione
341 655 472 718 influxus
495 657 597 733 iiiios,
624 673 685 732 quo
709 663 797 718 onteu
817 658 848 716 iu
868 657 1025 716 existentia
1049 655 1260 716 retinebuntur.
1289 654 1328 714 id

227 762 341 843 ¹puniero
366 757 525 832 positivam
549 757 801 816 commotionem
826 754 954 815 invoivit
972 757 995 813 ¹.
1017 752 1059 815 Ui
1078 755 1168 832 igitur
1191 759 1327 830 potestas

242 853 409 914 destruendi
429 855 544 930 penitus
571 854 734 914 res-semei
760 852 915 929 conditos,
943 867 1050 929 easque
1070 855 1102 911 in
1129 851 1255 912 uihiinm
1278 867 1325 912 re·

242 954 359 1031 (ligendi
379 951 442 1012 Deo
454 952 621 1027 tribuatur3
641 952 719 1012 aetio
736 949 879 1027 quaedam
894 949 1074 1010 admittenda
1086 957 1150 1025 est,
1169 966 1229 1026 qua
1242 951 1325 1010 Dens

242 1055 391 1118 ioremm
416 1053 602 1112 existentiam
624 1051 731 1126 iugiter
753 1048 870 1125 induat,
891 1054 921 1108 et
940 1063 999 1124 qua
1023 1048 1112 1108 semei
1139 1049 1324 1125 interropta,

243 1167 289 1210 res
310 1155 425 1210 creatae
450 1151 481 1208 iu
506 1147 631 1208 nihilum
656 1147 836 1208 relabantur.
859 1146 893 1206 id
914 1162 986 1206 uero
1003 1145 1144 1207 eiusmodi
1164 1162 1323 1208 conserua·

142 1239 147 1244 ’
241 1251 350 1309 donem
375 1248 524 1323 invoivit,
545 1263 621 1324 qnae
650 1247 681 1305 in
710 1247 832 1322 perenni
855 1245 983 1322 quodam
1004 1243 1118 1306 influxu
1139 1247 1235 1320 posita
1263 1249 1326 1320 sit,

240 1363 300 1423 quo
319 1349 415 1424 prime
434 1361 525 1406 rausa
543 1361 641 1406 rerum
664 1344 848 1404 conditarum
862 1343 1053 1420 proferendae
1070 1344 1241 1404 autentim
1253 1361 1325 1420 opr-

242 1451 330 1505 reiur.
359 1445 490 1520 Denique
520 1445 585 1519 ipso
610 1457 709 1504 rerum
741 1449 905 1503 creaturum
928 1442 1145 1518 confingentis,
1168 1444 1325 1502 ueritatem

239 1559 328 1619 qoam
347 1549 465 1601 tuemur
483 1541 635 1601 evidenter
654 1540 895 1602 wuormatiae
916 1543 995 1602 enixu
1013 1555 1146 1617 quaeque
1166 1556 1233 1600 uum
1250 1555 1324 1600 oon·

239 1639 301 1699 dito
326 1645 391 1715 est,
415 1655 474 1698 non
497 1640 606 1720 ideireo
626 1643 702 1698 entis
722 1635 928 1716 contingentis
945 1645 1081 1700 naturam
1108 1641 1199 1700 exuit.
1222 1639 1323 1712 Quare

207 1808 210 1813 Α
239 1739 264 1796 si
287 1752 427 1813 germem
449 1739 514 1797 eins
531 1743 679 1814 spectetur
697 1737 847 1813 conditio,
870 1735 1099 1798 indifferentiam
1119 1753 1232 1814 semper
1253 1741 1324 1797 reti·

238 1842 289 1895 net
309 1834 348 1894 od
366 1835 551 1922 existendum
576 1835 624 1894 uei
645 1851 740 1902 serus.
756 1835 906 1912 Quidquid
930 1839 1011 1896 enim
1037 1839 1152 1896 intorno
1173 1835 1322 1896 existendi

110 1950 114 1954 ·
238 1935 410 1994 necessitate
433 1949 492 1992 non
519 1933 645 2011 duitor,
668 1933 701 1994 id
717 1925 758 1994 ut
775 1934 812 1994 ad
836 1931 1022 1996 existentiam
1037 1933 1254 2008 iuoioxnmm,
1278 1938 1324 1995 sio

145 2101 150 2110 ,
238 2033 325 2093 etium
348 2031 388 2093 ad
404 2033 630 2110 protrahendam
653 2049 705 2110 per
726 2049 758 2092 se
777 2035 900 2094 minime
917 2033 1037 2094 suffieit.
1060 2033 1206 2108 Quamdiu
1228 2035 1322 2110 igitur

223 2138 360 2207 ,perstat
374 2131 492 2192 aliunde
508 2131 546 2191 ud
558 2131 702 2192 emundi
722 2135 970 2208 perseverantiam
986 2131 1174 2193 demnninnri
1193 2131 1321 2210 indiget.

296 2231 358 2291 Nee
377 2231 538 2291 andiendus
558 2233 692 2308 osmunt
711 2230 822 2292 dioeret
841 2246 962 2291 oausam
981 2231 1233 2291 determinationis
1254 2234 1322 2292 eius

239 2332 268 2387 in
290 2331 354 2405 ipsa
380 2332 527 2390 nmatione
547 2332 667 2407 reponi,
696 2344 771 2406 quae
802 2346 864 2389 rem
889 2332 1017 2405 pnmnm
1041 2330 1185 2391 eduxite
1211 2330 1319 2391 nihiio.

236 2426 313 2487 iiam
338 2425 461 2487 aiieetus
480 2430 637 2487 creationis
656 2428 742 2504 piene
762 2429 937 2489 exhauritur
957 2432 989 2488 in
1003 2428 1071 2505 hoe,
1086 2427 1165 2505 qnod
1180 2444 1227 2489 res
1246 2444 1321 2489 oon-

236 2524 299 2583 dito
316 2525 407 2585 semei
428 2528 570 2587 extiterit.
592 2524 680 2599 Unde
698 2527 778 2603 quod
797 2528 936 2603 deinceps
956 2535 1090 2603 moneat,
1107 2526 1139 2587 id
1158 2528 1249 2588 aiiaro
1276 2544 1323 2589 ra·

235 2624 345 2681 donem
366 2622 561 2684 sufficientem
581 2626 721 2703 exquirit.
749 2624 809 2685 Noe
828 2624 887 2687 diei
915 2630 1009 2701 potest
1029 2625 1171 2701 producto
1190 2629 1320 2687 existen·

296 2809 358 2860 iAd
376 2824 429 2861 rem
450 2812 589 2863 emerius:
610 2832 623 2855 ι
644 2814 694 2861 iioo
712 2810 819 2863 dubium
837 2814 891 2875 eei,
912 2812 932 2861 si
952 2813 1143 2863 Deoseessuret
1162 2823 1178 2861 r
1195 2824 1242 2861 ouo
1261 2826 1320 2862 eon·

237 2911 249 2934 ιι
267 2902 351 2954 cumo,
367 2892 429 2955 qrriu
447 2893 532 2944 staden
548 2892 633 2942 omnio
649 2892 675 2941 in
694 2893 800 2942 oiiriiorn
819 2894 870 2942 rint
881 2892 993 2957 abitum
1007 2891 1067 2957 quia
1083 2894 1218 2957 anieqmm
1236 2896 1321 2943 ereata

236 2990 248 3012 a
266 2972 356 3034 esseni,
370 2986 443 3022 snum
459 2973 485 3021 et
499 2972 561 3035 ipsis
574 2985 721 3022 coneursum
739 2972 875 3037 praeberet,
890 2974 954 3023 niirii
972 2975 1050 3024 erant.
1067 2974 1117 3024 Neo
1133 2986 1176 3037 per
1190 2972 1239 3023 hoo
1250 2975 1321 3037 qnod

237 3070 249 3093 a
266 3051 405 3101 subeuntia
421 3051 520 3103 dicatur
537 3064 582 3114 per
601 3064 628 3101 se
646 3054 761 3115 existere,
781 3053 922 3105 excinditur
938 3067 1074 3105 ooneursus
1092 3054 1202 3115 diuinus,
1222 3068 1275 3117 quo
1287 3055 1321 3104 in·

236 3152 248 3175 «
265 3130 333 3195 diget
351 3132 383 3181 od
403 3130 600 3195 oummtendonu
618 3133 662 3183 sod
681 3134 855 3185 tautummodo
873 3134 1056 3198 eigniiionrnus,
1080 3134 1150 3186 iiiam
1169 3146 1224 3187 esse
1242 3135 1321 3187 triem

235 3231 249 3255 a
265 3213 376 3285 rennui
392 3210 486 3273 absum
505 3212 574 3263 onni
590 3211 739 3265 minoen
756 3227 809 3267 esse
828 3214 916 3280 possit,
933 3214 1001 3279 qood
1017 3214 1049 3267 de
1069 3214 1151 3267 modis
1171 3214 1321 3267 rerumdioi

234 3312 246 3335 a
257 3304 314 3362 *noo
330 3292 419 3354 potest.
430 3293 480 3341 iieo
491 3293 558 3344 Deus
569 3293 709 3345 ostenderet
722 3295 858 3357 potentiam
871 3309 944 3347 suurn
957 3309 1010 3347 esse
1025 3297 1181 3357 immensum.
1195 3294 1218 3347 oi
1232 3308 1274 3353 res
1284 3298 1318 3347 ia·

235 3363 302 3420 a'ieo
316 3369 431 3433 efficeret,
448 3374 477 3422 ut
493 3375 577 3437 postea
592 3372 645 3424 sine
660 3374 715 3438 ipso
732 3386 785 3425 esse
800 3376 909 3441 possent,
928 3374 971 3427 sed
988 3378 1075 3426 cunin
1090 3376 1160 3425 iiiam
1178 3376 1204 3425 in
1222 3375 1271 3426 hoo
1287 3378 1323 3427 te·

235 3473 246 3495 a
264 3452 371 3502 staretur
390 3451 485 3505 iiniiurn
503 3468 569 3517 osse,
591 3455 661 3519 quod
676 3468 715 3505 res
736 3454 811 3507 semei
828 3458 924 3507 ordume
939 3470 989 3507 non
1007 3456 1114 3520 ompiius
1129 3455 1161 3505 rb
1180 3468 1210 3506 eo
1227 3455 1318 3520 pende·

235 3552 247 3575 «ι
264 3534 327 3583 rent.
348 3536 398 3583 iiee
416 3535 500 3585 recido
518 3536 544 3586 in
563 3534 660 3586 iorearn
675 3548 691 3585 a
706 3548 747 3587 rue
763 3538 884 3599 paratam,
906 3550 963 3587 oum
982 3538 1039 3589 dieo
1053 3534 1105 3587 fleri
1122 3548 1171 3587 non
1191 3548 1273 3599 posse,
1290 3538 1320 3585 ni

234 3633 247 3657 α
264 3615 331 3663 neno
345 3613 484 3679 quidquam
495 3616 569 3667 aiiter
580 3616 708 3677 destruet,
719 3628 796 3680 quem
808 3616 928 3669 meando
942 3630 957 3668 r
972 3630 1018 3669 suo
1034 3628 1171 3681 consuram
1186 3616 1247 3680 quio
1262 3617 1321 3667 aiio

233 3713 246 3737 e
264 3694 327 3757 quin
348 3707 392 3759 per
411 3696 545 3760 positivam
562 3696 686 3747 ortionem
705 3696 803 3747 reniret
819 3696 852 3749 ed
870 3709 921 3749 non
941 3709 993 3749 ons.
1014 3683 1103 3761 Magne
1120 3696 1187 3747 enim
1205 3696 1321 3748 diiierm·

233 3796 246 3819 a
262 3775 298 3825 tia
318 3776 357 3825 esi
377 3778 440 3827 inter
457 3790 486 3828 eo
502 3789 566 3840 quae
581 3778 644 3827 iiunt
665 3790 709 3841 per
727 3778 859 3841 positivam
875 3779 925 3829 Dei
939 3764 1071 3840 actionem,
1088 3789 1153 3841 queo
1167 3778 1253 3829 omnia
1266 3790 1317 3828 non

233 3874 245 3896 ι
263 3859 366 3917 possum
385 3870 435 3906 non
453 3870 506 3906 esse
526 3857 600 3907 vaide
614 3858 694 3919 irona5
710 3860 736 3907 ei
754 3870 782 3907 eo
800 3872 865 3921 quoe
879 3858 911 3908 ob
929 3857 1090 3909 desertionem
1110 3858 1233 3923 positivae
1246 3857 1319 3909 aetio

231 3954 244 3975 u
260 3935 300 3983 nis
320 3937 455 3998 eveniunt,
473 3939 502 3985 nt
520 3938 605 3986 omnin
622 3938 690 3987 meir
709 3940 735 3988 et
755 3942 856 4001 peneum
876 3942 901 3989 ei
920 3936 1055 3989 destruoiio
1075 3938 1181 3988 eiicuios
1195 3938 1275 4001 entis3
1295 3937 1318 3987 si

233 4032 246 4054 ι
263 4025 374 4077 unquam
385 4014 481 4077 siiqnid
496 4016 604 4067 crisim
617 4016 769 4069 dmmuuiur.
780 4038 793 4063 o
806 4020 891 4083 Epiri.
907 4027 930 4069 2.
944 4022 1059 4083 operum
1073 4020 1092 4070 t.
1105 4026 1130 4081 o,
1145 4031 1171 4067 rr.
1185 4022 1208 4067 7.
