<?xml version="1.0" encoding="UTF-8"?>
<!DOCTYPE html PUBLIC "-//W3C//DTD XHTML 1.0 Transitional//EN"
    "http://www.w3.org/TR/xhtml1/DTD/xhtml1-transitional.dtd">
<html xmlns="http://www.w3.org/1999/xhtml" xml:lang="en" lang="en">
 <head>
  <title>
</title>
<meta http-equiv="Content-Type" content="text/html;charset=utf-8" />
  <meta name='ocr-system' content='tesseract 3.04.00' />
  <meta name='ocr-capabilities' content='ocr_page ocr_carea ocr_par ocr_line ocrx_word'/>
</head>
<body>
  <div class='ocr_page' id='page_1' title='image "./institutionesph01libegoog_0505.png"; bbox 0 0 2892 4425; ppageno 0'>
   <div class='ocr_carea' id='block_1_1' title="bbox 422 407 1201 458">
    <p class='ocr_par' dir='ltr' id='par_1_1' title="bbox 422 407 1201 458">
     <span class='ocr_line' id='line_1_1' title="bbox 422 407 1201 458; baseline 0.009 -7"><span class='ocrx_word' id='word_1_1' title='bbox 422 409 499 452; x_wconf 74' lang='lat' dir='ltr'><strong>rius</strong></span> <span class='ocrx_word' id='word_1_2' title='bbox 521 410 640 454; x_wconf 76' lang='lat' dir='ltr'><strong>amm</strong></span> <span class='ocrx_word' id='word_1_3' title='bbox 660 425 672 440; x_wconf 93' lang='lat'><strong>·</strong></span> <span class='ocrx_word' id='word_1_4' title='bbox 695 409 910 456; x_wconf 71' lang='lat' dir='ltr'><strong>retentandis</strong></span> <span class='ocrx_word' id='word_1_5' title='bbox 1147 407 1201 458; x_wconf 70' lang='lat'><strong>&#39;127</strong></span> 
     </span>
    </p>
   </div>
   <div class='ocr_carea' id='block_1_2' title="bbox 130 517 1208 2644">
    <p class='ocr_par' dir='ltr' id='par_1_2' title="bbox 130 517 1204 790">
     <span class='ocr_line' id='line_1_2' title="bbox 192 517 1204 596; baseline 0.005 -18"><span class='ocrx_word' id='word_1_6' title='bbox 192 526 261 578; x_wconf 79' lang='lat' dir='ltr'><strong>iii.</strong></span> <span class='ocrx_word' id='word_1_7' title='bbox 282 517 323 577; x_wconf 77' lang='lat' dir='ltr'><strong>it</strong></span> <span class='ocrx_word' id='word_1_8' title='bbox 343 520 445 594; x_wconf 91' lang='lat' dir='ltr'><strong>enim,</strong></span> <span class='ocrx_word' id='word_1_9' title='bbox 464 518 604 578; x_wconf 90' lang='lat' dir='ltr'><strong>dicendus</strong></span> <span class='ocrx_word' id='word_1_10' title='bbox 621 524 693 580; x_wconf 91' lang='lat' dir='ltr'><strong>tunc</strong></span> <span class='ocrx_word' id='word_1_11' title='bbox 709 521 767 580; x_wconf 91' lang='lat' dir='ltr'><strong>erit</strong></span> <span class='ocrx_word' id='word_1_12' title='bbox 789 520 905 582; x_wconf 88' lang='lat' dir='ltr'><strong>animus</strong></span> <span class='ocrx_word' id='word_1_13' title='bbox 928 523 990 580; x_wconf 85' lang='lat' dir='ltr'><strong>toto</strong></span> <span class='ocrx_word' id='word_1_14' title='bbox 1006 535 1128 596; x_wconf 90' lang='lat' dir='ltr'><strong>corpore</strong></span> <span class='ocrx_word' id='word_1_15' title='bbox 1147 523 1204 582; x_wconf 88' lang='lat' dir='ltr'><strong>dii·</strong></span> 
     </span>
     <span class='ocr_line' id='line_1_3' title="bbox 130 615 1204 696; baseline 0.004 -20"><span class='ocrx_word' id='word_1_16' title='bbox 130 615 228 693; x_wconf 84' lang='lat' dir='ltr'><strong>lundi,</strong></span> <span class='ocrx_word' id='word_1_17' title='bbox 247 631 339 691; x_wconf 83' lang='lat' dir='ltr'><strong>eoque</strong></span> <span class='ocrx_word' id='word_1_18' title='bbox 354 616 499 677; x_wconf 89' lang='lat' dir='ltr'><strong>diminuto</strong></span> <span class='ocrx_word' id='word_1_19' title='bbox 517 616 561 677; x_wconf 86' lang='lat' dir='ltr'><strong>vel</strong></span> <span class='ocrx_word' id='word_1_20' title='bbox 580 623 678 693; x_wconf 85' lang='lat' dir='ltr'><strong>aucto,</strong></span> <span class='ocrx_word' id='word_1_21' title='bbox 694 617 818 676; x_wconf 92' lang='lat' dir='ltr'><strong>diminui</strong></span> <span class='ocrx_word' id='word_1_22' title='bbox 840 619 949 692; x_wconf 88' lang='lat' dir='ltr'><strong>pariter</strong></span> <span class='ocrx_word' id='word_1_23' title='bbox 966 617 1013 678; x_wconf 81' lang='lat' dir='ltr'><strong>vei</strong></span> <span class='ocrx_word' id='word_1_24' title='bbox 1036 622 1148 696; x_wconf 84' lang='lat' dir='ltr'><strong>augeri.</strong></span> <span class='ocrx_word' id='word_1_25' title='bbox 1170 621 1204 680; x_wconf 79' lang='lat' dir='ltr'><strong>iti</strong></span> 
     </span>
     <span class='ocr_line' id='line_1_4' title="bbox 131 719 664 790; baseline 0.017 -20"><span class='ocrx_word' id='word_1_26' title='bbox 131 729 201 774; x_wconf 89' lang='lat' dir='ltr'><strong>vero</strong></span> <span class='ocrx_word' id='word_1_27' title='bbox 221 719 373 790; x_wconf 77' lang='lat' dir='ltr'><strong>repugnat.</strong></span> <span class='ocrx_word' id='word_1_28' title='bbox 659 773 664 779; x_wconf 90' lang='lat'>.</span> 
     </span>
    </p>

    <p class='ocr_par' dir='ltr' id='par_1_3' title="bbox 130 810 1208 2644">
     <span class='ocr_line' id='line_1_5' title="bbox 191 810 1205 890; baseline 0.003 -19"><span class='ocrx_word' id='word_1_29' title='bbox 191 811 280 887; x_wconf 83' lang='lat' dir='ltr'><strong>liesp.</strong></span> <span class='ocrx_word' id='word_1_30' title='bbox 302 810 332 872; x_wconf 85' lang='lat' dir='ltr'><strong>Si</strong></span> <span class='ocrx_word' id='word_1_31' title='bbox 348 812 404 872; x_wconf 88' lang='lat' dir='ltr'><strong>hoc</strong></span> <span class='ocrx_word' id='word_1_32' title='bbox 424 819 640 889; x_wconf 72' lang='lat' dir='ltr'><strong>argumentum,</strong></span> <span class='ocrx_word' id='word_1_33' title='bbox 656 813 716 870; x_wconf 85' lang='lat' dir='ltr'><strong>vim</strong></span> <span class='ocrx_word' id='word_1_34' title='bbox 731 813 822 872; x_wconf 91' lang='lat' dir='ltr'><strong>uliam</strong></span> <span class='ocrx_word' id='word_1_35' title='bbox 840 812 971 890; x_wconf 88' lang='lat' dir='ltr'><strong>haberet,</strong></span> <span class='ocrx_word' id='word_1_36' title='bbox 984 815 1021 874; x_wconf 87' lang='lat' dir='ltr'><strong>ad</strong></span> <span class='ocrx_word' id='word_1_37' title='bbox 1045 813 1100 874; x_wconf 89' lang='lat' dir='ltr'><strong>Dei</strong></span> <span class='ocrx_word' id='word_1_38' title='bbox 1117 817 1205 876; x_wconf 66' lang='lat' dir='ltr'><strong>mam</strong></span> 
     </span>
     <span class='ocr_line' id='line_1_6' title="bbox 130 909 1207 989; baseline 0.007 -24"><span class='ocrx_word' id='word_1_39' title='bbox 130 909 607 986; x_wconf 85' lang='lat' dir='ltr'><strong>omnipraesentium-eripiendam</strong></span> <span class='ocrx_word' id='word_1_40' title='bbox 637 910 798 971; x_wconf 83' lang='lat' dir='ltr'><strong>valiturum</strong></span> <span class='ocrx_word' id='word_1_41' title='bbox 828 919 913 972; x_wconf 86' lang='lat' dir='ltr'><strong>esset.</strong></span> <span class='ocrx_word' id='word_1_42' title='bbox 944 909 973 972; x_wconf 90' lang='lat' dir='ltr'><strong>Si</strong></span> <span class='ocrx_word' id='word_1_43' title='bbox 999 914 1077 972; x_wconf 91' lang='lat' dir='ltr'><strong>enim</strong></span> <span class='ocrx_word' id='word_1_44' title='bbox 1105 915 1207 989; x_wconf 82' lang='lat' dir='ltr'><strong>nequit</strong></span> 
     </span>
     <span class='ocr_line' id='line_1_7' title="bbox 132 1005 1204 1086; baseline 0.004 -20"><span class='ocrx_word' id='word_1_45' title='bbox 132 1021 178 1066; x_wconf 89' lang='lat' dir='ltr'><strong>res</strong></span> <span class='ocrx_word' id='word_1_46' title='bbox 195 1005 320 1081; x_wconf 81' lang='lat' dir='ltr'><strong>simplex</strong></span> <span class='ocrx_word' id='word_1_47' title='bbox 332 1006 469 1068; x_wconf 89' lang='lat' dir='ltr'><strong>omnibus</strong></span> <span class='ocrx_word' id='word_1_48' title='bbox 488 1009 641 1082; x_wconf 74' lang='lat' dir='ltr'><strong>compositi</strong></span> <span class='ocrx_word' id='word_1_49' title='bbox 654 1008 807 1069; x_wconf 87' lang='lat' dir='ltr'><strong>cniusdam</strong></span> <span class='ocrx_word' id='word_1_50' title='bbox 828 1009 958 1085; x_wconf 89' lang='lat' dir='ltr'><strong>partibus</strong></span> <span class='ocrx_word' id='word_1_51' title='bbox 973 1025 1108 1084; x_wconf 87' lang='lat' dir='ltr'><strong>praesens</strong></span> <span class='ocrx_word' id='word_1_52' title='bbox 1128 1026 1204 1086; x_wconf 85' lang='lat' dir='ltr'><strong>esse,</strong></span> 
     </span>
     <span class='ocr_line' id='line_1_8' title="bbox 131 1103 1204 1182; baseline 0.005 -20"><span class='ocrx_word' id='word_1_53' title='bbox 131 1105 202 1180; x_wconf 76' lang='lat' dir='ltr'><strong>quio</strong></span> <span class='ocrx_word' id='word_1_54' title='bbox 224 1103 280 1163; x_wconf 89' lang='lat' dir='ltr'><strong>hoc</strong></span> <span class='ocrx_word' id='word_1_55' title='bbox 301 1105 366 1178; x_wconf 86' lang='lat' dir='ltr'><strong>ipso</strong></span> <span class='ocrx_word' id='word_1_56' title='bbox 386 1104 572 1164; x_wconf 77' lang='lat' dir='ltr'><strong>diffundatur</strong></span> <span class='ocrx_word' id='word_1_57' title='bbox 591 1112 620 1164; x_wconf 94' lang='lat' dir='ltr'><strong>ct</strong></span> <span class='ocrx_word' id='word_1_58' title='bbox 638 1112 828 1182; x_wconf 77' lang='lat' dir='ltr'><strong>augmentum</strong></span> <span class='ocrx_word' id='word_1_59' title='bbox 849 1107 894 1166; x_wconf 88' lang='lat' dir='ltr'><strong>vei</strong></span> <span class='ocrx_word' id='word_1_60' title='bbox 915 1107 1132 1166; x_wconf 79' lang='lat' dir='ltr'><strong>decrementum</strong></span> <span class='ocrx_word' id='word_1_61' title='bbox 1156 1123 1204 1168; x_wconf 89' lang='lat' dir='ltr'><strong>sc·</strong></span> 
     </span>
     <span class='ocr_line' id='line_1_9' title="bbox 131 1199 1204 1281; baseline 0.004 -21"><span class='ocrx_word' id='word_1_62' title='bbox 131 1201 237 1276; x_wconf 86' lang='lat' dir='ltr'><strong>cipiat;</strong></span> <span class='ocrx_word' id='word_1_63' title='bbox 261 1201 294 1261; x_wconf 88' lang='lat' dir='ltr'><strong>id</strong></span> <span class='ocrx_word' id='word_1_64' title='bbox 313 1199 374 1261; x_wconf 80' lang='lat' dir='ltr'><strong>lieo</strong></span> <span class='ocrx_word' id='word_1_65' title='bbox 394 1204 496 1278; x_wconf 64' lang='lat' dir='ltr'><strong>etiam</strong></span> <span class='ocrx_word' id='word_1_66' title='bbox 512 1204 564 1278; x_wconf 85' lang='lat' dir='ltr'><strong>qni</strong></span> <span class='ocrx_word' id='word_1_67' title='bbox 581 1202 718 1263; x_wconf 90' lang='lat' dir='ltr'><strong>omnibus</strong></span> <span class='ocrx_word' id='word_1_68' title='bbox 739 1203 827 1264; x_wconf 89' lang='lat' dir='ltr'><strong>huius</strong></span> <span class='ocrx_word' id='word_1_69' title='bbox 849 1203 950 1263; x_wconf 92' lang='lat' dir='ltr'><strong>mundi</strong></span> <span class='ocrx_word' id='word_1_70' title='bbox 973 1205 1105 1281; x_wconf 88' lang='lat' dir='ltr'><strong>partibus</strong></span> <span class='ocrx_word' id='word_1_71' title='bbox 1122 1219 1204 1280; x_wconf 87' lang='lat' dir='ltr'><strong>prac-</strong></span> 
     </span>
     <span class='ocr_line' id='line_1_10' title="bbox 131 1297 1205 1377; baseline 0.002 -19"><span class='ocrx_word' id='word_1_72' title='bbox 131 1314 199 1358; x_wconf 92' lang='lat' dir='ltr'><strong>scus</strong></span> <span class='ocrx_word' id='word_1_73' title='bbox 216 1305 271 1372; x_wconf 85' lang='lat' dir='ltr'><strong>est,</strong></span> <span class='ocrx_word' id='word_1_74' title='bbox 293 1297 480 1360; x_wconf 87' lang='lat' dir='ltr'><strong>tribuendum</strong></span> <span class='ocrx_word' id='word_1_75' title='bbox 507 1306 595 1377; x_wconf 80' lang='lat' dir='ltr'><strong>esset3</strong></span> <span class='ocrx_word' id='word_1_76' title='bbox 616 1299 695 1376; x_wconf 87' lang='lat' dir='ltr'><strong>quod</strong></span> <span class='ocrx_word' id='word_1_77' title='bbox 715 1307 792 1360; x_wconf 89' lang='lat' dir='ltr'><strong>certe</strong></span> <span class='ocrx_word' id='word_1_78' title='bbox 815 1316 900 1360; x_wconf 88' lang='lat' dir='ltr'><strong>nemo</strong></span> <span class='ocrx_word' id='word_1_79' title='bbox 925 1301 1011 1360; x_wconf 88' lang='lat' dir='ltr'><strong>diost.</strong></span> <span class='ocrx_word' id='word_1_80' title='bbox 1027 1300 1087 1361; x_wconf 81' lang='lat' dir='ltr'><strong>Sed</strong></span> <span class='ocrx_word' id='word_1_81' title='bbox 1105 1307 1139 1362; x_wconf 88' lang='lat' dir='ltr'><strong>ut</strong></span> <span class='ocrx_word' id='word_1_82' title='bbox 1161 1302 1205 1360; x_wconf 91' lang='lat' dir='ltr'><strong>di·</strong></span> 
     </span>
     <span class='ocr_line' id='line_1_11' title="bbox 132 1383 1205 1473; baseline 0.001 -16"><span class='ocrx_word' id='word_1_83' title='bbox 132 1403 209 1457; x_wconf 90' lang='lat' dir='ltr'><strong>recte</strong></span> <span class='ocrx_word' id='word_1_84' title='bbox 232 1411 296 1456; x_wconf 87' lang='lat' dir='ltr'><strong>eam</strong></span> <span class='ocrx_word' id='word_1_85' title='bbox 323 1395 526 1456; x_wconf 83' lang='lat' dir='ltr'><strong>diffleuitstem</strong></span> <span class='ocrx_word' id='word_1_86' title='bbox 549 1397 718 1473; x_wconf 85' lang='lat' dir='ltr'><strong>solvamus,</strong></span> <span class='ocrx_word' id='word_1_87' title='bbox 738 1398 923 1458; x_wconf 89' lang='lat' dir='ltr'><strong>distinctione</strong></span> <span class='ocrx_word' id='word_1_88' title='bbox 942 1383 1064 1459; x_wconf 90' lang='lat' dir='ltr'><strong>utimur.</strong></span> <span class='ocrx_word' id='word_1_89' title='bbox 1082 1399 1157 1460; x_wconf 87' lang='lat' dir='ltr'><strong>Nam</strong></span> <span class='ocrx_word' id='word_1_90' title='bbox 1178 1399 1205 1459; x_wconf 88' lang='lat' dir='ltr'><strong>si</strong></span> 
     </span>
     <span class='ocr_line' id='line_1_12' title="bbox 131 1491 1206 1572; baseline 0.005 -20"><span class='ocrx_word' id='word_1_91' title='bbox 131 1492 253 1552; x_wconf 79' lang='lat' dir='ltr'><strong>diffusio</strong></span> <span class='ocrx_word' id='word_1_92' title='bbox 285 1491 430 1552; x_wconf 75' lang='lat' dir='ltr'><strong>translate</strong></span> <span class='ocrx_word' id='word_1_93' title='bbox 459 1494 655 1570; x_wconf 72' lang='lat' dir='ltr'><strong>intelligitur,</strong></span> <span class='ocrx_word' id='word_1_94' title='bbox 680 1501 766 1570; x_wconf 89' lang='lat' dir='ltr'><strong>prout</strong></span> <span class='ocrx_word' id='word_1_95' title='bbox 791 1497 924 1556; x_wconf 91' lang='lat' dir='ltr'><strong>intimam</strong></span> <span class='ocrx_word' id='word_1_96' title='bbox 954 1495 1099 1572; x_wconf 83' lang='lat' dir='ltr'><strong>significet</strong></span> <span class='ocrx_word' id='word_1_97' title='bbox 1123 1513 1206 1572; x_wconf 87' lang='lat' dir='ltr'><strong>prae·</strong></span> 
     </span>
     <span class='ocr_line' id='line_1_13' title="bbox 131 1589 1205 1672; baseline 0.003 -21"><span class='ocrx_word' id='word_1_98' title='bbox 131 1592 255 1651; x_wconf 85' lang='lat' dir='ltr'><strong>sentiam</strong></span> <span class='ocrx_word' id='word_1_99' title='bbox 275 1589 314 1649; x_wconf 87' lang='lat' dir='ltr'><strong>ab</strong></span> <span class='ocrx_word' id='word_1_100' title='bbox 333 1591 433 1650; x_wconf 87' lang='lat' dir='ltr'><strong>auimo</strong></span> <span class='ocrx_word' id='word_1_101' title='bbox 449 1591 574 1667; x_wconf 88' lang='lat' dir='ltr'><strong>singuiis</strong></span> <span class='ocrx_word' id='word_1_102' title='bbox 588 1592 720 1667; x_wconf 72' lang='lat' dir='ltr'><strong>perdtus</strong></span> <span class='ocrx_word' id='word_1_103' title='bbox 735 1592 915 1669; x_wconf 75' lang='lat' dir='ltr'><strong>exhibitam3</strong></span> <span class='ocrx_word' id='word_1_104' title='bbox 935 1593 1008 1653; x_wconf 89' lang='lat' dir='ltr'><strong>nihii</strong></span> <span class='ocrx_word' id='word_1_105' title='bbox 1032 1600 1112 1654; x_wconf 91' lang='lat' dir='ltr'><strong>vetat</strong></span> <span class='ocrx_word' id='word_1_106' title='bbox 1133 1609 1205 1672; x_wconf 91' lang='lat' dir='ltr'><strong>qno·</strong></span> 
     </span>
     <span class='ocr_line' id='line_1_14' title="bbox 132 1687 1207 1752; baseline 0.006 -6"><span class='ocrx_word' id='word_1_107' title='bbox 132 1690 230 1750; x_wconf 86' lang='lat' dir='ltr'><strong>minus</strong></span> <span class='ocrx_word' id='word_1_108' title='bbox 248 1687 306 1748; x_wconf 85' lang='lat' dir='ltr'><strong>hoc</strong></span> <span class='ocrx_word' id='word_1_109' title='bbox 324 1703 412 1748; x_wconf 91' lang='lat' dir='ltr'><strong>sensu</strong></span> <span class='ocrx_word' id='word_1_110' title='bbox 440 1687 615 1749; x_wconf 78' lang='lat' dir='ltr'><strong>vocabulum</strong></span> <span class='ocrx_word' id='word_1_111' title='bbox 633 1689 707 1749; x_wconf 89' lang='lat' dir='ltr'><strong>iliud</strong></span> <span class='ocrx_word' id='word_1_112' title='bbox 728 1689 911 1750; x_wconf 78' lang='lat' dir='ltr'><strong>adhibentur.</strong></span> <span class='ocrx_word' id='word_1_113' title='bbox 934 1691 1026 1752; x_wconf 83' lang='lat' dir='ltr'><strong>Voces</strong></span> <span class='ocrx_word' id='word_1_114' title='bbox 1041 1695 1118 1752; x_wconf 89' lang='lat' dir='ltr'><strong>enim</strong></span> <span class='ocrx_word' id='word_1_115' title='bbox 1139 1709 1207 1752; x_wconf 89' lang='lat' dir='ltr'><strong>oon·</strong></span> 
     </span>
     <span class='ocr_line' id='line_1_15' title="bbox 132 1785 1205 1866; baseline 0.003 -20"><span class='ocrx_word' id='word_1_116' title='bbox 132 1785 243 1846; x_wconf 72' lang='lat' dir='ltr'><strong>mmiies</strong></span> <span class='ocrx_word' id='word_1_117' title='bbox 262 1786 300 1845; x_wconf 88' lang='lat' dir='ltr'><strong>ad</strong></span> <span class='ocrx_word' id='word_1_118' title='bbox 325 1787 378 1844; x_wconf 82' lang='lat' dir='ltr'><strong>iiei</strong></span> <span class='ocrx_word' id='word_1_119' title='bbox 400 1787 627 1847; x_wconf 75' lang='lat' dir='ltr'><strong>immensitatem</strong></span> <span class='ocrx_word' id='word_1_120' title='bbox 656 1786 877 1863; x_wconf 83' lang='lat' dir='ltr'><strong>exprimendum</strong></span> <span class='ocrx_word' id='word_1_121' title='bbox 903 1803 989 1865; x_wconf 89' lang='lat' dir='ltr'><strong>saepe</strong></span> <span class='ocrx_word' id='word_1_122' title='bbox 1011 1794 1205 1866; x_wconf 88' lang='lat' dir='ltr'><strong>usurpantur,</strong></span> 
     </span>
     <span class='ocr_line' id='line_1_16' title="bbox 133 1865 1207 1963; baseline 0.006 -23"><span class='ocrx_word' id='word_1_123' title='bbox 133 1884 215 1944; x_wconf 90' lang='lat' dir='ltr'><strong>velut</strong></span> <span class='ocrx_word' id='word_1_124' title='bbox 234 1865 302 1943; x_wconf 80' lang='lat' dir='ltr'><strong>cum</strong></span> <span class='ocrx_word' id='word_1_125' title='bbox 321 1886 352 1943; x_wconf 91' lang='lat' dir='ltr'><strong>in</strong></span> <span class='ocrx_word' id='word_1_126' title='bbox 373 1883 524 1959; x_wconf 79' lang='lat' dir='ltr'><strong>Scriptum</strong></span> <span class='ocrx_word' id='word_1_127' title='bbox 544 1884 622 1944; x_wconf 83' lang='lat' dir='ltr'><strong>Dens</strong></span> <span class='ocrx_word' id='word_1_128' title='bbox 642 1891 750 1945; x_wconf 88' lang='lat' dir='ltr'><strong>terram</strong></span> <span class='ocrx_word' id='word_1_129' title='bbox 769 1891 798 1944; x_wconf 88' lang='lat' dir='ltr'><strong>et</strong></span> <span class='ocrx_word' id='word_1_130' title='bbox 814 1885 926 1946; x_wconf 89' lang='lat' dir='ltr'><strong>coelum</strong></span> <span class='ocrx_word' id='word_1_131' title='bbox 945 1886 1075 1963; x_wconf 87' lang='lat' dir='ltr'><strong>impiere,</strong></span> <span class='ocrx_word' id='word_1_132' title='bbox 1097 1893 1149 1946; x_wconf 87' lang='lat' dir='ltr'><strong>aut</strong></span> <span class='ocrx_word' id='word_1_133' title='bbox 1168 1886 1207 1946; x_wconf 87' lang='lat' dir='ltr'><strong>ab</strong></span> 
     </span>
     <span class='ocr_line' id='line_1_17' title="bbox 131 1980 1208 2060; baseline 0.003 -19"><span class='ocrx_word' id='word_1_134' title='bbox 131 1980 297 2058; x_wconf 73' lang='lat' dir='ltr'><strong>Augustino</strong></span> <span class='ocrx_word' id='word_1_135' title='bbox 314 1997 365 2058; x_wconf 87' lang='lat' dir='ltr'><strong>per</strong></span> <span class='ocrx_word' id='word_1_136' title='bbox 376 1988 471 2041; x_wconf 91' lang='lat' dir='ltr'><strong>totnm</strong></span> <span class='ocrx_word' id='word_1_137' title='bbox 485 1981 629 2042; x_wconf 88' lang='lat' dir='ltr'><strong>mundum</strong></span> <span class='ocrx_word' id='word_1_138' title='bbox 646 1981 775 2042; x_wconf 83' lang='lat' dir='ltr'><strong>dilluudi</strong></span> <span class='ocrx_word' id='word_1_139' title='bbox 794 1981 911 2043; x_wconf 90' lang='lat' dir='ltr'><strong>dicitur.</strong></span> <span class='ocrx_word' id='word_1_140' title='bbox 932 1984 1031 2060; x_wconf 84' lang='lat' dir='ltr'><strong>Neque</strong></span> <span class='ocrx_word' id='word_1_141' title='bbox 1053 1984 1121 2044; x_wconf 89' lang='lat' dir='ltr'><strong>hinc</strong></span> <span class='ocrx_word' id='word_1_142' title='bbox 1138 2000 1208 2060; x_wconf 90' lang='lat' dir='ltr'><strong>pue·</strong></span> 
     </span>
     <span class='ocr_line' id='line_1_18' title="bbox 133 2079 1206 2162; baseline -0.001 -22"><span class='ocrx_word' id='word_1_143' title='bbox 133 2079 181 2140; x_wconf 85' lang='lat' dir='ltr'><strong>rtii</strong></span> <span class='ocrx_word' id='word_1_144' title='bbox 205 2087 291 2162; x_wconf 49' lang='lat' dir='ltr'><strong>netu·</strong></span> <span class='ocrx_word' id='word_1_145' title='bbox 302 2079 464 2140; x_wconf 85' lang='lat' dir='ltr'><strong>umeadum</strong></span> <span class='ocrx_word' id='word_1_146' title='bbox 478 2087 524 2140; x_wconf 82' lang='lat' dir='ltr'><strong>est</strong></span> <span class='ocrx_word' id='word_1_147' title='bbox 541 2095 579 2138; x_wconf 92' lang='lat' dir='ltr'><strong>ne</strong></span> <span class='ocrx_word' id='word_1_148' title='bbox 596 2095 753 2155; x_wconf 89' lang='lat' dir='ltr'><strong>corporeus</strong></span> <span class='ocrx_word' id='word_1_149' title='bbox 771 2079 878 2140; x_wconf 85' lang='lat' dir='ltr'><strong>evadat</strong></span> <span class='ocrx_word' id='word_1_150' title='bbox 895 2083 1022 2140; x_wconf 90' lang='lat' dir='ltr'><strong>animus.</strong></span> <span class='ocrx_word' id='word_1_151' title='bbox 1045 2080 1110 2140; x_wconf 86' lang='lat' dir='ltr'><strong>Nou</strong></span> <span class='ocrx_word' id='word_1_152' title='bbox 1128 2083 1206 2140; x_wconf 91' lang='lat' dir='ltr'><strong>enim</strong></span> 
     </span>
     <span class='ocr_line' id='line_1_19' title="bbox 132 2176 1207 2254; baseline 0.001 -18"><span class='ocrx_word' id='word_1_153' title='bbox 132 2178 202 2253; x_wconf 82' lang='lat' dir='ltr'><strong>quia</strong></span> <span class='ocrx_word' id='word_1_154' title='bbox 221 2177 385 2239; x_wconf 88' lang='lat' dir='ltr'><strong>substantia</strong></span> <span class='ocrx_word' id='word_1_155' title='bbox 406 2176 567 2254; x_wconf 90' lang='lat' dir='ltr'><strong>spiritualis</strong></span> <span class='ocrx_word' id='word_1_156' title='bbox 587 2179 688 2237; x_wconf 91' lang='lat' dir='ltr'><strong>intime</strong></span> <span class='ocrx_word' id='word_1_157' title='bbox 708 2177 844 2252; x_wconf 85' lang='lat' dir='ltr'><strong>pervadit</strong></span> <span class='ocrx_word' id='word_1_158' title='bbox 864 2193 982 2254; x_wconf 88' lang='lat' dir='ltr'><strong>corpus,</strong></span> <span class='ocrx_word' id='word_1_159' title='bbox 1011 2177 1121 2237; x_wconf 93' lang='lat' dir='ltr'><strong>idcirco</strong></span> <span class='ocrx_word' id='word_1_160' title='bbox 1139 2192 1207 2237; x_wconf 89' lang='lat' dir='ltr'><strong>cum</strong></span> 
     </span>
     <span class='ocr_line' id='line_1_20' title="bbox 132 2274 1207 2351; baseline 0.002 -18"><span class='ocrx_word' id='word_1_161' title='bbox 132 2277 197 2351; x_wconf 90' lang='lat' dir='ltr'><strong>ipso</strong></span> <span class='ocrx_word' id='word_1_162' title='bbox 216 2274 406 2335; x_wconf 79' lang='lat' dir='ltr'><strong>contunditur</strong></span> <span class='ocrx_word' id='word_1_163' title='bbox 425 2282 478 2335; x_wconf 89' lang='lat' dir='ltr'><strong>aut</strong></span> <span class='ocrx_word' id='word_1_164' title='bbox 497 2274 677 2334; x_wconf 83' lang='lat' dir='ltr'><strong>consimilem</strong></span> <span class='ocrx_word' id='word_1_165' title='bbox 691 2282 826 2335; x_wconf 87' lang='lat' dir='ltr'><strong>naturam</strong></span> <span class='ocrx_word' id='word_1_166' title='bbox 848 2275 953 2335; x_wconf 88' lang='lat' dir='ltr'><strong>induit.</strong></span> <span class='ocrx_word' id='word_1_167' title='bbox 976 2276 1071 2334; x_wconf 92' lang='lat' dir='ltr'><strong>immo</strong></span> <span class='ocrx_word' id='word_1_168' title='bbox 1090 2274 1207 2335; x_wconf 80' lang='lat' dir='ltr'><strong>veroid</strong></span> 
     </span>
     <span class='ocr_line' id='line_1_21' title="bbox 133 2372 1207 2449; baseline 0 -18"><span class='ocrx_word' id='word_1_169' title='bbox 133 2376 231 2449; x_wconf 93' lang='lat' dir='ltr'><strong>potius</strong></span> <span class='ocrx_word' id='word_1_170' title='bbox 251 2372 290 2431; x_wconf 90' lang='lat' dir='ltr'><strong>ad</strong></span> <span class='ocrx_word' id='word_1_171' title='bbox 313 2375 376 2432; x_wconf 91' lang='lat' dir='ltr'><strong>eius</strong></span> <span class='ocrx_word' id='word_1_172' title='bbox 396 2372 627 2449; x_wconf 87' lang='lat' dir='ltr'><strong>praecellentiam</strong></span> <span class='ocrx_word' id='word_1_173' title='bbox 647 2379 677 2431; x_wconf 92' lang='lat' dir='ltr'><strong>et</strong></span> <span class='ocrx_word' id='word_1_174' title='bbox 698 2374 836 2432; x_wconf 87' lang='lat' dir='ltr'><strong>virtutem</strong></span> <span class='ocrx_word' id='word_1_175' title='bbox 856 2374 982 2448; x_wconf 90' lang='lat' dir='ltr'><strong>pertinet</strong></span> <span class='ocrx_word' id='word_1_176' title='bbox 1002 2380 1035 2432; x_wconf 90' lang='lat' dir='ltr'><strong>ut</strong></span> <span class='ocrx_word' id='word_1_177' title='bbox 1054 2374 1118 2431; x_wconf 85' lang='lat' dir='ltr'><strong>sine</strong></span> <span class='ocrx_word' id='word_1_178' title='bbox 1140 2388 1207 2432; x_wconf 92' lang='lat' dir='ltr'><strong>eon·</strong></span> 
     </span>
     <span class='ocr_line' id='line_1_22' title="bbox 132 2468 1206 2546; baseline 0.002 -18"><span class='ocrx_word' id='word_1_179' title='bbox 132 2470 261 2528; x_wconf 87' lang='lat' dir='ltr'><strong>cretione</strong></span> <span class='ocrx_word' id='word_1_180' title='bbox 277 2475 328 2528; x_wconf 89' lang='lat' dir='ltr'><strong>aut</strong></span> <span class='ocrx_word' id='word_1_181' title='bbox 341 2470 469 2529; x_wconf 81' lang='lat' dir='ltr'><strong>mixtura</strong></span> <span class='ocrx_word' id='word_1_182' title='bbox 488 2472 581 2545; x_wconf 90' lang='lat' dir='ltr'><strong>possit</strong></span> <span class='ocrx_word' id='word_1_183' title='bbox 595 2468 682 2530; x_wconf 90' lang='lat' dir='ltr'><strong>simui</strong></span> <span class='ocrx_word' id='word_1_184' title='bbox 696 2469 828 2544; x_wconf 90' lang='lat' dir='ltr'><strong>pluribus</strong></span> <span class='ocrx_word' id='word_1_185' title='bbox 845 2472 959 2529; x_wconf 83' lang='lat' dir='ltr'><strong>extensi</strong></span> <span class='ocrx_word' id='word_1_186' title='bbox 975 2469 1124 2529; x_wconf 89' lang='lat' dir='ltr'><strong>cuiusdam</strong></span> <span class='ocrx_word' id='word_1_187' title='bbox 1140 2484 1206 2546; x_wconf 85' lang='lat' dir='ltr'><strong>par·</strong></span> 
     </span>
     <span class='ocr_line' id='line_1_23' title="bbox 132 2558 1208 2644; baseline 0.001 -19"><span class='ocrx_word' id='word_1_188' title='bbox 132 2565 212 2625; x_wconf 89' lang='lat' dir='ltr'><strong>tibus</strong></span> <span class='ocrx_word' id='word_1_189' title='bbox 230 2564 340 2625; x_wconf 80' lang='lat' dir='ltr'><strong>adame.</strong></span> <span class='ocrx_word' id='word_1_190' title='bbox 354 2565 405 2625; x_wconf 85' lang='lat' dir='ltr'><strong>Sin</strong></span> <span class='ocrx_word' id='word_1_191' title='bbox 420 2573 516 2626; x_wconf 73' lang='lat' dir='ltr'><strong>summ</strong></span> <span class='ocrx_word' id='word_1_192' title='bbox 536 2566 657 2627; x_wconf 86' lang='lat' dir='ltr'><strong>diiiusio</strong></span> <span class='ocrx_word' id='word_1_193' title='bbox 679 2566 731 2626; x_wconf 88' lang='lat' dir='ltr'><strong>iiia</strong></span> <span class='ocrx_word' id='word_1_194' title='bbox 744 2558 859 2643; x_wconf 88' lang='lat' dir='ltr'><strong>proprie</strong></span> <span class='ocrx_word' id='word_1_195' title='bbox 877 2574 1050 2643; x_wconf 81' lang='lat' dir='ltr'><strong>usurpetur,</strong></span> <span class='ocrx_word' id='word_1_196' title='bbox 1064 2574 1208 2644; x_wconf 76' lang='lat' dir='ltr'><strong>quercum</strong></span> 
     </span>
    </p>
   </div>
   <div class='ocr_carea' id='block_1_3' title="bbox 133 2661 1210 2743">
    <p class='ocr_par' dir='ltr' id='par_1_4' title="bbox 133 2661 1210 2743">
     <span class='ocr_line' id='line_1_24' title="bbox 133 2661 1210 2743; baseline 0.001 -21"><span class='ocrx_word' id='word_1_197' title='bbox 133 2664 339 2738; x_wconf 80' lang='lat' dir='ltr'><strong>expansionem</strong></span> <span class='ocrx_word' id='word_1_198' title='bbox 364 2663 521 2740; x_wconf 85' lang='lat' dir='ltr'><strong>quamdam</strong></span> <span class='ocrx_word' id='word_1_199' title='bbox 541 2664 627 2723; x_wconf 90' lang='lat' dir='ltr'><strong>molis</strong></span> <span class='ocrx_word' id='word_1_200' title='bbox 649 2662 813 2740; x_wconf 78' lang='lat' dir='ltr'><strong>significet,</strong></span> <span class='ocrx_word' id='word_1_201' title='bbox 828 2661 912 2739; x_wconf 83' lang='lat' dir='ltr'><strong>salso</strong></span> <span class='ocrx_word' id='word_1_202' title='bbox 931 2666 1079 2743; x_wconf 83' lang='lat' dir='ltr'><strong>supposito</strong></span> <span class='ocrx_word' id='word_1_203' title='bbox 1096 2663 1210 2724; x_wconf 87' lang='lat' dir='ltr'><strong>laborat</strong></span> 
     </span>
    </p>
   </div>
   <div class='ocr_carea' id='block_1_4' title="bbox 129 2849 1211 4150">
    <p class='ocr_par' dir='ltr' id='par_1_5' title="bbox 129 2849 1211 4150">
     <span class='ocr_line' id='line_1_25' title="bbox 133 2849 1207 2916; baseline 0 -15"><span class='ocrx_word' id='word_1_204' title='bbox 133 2871 146 2895; x_wconf 67' lang='lat' dir='ltr'><strong>s</strong></span> <span class='ocrx_word' id='word_1_205' title='bbox 163 2851 211 2901; x_wconf 83' lang='lat' dir='ltr'><strong>hoc</strong></span> <span class='ocrx_word' id='word_1_206' title='bbox 228 2850 500 2916; x_wconf 67' lang='lat' dir='ltr'><strong>matemalprseseutia</strong></span> <span class='ocrx_word' id='word_1_207' title='bbox 518 2851 635 2901; x_wconf 83' lang='lat' dir='ltr'><strong>ninnirum</strong></span> <span class='ocrx_word' id='word_1_208' title='bbox 654 2852 730 2901; x_wconf 88' lang='lat' dir='ltr'><strong>animi</strong></span> <span class='ocrx_word' id='word_1_209' title='bbox 747 2850 772 2899; x_wconf 88' lang='lat' dir='ltr'><strong>iu</strong></span> <span class='ocrx_word' id='word_1_210' title='bbox 793 2852 847 2901; x_wconf 87' lang='lat' dir='ltr'><strong>toto</strong></span> <span class='ocrx_word' id='word_1_211' title='bbox 864 2849 976 2915; x_wconf 88' lang='lat' dir='ltr'><strong>corpore)</strong></span> <span class='ocrx_word' id='word_1_212' title='bbox 994 2849 1207 2903; x_wconf 84' lang='lat' dir='ltr'><strong>accommodatum</strong></span> 
     </span>
     <span class='ocr_line' id='line_1_26' title="bbox 134 2930 1207 2995; baseline 0.001 -15"><span class='ocrx_word' id='word_1_213' title='bbox 134 2951 147 2974; x_wconf 76' lang='lat' dir='ltr'><strong>s</strong></span> <span class='ocrx_word' id='word_1_214' title='bbox 164 2933 202 2981; x_wconf 91' lang='lat' dir='ltr'><strong>est</strong></span> <span class='ocrx_word' id='word_1_215' title='bbox 221 2945 270 2981; x_wconf 91' lang='lat' dir='ltr'><strong>non</strong></span> <span class='ocrx_word' id='word_1_216' title='bbox 289 2931 321 2980; x_wconf 90' lang='lat' dir='ltr'><strong>iis</strong></span> <span class='ocrx_word' id='word_1_217' title='bbox 335 2932 431 2981; x_wconf 79' lang='lat' dir='ltr'><strong>mnium</strong></span> <span class='ocrx_word' id='word_1_218' title='bbox 451 2932 628 2995; x_wconf 77' lang='lat' dir='ltr'><strong>phoenomenis</strong></span> <span class='ocrx_word' id='word_1_219' title='bbox 643 2932 742 2981; x_wconf 88' lang='lat' dir='ltr'><strong>iaciiius</strong></span> <span class='ocrx_word' id='word_1_220' title='bbox 760 2930 926 2995; x_wconf 77' lang='lat' dir='ltr'><strong>explicandis,</strong></span> <span class='ocrx_word' id='word_1_221' title='bbox 938 2944 1002 2995; x_wconf 79' lang='lat' dir='ltr'><strong>qiiite</strong></span> <span class='ocrx_word' id='word_1_222' title='bbox 1016 2930 1094 2981; x_wconf 78' lang='lat' dir='ltr'><strong>sitam</strong></span> <span class='ocrx_word' id='word_1_223' title='bbox 1110 2933 1136 2980; x_wconf 93' lang='lat' dir='ltr'><strong>et</strong></span> <span class='ocrx_word' id='word_1_224' title='bbox 1154 2943 1207 2981; x_wconf 86' lang='lat' dir='ltr'><strong>sen·</strong></span> 
     </span>
     <span class='ocr_line' id='line_1_27' title="bbox 134 3010 1208 3075; baseline -0.001 -14"><span class='ocrx_word' id='word_1_225' title='bbox 134 3030 147 3054; x_wconf 73' lang='grc' dir='ltr'><strong>α</strong></span> <span class='ocrx_word' id='word_1_226' title='bbox 164 3024 219 3061; x_wconf 90' lang='lat' dir='ltr'><strong>sum</strong></span> <span class='ocrx_word' id='word_1_227' title='bbox 239 3014 360 3074; x_wconf 85' lang='lat' dir='ltr'><strong>spectant,</strong></span> <span class='ocrx_word' id='word_1_228' title='bbox 376 3010 420 3063; x_wconf 88' lang='lat' dir='ltr'><strong>sed</strong></span> <span class='ocrx_word' id='word_1_229' title='bbox 442 3012 473 3062; x_wconf 91' lang='lat' dir='ltr'><strong>iis</strong></span> <span class='ocrx_word' id='word_1_230' title='bbox 491 3012 600 3062; x_wconf 84' lang='lat' dir='ltr'><strong>marimo</strong></span> <span class='ocrx_word' id='word_1_231' title='bbox 611 3025 675 3075; x_wconf 85' lang='lat' dir='ltr'><strong>quse</strong></span> <span class='ocrx_word' id='word_1_232' title='bbox 686 3012 717 3061; x_wconf 86' lang='lat' dir='ltr'><strong>sd</strong></span> <span class='ocrx_word' id='word_1_233' title='bbox 739 3011 891 3075; x_wconf 85' lang='lat' dir='ltr'><strong>voluptutem</strong></span> <span class='ocrx_word' id='word_1_234' title='bbox 906 3012 931 3061; x_wconf 89' lang='lat' dir='ltr'><strong>ct</strong></span> <span class='ocrx_word' id='word_1_235' title='bbox 946 3010 1057 3062; x_wconf 89' lang='lat' dir='ltr'><strong>dolorem</strong></span> <span class='ocrx_word' id='word_1_236' title='bbox 1077 3011 1208 3073; x_wconf 85' lang='lat' dir='ltr'><strong>pertinent,</strong></span> 
     </span>
     <span class='ocr_line' id='line_1_28' title="bbox 129 3091 1209 3156; baseline -0.001 -14"><span class='ocrx_word' id='word_1_237' title='bbox 129 3092 146 3134; x_wconf 73' lang='grc' dir='ltr'><strong>ἀ</strong></span> <span class='ocrx_word' id='word_1_238' title='bbox 163 3104 228 3154; x_wconf 84' lang='lat' dir='ltr'><strong>quse</strong></span> <span class='ocrx_word' id='word_1_239' title='bbox 245 3094 417 3156; x_wconf 83' lang='lat' dir='ltr'><strong>praeterquam</strong></span> <span class='ocrx_word' id='word_1_240' title='bbox 433 3094 458 3142; x_wconf 89' lang='lat' dir='ltr'><strong>in</strong></span> <span class='ocrx_word' id='word_1_241' title='bbox 475 3094 530 3143; x_wconf 88' lang='lat' dir='ltr'><strong>toto</strong></span> <span class='ocrx_word' id='word_1_242' title='bbox 549 3094 690 3143; x_wconf 81' lang='lat' dir='ltr'><strong>sentiumnr</strong></span> <span class='ocrx_word' id='word_1_243' title='bbox 705 3106 822 3155; x_wconf 87' lang='lat' dir='ltr'><strong>corpore,</strong></span> <span class='ocrx_word' id='word_1_244' title='bbox 847 3092 1010 3143; x_wconf 85' lang='lat' dir='ltr'><strong>intensionem</strong></span> <span class='ocrx_word' id='word_1_245' title='bbox 1031 3104 1102 3142; x_wconf 81' lang='lat' dir='ltr'><strong>mam</strong></span> <span class='ocrx_word' id='word_1_246' title='bbox 1116 3091 1209 3141; x_wconf 77' lang='lat' dir='ltr'><strong>irsoum</strong></span> 
     </span>
     <span class='ocr_line' id='line_1_29' title="bbox 134 3170 1209 3233; baseline -0.001 -11"><span class='ocrx_word' id='word_1_247' title='bbox 134 3191 147 3215; x_wconf 80' lang='grc' dir='ltr'><strong>«ι</strong></span> <span class='ocrx_word' id='word_1_248' title='bbox 163 3174 189 3222; x_wconf 90' lang='lat' dir='ltr'><strong>et</strong></span> <span class='ocrx_word' id='word_1_249' title='bbox 204 3172 374 3224; x_wconf 61' lang='lat' dir='ltr'><strong>munem</strong></span> <span class='ocrx_word' id='word_1_250' title='bbox 391 3174 418 3224; x_wconf 88' lang='lat' dir='ltr'><strong>in</strong></span> <span class='ocrx_word' id='word_1_251' title='bbox 435 3173 530 3223; x_wconf 76' lang='lat' dir='ltr'><strong>rationo</strong></span> <span class='ocrx_word' id='word_1_252' title='bbox 546 3174 601 3225; x_wconf 82' lang='lat' dir='ltr'><strong>elus</strong></span> <span class='ocrx_word' id='word_1_253' title='bbox 619 3172 770 3223; x_wconf 84' lang='lat' dir='ltr'><strong>intensiiatis</strong></span> <span class='ocrx_word' id='word_1_254' title='bbox 786 3174 811 3221; x_wconf 90' lang='lat' dir='ltr'><strong>et</strong></span> <span class='ocrx_word' id='word_1_255' title='bbox 826 3171 987 3233; x_wconf 81' lang='lat' dir='ltr'><strong>remissionis,</strong></span> <span class='ocrx_word' id='word_1_256' title='bbox 1004 3184 1068 3233; x_wconf 80' lang='lat' dir='ltr'><strong>quac</strong></span> <span class='ocrx_word' id='word_1_257' title='bbox 1086 3173 1125 3223; x_wconf 74' lang='lat' dir='ltr'><strong>et</strong></span> <span class='ocrx_word' id='word_1_258' title='bbox 1135 3170 1161 3221; x_wconf 80' lang='lat' dir='ltr'><strong>ia</strong></span> <span class='ocrx_word' id='word_1_259' title='bbox 1179 3182 1209 3221; x_wconf 83' lang='lat' dir='ltr'><strong>es</strong></span> 
     </span>
     <span class='ocr_line' id='line_1_30' title="bbox 133 3249 1210 3319; baseline 0.001 -20"><span class='ocrx_word' id='word_1_260' title='bbox 133 3274 145 3299; x_wconf 74' lang='grc' dir='ltr'>ι</span> <span class='ocrx_word' id='word_1_261' title='bbox 163 3252 272 3304; x_wconf 84' lang='lat' dir='ltr'><strong>motione</strong></span> <span class='ocrx_word' id='word_1_262' title='bbox 290 3256 335 3305; x_wconf 85' lang='lat' dir='ltr'><strong>aut</strong></span> <span class='ocrx_word' id='word_1_263' title='bbox 351 3252 652 3319; x_wconf 78' lang='lat' dir='ltr'><strong>irritabiiiiaicmrporis,</strong></span> <span class='ocrx_word' id='word_1_264' title='bbox 666 3266 716 3317; x_wconf 84' lang='lat' dir='ltr'><strong>qus</strong></span> <span class='ocrx_word' id='word_1_265' title='bbox 729 3252 860 3316; x_wconf 85' lang='lat' dir='ltr'><strong>praecipue</strong></span> <span class='ocrx_word' id='word_1_266' title='bbox 871 3253 923 3303; x_wconf 83' lang='lat' dir='ltr'><strong>vita</strong></span> <span class='ocrx_word' id='word_1_267' title='bbox 941 3256 966 3305; x_wconf 90' lang='lat' dir='ltr'><strong>et</strong></span> <span class='ocrx_word' id='word_1_268' title='bbox 986 3264 1074 3301; x_wconf 75' lang='lat' dir='ltr'><strong>musas</strong></span> <span class='ocrx_word' id='word_1_269' title='bbox 1095 3249 1210 3301; x_wconf 81' lang='lat' dir='ltr'><strong>animalis</strong></span> 
     </span>
     <span class='ocr_line' id='line_1_31' title="bbox 133 3330 1209 3397; baseline -0.002 -14"><span class='ocrx_word' id='word_1_270' title='bbox 133 3353 146 3375; x_wconf 75' lang='grc' dir='ltr'>ι</span> <span class='ocrx_word' id='word_1_271' title='bbox 162 3334 310 3385; x_wconf 84' lang='lat' dir='ltr'><strong>mutinatur.</strong></span> <span class='ocrx_word' id='word_1_272' title='bbox 328 3338 360 3385; x_wconf 85' lang='lat' dir='ltr'><strong>iit</strong></span> <span class='ocrx_word' id='word_1_273' title='bbox 378 3335 580 3397; x_wconf 87' lang='lat' dir='ltr'><strong>congeminantur</strong></span> <span class='ocrx_word' id='word_1_274' title='bbox 598 3335 658 3383; x_wconf 82' lang='lat' dir='ltr'><strong>iseo</strong></span> <span class='ocrx_word' id='word_1_275' title='bbox 679 3334 833 3395; x_wconf 82' lang='lat' dir='ltr'><strong>piorumque,</strong></span> <span class='ocrx_word' id='word_1_276' title='bbox 848 3334 876 3381; x_wconf 90' lang='lat' dir='ltr'><strong>nt</strong></span> <span class='ocrx_word' id='word_1_277' title='bbox 894 3332 978 3395; x_wconf 89' lang='lat' dir='ltr'><strong>piures</strong></span> <span class='ocrx_word' id='word_1_278' title='bbox 1000 3330 1092 3381; x_wconf 85' lang='lat' dir='ltr'><strong>diversi</strong></span> <span class='ocrx_word' id='word_1_279' title='bbox 1113 3331 1209 3393; x_wconf 88' lang='lat' dir='ltr'><strong>generis</strong></span> 
     </span>
     <span class='ocr_line' id='line_1_32' title="bbox 133 3409 1211 3477; baseline 0 -17"><span class='ocrx_word' id='word_1_280' title='bbox 133 3431 146 3455; x_wconf 78' lang='lat' dir='ltr'><strong>s</strong></span> <span class='ocrx_word' id='word_1_281' title='bbox 163 3410 271 3475; x_wconf 90' lang='lat' dir='ltr'><strong>dolores,</strong></span> <span class='ocrx_word' id='word_1_282' title='bbox 287 3414 312 3463; x_wconf 88' lang='lat' dir='ltr'><strong>ct</strong></span> <span class='ocrx_word' id='word_1_283' title='bbox 325 3414 439 3477; x_wconf 85' lang='lat' dir='ltr'><strong>voluptas</strong></span> <span class='ocrx_word' id='word_1_284' title='bbox 454 3414 478 3463; x_wconf 91' lang='lat' dir='ltr'><strong>ei</strong></span> <span class='ocrx_word' id='word_1_285' title='bbox 492 3414 574 3475; x_wconf 85' lang='lat' dir='ltr'><strong>dolor,</strong></span> <span class='ocrx_word' id='word_1_286' title='bbox 594 3412 661 3475; x_wconf 87' lang='lat' dir='ltr'><strong>iique</strong></span> <span class='ocrx_word' id='word_1_287' title='bbox 675 3412 701 3460; x_wconf 90' lang='lat' dir='ltr'><strong>in</strong></span> <span class='ocrx_word' id='word_1_288' title='bbox 718 3412 823 3461; x_wconf 81' lang='lat' dir='ltr'><strong>diuersis</strong></span> <span class='ocrx_word' id='word_1_289' title='bbox 840 3411 948 3460; x_wconf 86' lang='lat' dir='ltr'><strong>hominis</strong></span> <span class='ocrx_word' id='word_1_290' title='bbox 967 3412 1078 3473; x_wconf 85' lang='lat' dir='ltr'><strong>partibus</strong></span> <span class='ocrx_word' id='word_1_291' title='bbox 1090 3409 1172 3460; x_wconf 84' lang='lat' dir='ltr'><strong>vivide</strong></span> <span class='ocrx_word' id='word_1_292' title='bbox 1184 3412 1211 3460; x_wconf 87' lang='lat' dir='ltr'><strong>et</strong></span> 
     </span>
     <span class='ocr_line' id='line_1_33' title="bbox 133 3488 1211 3553; baseline 0 -14"><span class='ocrx_word' id='word_1_293' title='bbox 133 3510 145 3532; x_wconf 84' lang='grc' dir='ltr'>ι</span> <span class='ocrx_word' id='word_1_294' title='bbox 163 3488 279 3541; x_wconf 83' lang='lat' dir='ltr'><strong>distinete</strong></span> <span class='ocrx_word' id='word_1_295' title='bbox 293 3494 439 3542; x_wconf 85' lang='lat' dir='ltr'><strong>sentiantur.</strong></span> <span class='ocrx_word' id='word_1_296' title='bbox 456 3492 525 3548; x_wconf 83' lang='lat' dir='ltr'><strong>Quae</strong></span> <span class='ocrx_word' id='word_1_297' title='bbox 542 3504 600 3541; x_wconf 90' lang='lat' dir='ltr'><strong>cum</strong></span> <span class='ocrx_word' id='word_1_298' title='bbox 617 3491 651 3539; x_wconf 86' lang='lat' dir='ltr'><strong>its</strong></span> <span class='ocrx_word' id='word_1_299' title='bbox 663 3490 722 3551; x_wconf 84' lang='lat' dir='ltr'><strong>sint,</strong></span> <span class='ocrx_word' id='word_1_300' title='bbox 743 3490 785 3551; x_wconf 83' lang='lat' dir='ltr'><strong>qni</strong></span> <span class='ocrx_word' id='word_1_301' title='bbox 799 3491 1003 3540; x_wconf 85' lang='lat' dir='ltr'><strong>scholasticorum</strong></span> <span class='ocrx_word' id='word_1_302' title='bbox 1016 3492 1123 3553; x_wconf 80' lang='lat' dir='ltr'><strong>systema</strong></span> <span class='ocrx_word' id='word_1_303' title='bbox 1136 3490 1211 3540; x_wconf 88' lang='lat' dir='ltr'><strong>nimis</strong></span> 
     </span>
     <span class='ocr_line' id='line_1_34' title="bbox 132 3568 1209 3635; baseline 0 -15"><span class='ocrx_word' id='word_1_304' title='bbox 132 3590 145 3613; x_wconf 80' lang='grc' dir='ltr'>ι</span> <span class='ocrx_word' id='word_1_305' title='bbox 162 3584 323 3635; x_wconf 81' lang='lat' dir='ltr'><strong>praepropere</strong></span> <span class='ocrx_word' id='word_1_306' title='bbox 337 3570 473 3630; x_wconf 86' lang='lat' dir='ltr'><strong>damnant,</strong></span> <span class='ocrx_word' id='word_1_307' title='bbox 487 3571 504 3619; x_wconf 92' lang='lat' dir='ltr'><strong>ii</strong></span> <span class='ocrx_word' id='word_1_308' title='bbox 523 3571 623 3621; x_wconf 85' lang='lat' dir='ltr'><strong>saeculo</strong></span> <span class='ocrx_word' id='word_1_309' title='bbox 641 3568 785 3632; x_wconf 88' lang='lat' dir='ltr'><strong>indulgent,</strong></span> <span class='ocrx_word' id='word_1_310' title='bbox 808 3582 857 3619; x_wconf 86' lang='lat' dir='ltr'><strong>nou</strong></span> <span class='ocrx_word' id='word_1_311' title='bbox 881 3570 971 3619; x_wconf 80' lang='lat' dir='ltr'><strong>radoni</strong></span> <span class='ocrx_word' id='word_1_312' title='bbox 994 3568 1134 3619; x_wconf 87' lang='lat' dir='ltr'><strong>consulunt</strong></span> <span class='ocrx_word' id='word_1_313' title='bbox 1158 3572 1209 3620; x_wconf 84' lang='lat' dir='ltr'><strong>ileu</strong></span> 
     </span>
     <span class='ocr_line' id='line_1_35' title="bbox 130 3648 1211 3713; baseline -0.001 -13"><span class='ocrx_word' id='word_1_314' title='bbox 130 3668 143 3692; x_wconf 84' lang='lat'>«</span> <span class='ocrx_word' id='word_1_315' title='bbox 161 3651 288 3699; x_wconf 79' lang='lat' dir='ltr'><strong>cortesius</strong></span> <span class='ocrx_word' id='word_1_316' title='bbox 304 3650 348 3710; x_wconf 82' lang='lat' dir='ltr'><strong>qui</strong></span> <span class='ocrx_word' id='word_1_317' title='bbox 371 3648 490 3698; x_wconf 82' lang='lat' dir='ltr'><strong>adversus</strong></span> <span class='ocrx_word' id='word_1_318' title='bbox 510 3648 723 3712; x_wconf 73' lang='lat' dir='ltr'><strong>praecipitantium</strong></span> <span class='ocrx_word' id='word_1_319' title='bbox 747 3648 937 3712; x_wconf 81' lang='lat' dir='ltr'><strong>philosophandi</strong></span> <span class='ocrx_word' id='word_1_320' title='bbox 959 3652 1010 3699; x_wconf 85' lang='lat' dir='ltr'><strong>iam</strong></span> <span class='ocrx_word' id='word_1_321' title='bbox 1023 3662 1096 3713; x_wconf 82' lang='lat' dir='ltr'><strong>saepe</strong></span> <span class='ocrx_word' id='word_1_322' title='bbox 1118 3648 1211 3699; x_wconf 80' lang='lat' dir='ltr'><strong>invulsi-</strong></span> 
     </span>
     <span class='ocr_line' id='line_1_36' title="bbox 133 3728 1209 3794; baseline -0.004 -14"><span class='ocrx_word' id='word_1_323' title='bbox 133 3748 146 3773; x_wconf 70' lang='grc' dir='ltr'>ι</span> <span class='ocrx_word' id='word_1_324' title='bbox 163 3731 219 3789; x_wconf 89' lang='lat' dir='ltr'><strong>tur,</strong></span> <span class='ocrx_word' id='word_1_325' title='bbox 234 3741 286 3779; x_wconf 88' lang='lat' dir='ltr'><strong>rem</strong></span> <span class='ocrx_word' id='word_1_326' title='bbox 304 3729 369 3779; x_wconf 83' lang='lat' dir='ltr'><strong>iisne</strong></span> <span class='ocrx_word' id='word_1_327' title='bbox 382 3729 474 3779; x_wconf 89' lang='lat' dir='ltr'><strong>attente</strong></span> <span class='ocrx_word' id='word_1_328' title='bbox 492 3728 524 3778; x_wconf 91' lang='lat' dir='ltr'><strong>ud</strong></span> <span class='ocrx_word' id='word_1_329' title='bbox 546 3728 662 3794; x_wconf 80' lang='lat' dir='ltr'><strong>incudem</strong></span> <span class='ocrx_word' id='word_1_330' title='bbox 680 3730 846 3780; x_wconf 78' lang='lat' dir='ltr'><strong>revocaverat.</strong></span> <span class='ocrx_word' id='word_1_331' title='bbox 870 3729 919 3787; x_wconf 82' lang='lat' dir='ltr'><strong>Qui</strong></span> <span class='ocrx_word' id='word_1_332' title='bbox 938 3730 1037 3793; x_wconf 82' lang='lat' dir='ltr'><strong>sequuti</strong></span> <span class='ocrx_word' id='word_1_333' title='bbox 1058 3731 1125 3791; x_wconf 89' lang='lat' dir='ltr'><strong>sunt,</strong></span> <span class='ocrx_word' id='word_1_334' title='bbox 1143 3728 1209 3778; x_wconf 83' lang='lat' dir='ltr'><strong>novi·</strong></span> 
     </span>
     <span class='ocr_line' id='line_1_37' title="bbox 131 3806 1205 3873; baseline 0.003 -20"><span class='ocrx_word' id='word_1_335' title='bbox 131 3830 144 3853; x_wconf 65' lang='lat' dir='ltr'><strong>s</strong></span> <span class='ocrx_word' id='word_1_336' title='bbox 161 3808 256 3859; x_wconf 83' lang='lat' dir='ltr'><strong>tatibus</strong></span> <span class='ocrx_word' id='word_1_337' title='bbox 266 3807 326 3857; x_wconf 91' lang='lat' dir='ltr'><strong>dum</strong></span> <span class='ocrx_word' id='word_1_338' title='bbox 339 3808 385 3857; x_wconf 88' lang='lat' dir='ltr'><strong>toti</strong></span> <span class='ocrx_word' id='word_1_339' title='bbox 401 3807 575 3858; x_wconf 80' lang='lat' dir='ltr'><strong>intenduntur</strong></span> <span class='ocrx_word' id='word_1_340' title='bbox 592 3811 675 3858; x_wconf 83' lang='lat' dir='ltr'><strong>velers</strong></span> <span class='ocrx_word' id='word_1_341' title='bbox 695 3808 823 3873; x_wconf 87' lang='lat' dir='ltr'><strong>negligunt</strong></span> <span class='ocrx_word' id='word_1_342' title='bbox 840 3822 903 3872; x_wconf 85' lang='lat' dir='ltr'><strong>quse</strong></span> <span class='ocrx_word' id='word_1_343' title='bbox 920 3809 1005 3872; x_wconf 87' lang='lat' dir='ltr'><strong>paucis</strong></span> <span class='ocrx_word' id='word_1_344' title='bbox 1018 3806 1149 3857; x_wconf 88' lang='lat' dir='ltr'><strong>emendare</strong></span> <span class='ocrx_word' id='word_1_345' title='bbox 1165 3820 1205 3869; x_wconf 94' lang='lat' dir='ltr'><strong>po-</strong></span> 
     </span>
     <span class='ocr_line' id='line_1_38' title="bbox 132 3887 1210 3953; baseline 0.002 -20"><span class='ocrx_word' id='word_1_346' title='bbox 132 3910 145 3933; x_wconf 73' lang='lat'>«</span> <span class='ocrx_word' id='word_1_347' title='bbox 162 3890 254 3951; x_wconf 86' lang='lat' dir='ltr'><strong>terant,</strong></span> <span class='ocrx_word' id='word_1_348' title='bbox 272 3887 357 3938; x_wconf 80' lang='lat' dir='ltr'><strong>disere</strong></span> <span class='ocrx_word' id='word_1_349' title='bbox 377 3888 455 3951; x_wconf 88' lang='lat' dir='ltr'><strong>magis</strong></span> <span class='ocrx_word' id='word_1_350' title='bbox 468 3888 535 3950; x_wconf 90' lang='lat' dir='ltr'><strong>quod</strong></span> <span class='ocrx_word' id='word_1_351' title='bbox 555 3890 748 3951; x_wconf 81' lang='lat' dir='ltr'><strong>concupiverant</strong></span> <span class='ocrx_word' id='word_1_352' title='bbox 765 3902 840 3952; x_wconf 89' lang='lat' dir='ltr'><strong>quam</strong></span> <span class='ocrx_word' id='word_1_353' title='bbox 860 3888 928 3953; x_wconf 90' lang='lat' dir='ltr'><strong>quud</strong></span> <span class='ocrx_word' id='word_1_354' title='bbox 946 3888 1094 3952; x_wconf 86' lang='lat' dir='ltr'><strong>repererant.</strong></span> <span class='ocrx_word' id='word_1_355' title='bbox 1117 3890 1210 3947; x_wconf 83' lang='lat' dir='ltr'><strong>Nempe</strong></span> 
     </span>
     <span class='ocr_line' id='line_1_39' title="bbox 134 3966 1209 4033; baseline -0.001 -15"><span class='ocrx_word' id='word_1_356' title='bbox 134 3992 147 4015; x_wconf 79' lang='grc' dir='ltr'>ι</span> <span class='ocrx_word' id='word_1_357' title='bbox 163 3972 249 4021; x_wconf 72' lang='lat' dir='ltr'><strong>tatere</strong></span> <span class='ocrx_word' id='word_1_358' title='bbox 268 3968 424 4029; x_wconf 75' lang='lat' dir='ltr'><strong>(utidmnun</strong></span> <span class='ocrx_word' id='word_1_359' title='bbox 436 3970 544 4021; x_wconf 83' lang='lat' dir='ltr'><strong>dominis</strong></span> <span class='ocrx_word' id='word_1_360' title='bbox 554 3970 680 4033; x_wconf 84' lang='lat' dir='ltr'><strong>ingenium</strong></span> <span class='ocrx_word' id='word_1_361' title='bbox 696 3970 842 4033; x_wconf 82' lang='lat' dir='ltr'><strong>coutemnit,</strong></span> <span class='ocrx_word' id='word_1_362' title='bbox 856 3968 1007 4021; x_wconf 81' lang='lat' dir='ltr'><strong>transuolat</strong></span> <span class='ocrx_word' id='word_1_363' title='bbox 1023 3971 1051 4019; x_wconf 81' lang='lat' dir='ltr'><strong>ia</strong></span> <span class='ocrx_word' id='word_1_364' title='bbox 1063 3966 1148 4019; x_wconf 83' lang='lat' dir='ltr'><strong>medio</strong></span> <span class='ocrx_word' id='word_1_365' title='bbox 1165 3978 1209 4028; x_wconf 81' lang='lat' dir='ltr'><strong>pe·</strong></span> 
     </span>
     <span class='ocr_line' id='line_1_40' title="bbox 135 4048 1103 4116; baseline -0.005 -15"><span class='ocrx_word' id='word_1_366' title='bbox 135 4071 147 4093; x_wconf 67' lang='lat' dir='ltr'>a</span> <span class='ocrx_word' id='word_1_367' title='bbox 164 4052 220 4101; x_wconf 82' lang='lat' dir='ltr'><strong>situ</strong></span> <span class='ocrx_word' id='word_1_368' title='bbox 234 4050 412 4115; x_wconf 76' lang='lat' dir='ltr'><strong>etjupicattu</strong></span> <span class='ocrx_word' id='word_1_369' title='bbox 431 4053 531 4113; x_wconf 84' lang='lat' dir='ltr'><strong>cupiet.</strong></span> <span class='ocrx_word' id='word_1_370' title='bbox 548 4071 560 4093; x_wconf 73' lang='lat' dir='ltr'><strong>s</strong></span> <span class='ocrx_word' id='word_1_371' title='bbox 579 4048 666 4101; x_wconf 71' lang='lat' dir='ltr'><strong>diem</strong></span> <span class='ocrx_word' id='word_1_372' title='bbox 687 4049 805 4116; x_wconf 79' lang='lat' dir='ltr'><strong>lietupls.</strong></span> <span class='ocrx_word' id='word_1_373' title='bbox 825 4063 862 4113; x_wconf 90' lang='lat' dir='ltr'><strong>pr.</strong></span> <span class='ocrx_word' id='word_1_374' title='bbox 881 4058 906 4112; x_wconf 78' lang='lat' dir='ltr'><strong>s,</strong></span> <span class='ocrx_word' id='word_1_375' title='bbox 922 4062 945 4100; x_wconf 88' lang='lat' dir='ltr'><strong>u.</strong></span> <span class='ocrx_word' id='word_1_376' title='bbox 966 4056 991 4113; x_wconf 80' lang='lat' dir='ltr'><strong>a,</strong></span> <span class='ocrx_word' id='word_1_377' title='bbox 1009 4062 1048 4113; x_wconf 91' lang='lat' dir='ltr'><strong>pr.</strong></span> <span class='ocrx_word' id='word_1_378' title='bbox 1064 4054 1103 4097; x_wconf 80' lang='lat' dir='ltr'><strong>ti.</strong></span> 
     </span>
     <span class='ocr_line' id='line_1_41' title="bbox 1056 4126 1068 4150; baseline 0 0"><span class='ocrx_word' id='word_1_379' title='bbox 1056 4126 1068 4150; x_wconf 61' lang='lat' dir='ltr'><strong>t</strong></span> 
     </span>
    </p>
   </div>
   <div class='ocr_carea' id='block_1_5' title="bbox 0 0 1459 4425">
    <p class='ocr_par' dir='ltr' id='par_1_6' title="bbox 0 0 1459 4425">
     <span class='ocr_line' id='line_1_42' title="bbox 0 0 1459 4425; baseline 0 0"><span class='ocrx_word' id='word_1_380' title='bbox 0 0 1459 4425; x_wconf 95' lang='lat' dir='ltr'><strong> </strong></span> 
     </span>
    </p>
   </div>
  </div>
 </body>
</html>
