<?xml version="1.0" encoding="UTF-8"?>
<!DOCTYPE html PUBLIC "-//W3C//DTD XHTML 1.0 Transitional//EN"
    "http://www.w3.org/TR/xhtml1/DTD/xhtml1-transitional.dtd">
<html xmlns="http://www.w3.org/1999/xhtml" xml:lang="en" lang="en">
 <head>
  <title>
</title>
<meta http-equiv="Content-Type" content="text/html;charset=utf-8" />
  <meta name='ocr-system' content='tesseract 3.04.00' />
  <meta name='ocr-capabilities' content='ocr_page ocr_carea ocr_par ocr_line ocrx_word'/>
</head>
<body>
  <div class='ocr_page' id='page_1' title='image "./institutionesph01libegoog_0572.png"; bbox 0 0 2892 4425; ppageno 0'>
   <div class='ocr_carea' id='block_1_1' title="bbox 246 337 994 396">
    <p class='ocr_par' dir='ltr' id='par_1_1' title="bbox 246 337 994 396">
     <span class='ocr_line' id='line_1_1' title="bbox 246 337 994 396; baseline 0.003 -2"><span class='ocrx_word' id='word_1_1' title='bbox 246 337 304 395; x_wconf 76' lang='lat' dir='ltr'><strong>tiit</strong></span> <span class='ocrx_word' id='word_1_2' title='bbox 574 350 814 396; x_wconf 75' lang='lat' dir='ltr'><strong>unssursrcn</strong></span> <span class='ocrx_word' id='word_1_3' title='bbox 834 351 994 396; x_wconf 78' lang='lat' dir='ltr'><strong>susurrus</strong></span> 
     </span>
    </p>
   </div>
   <div class='ocr_carea' id='block_1_2' title="bbox 245 442 1338 732">
    <p class='ocr_par' dir='ltr' id='par_1_2' title="bbox 245 442 1338 732">
     <span class='ocr_line' id='line_1_2' title="bbox 245 442 1338 537; baseline 0.003 -18"><span class='ocrx_word' id='word_1_4' title='bbox 245 459 369 520; x_wconf 87' lang='lat' dir='ltr'><strong>ineiudtt</strong></span> <span class='ocrx_word' id='word_1_5' title='bbox 387 459 425 519; x_wconf 87' lang='lat' dir='ltr'><strong>ud</strong></span> <span class='ocrx_word' id='word_1_6' title='bbox 444 461 620 537; x_wconf 78' lang='lat' dir='ltr'><strong>principium</strong></span> <span class='ocrx_word' id='word_1_7' title='bbox 634 458 754 537; x_wconf 80' lang='lat' dir='ltr'><strong>uiiquod</strong></span> <span class='ocrx_word' id='word_1_8' title='bbox 769 460 847 520; x_wconf 90' lang='lat' dir='ltr'><strong>unde</strong></span> <span class='ocrx_word' id='word_1_9' title='bbox 866 461 1014 536; x_wconf 75' lang='lat' dir='ltr'><strong>originem</strong></span> <span class='ocrx_word' id='word_1_10' title='bbox 1028 459 1162 536; x_wconf 81' lang='lat' dir='ltr'><strong>duxerit3</strong></span> <span class='ocrx_word' id='word_1_11' title='bbox 1175 475 1214 520; x_wconf 86' lang='lat' dir='ltr'><strong>eo</strong></span> <span class='ocrx_word' id='word_1_12' title='bbox 1233 442 1338 522; x_wconf 71' lang='lat' dir='ltr'><strong>turne</strong></span> 
     </span>
     <span class='ocr_line' id='line_1_3' title="bbox 246 556 1334 636; baseline 0.004 -20"><span class='ocrx_word' id='word_1_13' title='bbox 246 561 332 631; x_wconf 82' lang='lat' dir='ltr'><strong>preto</strong></span> <span class='ocrx_word' id='word_1_14' title='bbox 343 571 404 633; x_wconf 84' lang='lat' dir='ltr'><strong>quo</strong></span> <span class='ocrx_word' id='word_1_15' title='bbox 418 558 533 618; x_wconf 85' lang='lat' dir='ltr'><strong>riruius</strong></span> <span class='ocrx_word' id='word_1_16' title='bbox 544 557 679 618; x_wconf 88' lang='lat' dir='ltr'><strong>ordinem</strong></span> <span class='ocrx_word' id='word_1_17' title='bbox 692 556 732 616; x_wconf 86' lang='lat' dir='ltr'><strong>sd</strong></span> <span class='ocrx_word' id='word_1_18' title='bbox 746 556 875 636; x_wconf 84' lang='lat' dir='ltr'><strong>iontem,</strong></span> <span class='ocrx_word' id='word_1_19' title='bbox 887 571 906 616; x_wconf 83' lang='lat' dir='ltr'><strong>s</strong></span> <span class='ocrx_word' id='word_1_20' title='bbox 918 573 978 634; x_wconf 81' lang='lat' dir='ltr'><strong>quo</strong></span> <span class='ocrx_word' id='word_1_21' title='bbox 992 559 1175 633; x_wconf 71' lang='lat' dir='ltr'><strong>euomuerit,</strong></span> <span class='ocrx_word' id='word_1_22' title='bbox 1190 558 1334 620; x_wconf 75' lang='lat' dir='ltr'><strong>uhihet.</strong></span> 
     </span>
     <span class='ocr_line' id='line_1_4' title="bbox 246 652 1337 732; baseline 0.007 -22"><span class='ocrx_word' id='word_1_23' title='bbox 246 652 323 728; x_wconf 75' lang='lat' dir='ltr'><strong>Ergo</strong></span> <span class='ocrx_word' id='word_1_24' title='bbox 335 654 420 714; x_wconf 83' lang='lat' dir='ltr'><strong>detur</strong></span> <span class='ocrx_word' id='word_1_25' title='bbox 432 661 547 732; x_wconf 75' lang='lat' dir='ltr'><strong>oportet</strong></span> <span class='ocrx_word' id='word_1_26' title='bbox 559 671 612 715; x_wconf 88' lang='lat' dir='ltr'><strong>eos</strong></span> <span class='ocrx_word' id='word_1_27' title='bbox 625 653 794 716; x_wconf 86' lang='lat' dir='ltr'><strong>huiusmodi</strong></span> <span class='ocrx_word' id='word_1_28' title='bbox 810 653 1005 730; x_wconf 82' lang='lat' dir='ltr'><strong>prseoeiieos,</strong></span> <span class='ocrx_word' id='word_1_29' title='bbox 1019 654 1101 730; x_wconf 79' lang='lat' dir='ltr'><strong>quod</strong></span> <span class='ocrx_word' id='word_1_30' title='bbox 1115 655 1337 730; x_wconf 72' lang='lat' dir='ltr'><strong>pertentium</strong></span> 
     </span>
    </p>
   </div>
   <div class='ocr_carea' id='block_1_3' title="bbox 131 752 1431 926">
    <p class='ocr_par' dir='ltr' id='par_1_3' title="bbox 131 752 1431 926">
     <span class='ocr_line' id='line_1_5' title="bbox 131 752 1336 829; baseline 0 -15"><span class='ocrx_word' id='word_1_31' title='bbox 131 810 140 829; x_wconf 83' lang='grc'><strong><em>,</em></strong></span> <span class='ocrx_word' id='word_1_32' title='bbox 248 769 307 814; x_wconf 90' lang='lat' dir='ltr'><strong>uon</strong></span> <span class='ocrx_word' id='word_1_33' title='bbox 327 755 459 814; x_wconf 76' lang='lat' dir='ltr'><strong>uotiuum</strong></span> <span class='ocrx_word' id='word_1_34' title='bbox 478 759 509 812; x_wconf 89' lang='lat' dir='ltr'><strong>et</strong></span> <span class='ocrx_word' id='word_1_35' title='bbox 527 753 647 814; x_wconf 87' lang='lat' dir='ltr'><strong>uliuode</strong></span> <span class='ocrx_word' id='word_1_36' title='bbox 672 758 838 828; x_wconf 84' lang='lat' dir='ltr'><strong>receptum,</strong></span> <span class='ocrx_word' id='word_1_37' title='bbox 860 752 911 812; x_wconf 89' lang='lat' dir='ltr'><strong>ssd</strong></span> <span class='ocrx_word' id='word_1_38' title='bbox 931 758 1034 828; x_wconf 91' lang='lat' dir='ltr'><strong>sponte</strong></span> <span class='ocrx_word' id='word_1_39' title='bbox 1060 755 1179 812; x_wconf 90' lang='lat' dir='ltr'><strong>insitum</strong></span> <span class='ocrx_word' id='word_1_40' title='bbox 1205 759 1238 813; x_wconf 88' lang='lat' dir='ltr'><strong>et</strong></span> <span class='ocrx_word' id='word_1_41' title='bbox 1260 771 1280 814; x_wconf 84' lang='grc' dir='ltr'>ι</span> <span class='ocrx_word' id='word_1_42' title='bbox 1302 773 1336 814; x_wconf 84' lang='lat' dir='ltr'><strong>se</strong></span> 
     </span>
     <span class='ocr_line' id='line_1_6' title="bbox 246 848 1431 926; baseline 0.001 -15"><span class='ocrx_word' id='word_1_43' title='bbox 246 852 353 912; x_wconf 58' lang='lat' dir='ltr'><strong>humet</strong></span> <span class='ocrx_word' id='word_1_44' title='bbox 371 854 434 912; x_wconf 91' lang='lat' dir='ltr'><strong>siue</strong></span> <span class='ocrx_word' id='word_1_45' title='bbox 454 850 614 926; x_wconf 85' lang='lat' dir='ltr'><strong>itmtuoos,</strong></span> <span class='ocrx_word' id='word_1_46' title='bbox 629 854 659 910; x_wconf 87' lang='lat' dir='ltr'><strong>et</strong></span> <span class='ocrx_word' id='word_1_47' title='bbox 678 865 715 910; x_wconf 81' lang='lat' dir='ltr'><strong>ex</strong></span> <span class='ocrx_word' id='word_1_48' title='bbox 736 865 795 924; x_wconf 87' lang='lat' dir='ltr'><strong>quo</strong></span> <span class='ocrx_word' id='word_1_49' title='bbox 815 848 928 925; x_wconf 78' lang='lat' dir='ltr'><strong>relique</strong></span> <span class='ocrx_word' id='word_1_50' title='bbox 941 851 1042 908; x_wconf 89' lang='lat' dir='ltr'><strong>omniu</strong></span> <span class='ocrx_word' id='word_1_51' title='bbox 1062 849 1154 908; x_wconf 81' lang='lat' dir='ltr'><strong>vetuo</strong></span> <span class='ocrx_word' id='word_1_52' title='bbox 1166 850 1336 912; x_wconf 74' lang='lat' dir='ltr'><strong>derivemu-</strong></span> <span class='ocrx_word' id='word_1_53' title='bbox 1430 917 1431 922; x_wconf 6' lang='grc' dir='ltr'>χ</span> 
     </span>
    </p>
   </div>
   <div class='ocr_carea' id='block_1_4' title="bbox 246 948 1336 1223">
    <p class='ocr_par' dir='ltr' id='par_1_4' title="bbox 246 948 1336 1223">
     <span class='ocr_line' id='line_1_7' title="bbox 247 948 1142 1036; baseline -0.007 -26"><span class='ocrx_word' id='word_1_54' title='bbox 247 967 299 1010; x_wconf 87' lang='lat' dir='ltr'><strong>nes</strong></span> <span class='ocrx_word' id='word_1_55' title='bbox 316 951 460 1028; x_wconf 72' lang='lat' dir='ltr'><strong>qormrm</strong></span> <span class='ocrx_word' id='word_1_56' title='bbox 481 955 649 1026; x_wconf 83' lang='lat' dir='ltr'><strong>repetuntur</strong></span> <span class='ocrx_word' id='word_1_57' title='bbox 668 952 700 1006; x_wconf 89' lang='lat' dir='ltr'><strong>et</strong></span> <span class='ocrx_word' id='word_1_58' title='bbox 717 948 882 1008; x_wconf 81' lang='lat' dir='ltr'><strong>dimouent.</strong></span> <span class='ocrx_word' id='word_1_59' title='bbox 1138 1031 1142 1036; x_wconf 26' lang='grc' dir='ltr'>Ι</span> 
     </span>
     <span class='ocr_line' id='line_1_8' title="bbox 306 1043 1334 1126; baseline 0 -18"><span class='ocrx_word' id='word_1_60' title='bbox 306 1047 458 1125; x_wconf 78' lang='lat' dir='ltr'><strong>lienique,</strong></span> <span class='ocrx_word' id='word_1_61' title='bbox 479 1063 517 1106; x_wconf 91' lang='lat' dir='ltr'><strong>ue</strong></span> <span class='ocrx_word' id='word_1_62' title='bbox 540 1049 572 1126; x_wconf 81' lang='lat' dir='ltr'><strong>iu</strong></span> <span class='ocrx_word' id='word_1_63' title='bbox 597 1046 719 1122; x_wconf 77' lang='lat' dir='ltr'><strong>tongum</strong></span> <span class='ocrx_word' id='word_1_64' title='bbox 744 1045 907 1120; x_wconf 76' lang='lat' dir='ltr'><strong>obsonum,</strong></span> <span class='ocrx_word' id='word_1_65' title='bbox 927 1043 1066 1120; x_wconf 82' lang='lat' dir='ltr'><strong>probetur</strong></span> <span class='ocrx_word' id='word_1_66' title='bbox 1092 1044 1143 1104; x_wconf 85' lang='lat' dir='ltr'><strong>Dei</strong></span> <span class='ocrx_word' id='word_1_67' title='bbox 1169 1049 1334 1108; x_wconf 67' lang='lat' dir='ltr'><strong>amam</strong></span> 
     </span>
     <span class='ocr_line' id='line_1_9' title="bbox 246 1141 1336 1223; baseline -0.003 -17"><span class='ocrx_word' id='word_1_68' title='bbox 246 1146 302 1207; x_wconf 85' lang='lat' dir='ltr'><strong>sub</strong></span> <span class='ocrx_word' id='word_1_69' title='bbox 320 1153 462 1223; x_wconf 86' lang='lat' dir='ltr'><strong>ooneeptu</strong></span> <span class='ocrx_word' id='word_1_70' title='bbox 482 1146 569 1220; x_wconf 89' lang='lat' dir='ltr'><strong>primi</strong></span> <span class='ocrx_word' id='word_1_71' title='bbox 589 1145 732 1204; x_wconf 81' lang='lat' dir='ltr'><strong>mouentis</strong></span> <span class='ocrx_word' id='word_1_72' title='bbox 752 1141 925 1202; x_wconf 78' lang='lat' dir='ltr'><strong>immobilis.</strong></span> <span class='ocrx_word' id='word_1_73' title='bbox 948 1143 1023 1202; x_wconf 85' lang='lat' dir='ltr'><strong>Nem</strong></span> <span class='ocrx_word' id='word_1_74' title='bbox 1047 1145 1241 1202; x_wconf 74' lang='lat' dir='ltr'><strong>mutationem</strong></span> <span class='ocrx_word' id='word_1_75' title='bbox 1266 1161 1336 1204; x_wconf 80' lang='lat' dir='ltr'><strong>esse</strong></span> 
     </span>
    </p>
   </div>
   <div class='ocr_carea' id='block_1_5' title="bbox 247 1241 1432 1319">
    <p class='ocr_par' dir='ltr' id='par_1_5' title="bbox 247 1241 1432 1319">
     <span class='ocr_line' id='line_1_10' title="bbox 247 1241 1432 1319; baseline -0.003 -15"><span class='ocrx_word' id='word_1_76' title='bbox 247 1249 278 1304; x_wconf 94' lang='lat' dir='ltr'><strong>tu</strong></span> <span class='ocrx_word' id='word_1_77' title='bbox 299 1245 387 1306; x_wconf 83' lang='lat' dir='ltr'><strong>reboo</strong></span> <span class='ocrx_word' id='word_1_78' title='bbox 405 1259 492 1304; x_wconf 88' lang='lat' dir='ltr'><strong>nemo</strong></span> <span class='ocrx_word' id='word_1_79' title='bbox 512 1259 571 1302; x_wconf 91' lang='lat' dir='ltr'><strong>uon</strong></span> <span class='ocrx_word' id='word_1_80' title='bbox 592 1242 689 1319; x_wconf 82' lang='lat' dir='ltr'><strong>sidet3</strong></span> <span class='ocrx_word' id='word_1_81' title='bbox 706 1241 795 1318; x_wconf 83' lang='lat' dir='ltr'><strong>idque</strong></span> <span class='ocrx_word' id='word_1_82' title='bbox 814 1243 845 1301; x_wconf 93' lang='lat' dir='ltr'><strong>in</strong></span> <span class='ocrx_word' id='word_1_83' title='bbox 866 1241 969 1300; x_wconf 81' lang='lat' dir='ltr'><strong>ordine</strong></span> <span class='ocrx_word' id='word_1_84' title='bbox 988 1247 1052 1300; x_wconf 85' lang='lat' dir='ltr'><strong>tour</strong></span> <span class='ocrx_word' id='word_1_85' title='bbox 1073 1257 1246 1319; x_wconf 79' lang='lat' dir='ltr'><strong>corporum,</strong></span> <span class='ocrx_word' id='word_1_86' title='bbox 1265 1250 1333 1304; x_wconf 90' lang='lat' dir='ltr'><strong>turn</strong></span> <span class='ocrx_word' id='word_1_87' title='bbox 1431 1291 1432 1300; x_wconf 53' lang='lat'><strong>.</strong></span> 
     </span>
    </p>
   </div>
   <div class='ocr_carea' id='block_1_6' title="bbox 247 1337 1334 1710">
    <p class='ocr_par' dir='ltr' id='par_1_6' title="bbox 247 1337 1334 1710">
     <span class='ocr_line' id='line_1_11' title="bbox 247 1337 1334 1421; baseline -0.002 -17"><span class='ocrx_word' id='word_1_88' title='bbox 247 1345 414 1421; x_wconf 88' lang='lat' dir='ltr'><strong>spirituum.</strong></span> <span class='ocrx_word' id='word_1_89' title='bbox 438 1342 565 1402; x_wconf 81' lang='lat' dir='ltr'><strong>Montio</strong></span> <span class='ocrx_word' id='word_1_90' title='bbox 584 1347 682 1400; x_wconf 86' lang='lat' dir='ltr'><strong>eutem</strong></span> <span class='ocrx_word' id='word_1_91' title='bbox 703 1344 734 1399; x_wconf 90' lang='lat' dir='ltr'><strong>in</strong></span> <span class='ocrx_word' id='word_1_92' title='bbox 756 1339 812 1400; x_wconf 86' lang='lat' dir='ltr'><strong>hoe</strong></span> <span class='ocrx_word' id='word_1_93' title='bbox 833 1341 985 1414; x_wconf 83' lang='lat' dir='ltr'><strong>consistit,</strong></span> <span class='ocrx_word' id='word_1_94' title='bbox 1001 1344 1034 1398; x_wconf 91' lang='lat' dir='ltr'><strong>ut</strong></span> <span class='ocrx_word' id='word_1_95' title='bbox 1053 1337 1091 1398; x_wconf 92' lang='lat' dir='ltr'><strong>de</strong></span> <span class='ocrx_word' id='word_1_96' title='bbox 1111 1343 1242 1415; x_wconf 80' lang='lat' dir='ltr'><strong>potentie</strong></span> <span class='ocrx_word' id='word_1_97' title='bbox 1263 1357 1334 1418; x_wconf 79' lang='lat' dir='ltr'><strong>gre·</strong></span> 
     </span>
     <span class='ocr_line' id='line_1_12' title="bbox 247 1436 1332 1515; baseline 0 -15"><span class='ocrx_word' id='word_1_98' title='bbox 247 1441 304 1502; x_wconf 87' lang='lat' dir='ltr'><strong>dos</strong></span> <span class='ocrx_word' id='word_1_99' title='bbox 323 1440 377 1501; x_wconf 83' lang='lat' dir='ltr'><strong>tint</strong></span> <span class='ocrx_word' id='word_1_100' title='bbox 389 1443 419 1499; x_wconf 92' lang='lat' dir='ltr'><strong>tu</strong></span> <span class='ocrx_word' id='word_1_101' title='bbox 433 1445 548 1514; x_wconf 79' lang='lat' dir='ltr'><strong>eetum3</strong></span> <span class='ocrx_word' id='word_1_102' title='bbox 563 1441 616 1515; x_wconf 88' lang='lat' dir='ltr'><strong>qui</strong></span> <span class='ocrx_word' id='word_1_103' title='bbox 629 1454 700 1497; x_wconf 87' lang='lat' dir='ltr'><strong>seue</strong></span> <span class='ocrx_word' id='word_1_104' title='bbox 714 1439 856 1497; x_wconf 88' lang='lat' dir='ltr'><strong>trunsiius</strong></span> <span class='ocrx_word' id='word_1_105' title='bbox 876 1436 977 1512; x_wconf 87' lang='lat' dir='ltr'><strong>periiei</strong></span> <span class='ocrx_word' id='word_1_106' title='bbox 998 1438 1118 1512; x_wconf 86' lang='lat' dir='ltr'><strong>nequit,</strong></span> <span class='ocrx_word' id='word_1_107' title='bbox 1131 1440 1190 1496; x_wconf 91' lang='lat' dir='ltr'><strong>nisi</strong></span> <span class='ocrx_word' id='word_1_108' title='bbox 1205 1440 1236 1496; x_wconf 80' lang='lat' dir='ltr'><strong>vi</strong></span> <span class='ocrx_word' id='word_1_109' title='bbox 1249 1443 1332 1500; x_wconf 85' lang='lat' dir='ltr'><strong>entis</strong></span> 
     </span>
     <span class='ocr_line' id='line_1_13' title="bbox 248 1533 1329 1615; baseline 0 -17"><span class='ocrx_word' id='word_1_110' title='bbox 248 1538 327 1615; x_wconf 80' lang='lat' dir='ltr'><strong>quod</strong></span> <span class='ocrx_word' id='word_1_111' title='bbox 340 1539 399 1596; x_wconf 85' lang='lat' dir='ltr'><strong>iem</strong></span> <span class='ocrx_word' id='word_1_112' title='bbox 412 1540 453 1595; x_wconf 89' lang='lat' dir='ltr'><strong>sit</strong></span> <span class='ocrx_word' id='word_1_113' title='bbox 466 1540 498 1594; x_wconf 88' lang='lat' dir='ltr'><strong>iu</strong></span> <span class='ocrx_word' id='word_1_114' title='bbox 512 1543 593 1594; x_wconf 85' lang='lat' dir='ltr'><strong>noio.</strong></span> <span class='ocrx_word' id='word_1_115' title='bbox 613 1537 708 1595; x_wconf 79' lang='lat' dir='ltr'><strong>Actus</strong></span> <span class='ocrx_word' id='word_1_116' title='bbox 724 1537 803 1594; x_wconf 90' lang='lat' dir='ltr'><strong>euim</strong></span> <span class='ocrx_word' id='word_1_117' title='bbox 825 1533 959 1594; x_wconf 81' lang='lat' dir='ltr'><strong>nnsotute</strong></span> <span class='ocrx_word' id='word_1_118' title='bbox 979 1534 1128 1610; x_wconf 71' lang='lat' dir='ltr'><strong>praeeedit</strong></span> <span class='ocrx_word' id='word_1_119' title='bbox 1146 1540 1329 1614; x_wconf 79' lang='lat' dir='ltr'><strong>potentium,</strong></span> 
     </span>
     <span class='ocr_line' id='line_1_14' title="bbox 247 1631 1328 1710; baseline 0.002 -16"><span class='ocrx_word' id='word_1_120' title='bbox 247 1651 284 1694; x_wconf 83' lang='lat' dir='ltr'><strong>ex</strong></span> <span class='ocrx_word' id='word_1_121' title='bbox 309 1637 431 1710; x_wconf 81' lang='lat' dir='ltr'><strong>eiusque</strong></span> <span class='ocrx_word' id='word_1_122' title='bbox 454 1631 570 1692; x_wconf 82' lang='lat' dir='ltr'><strong>influxu</strong></span> <span class='ocrx_word' id='word_1_123' title='bbox 593 1638 624 1691; x_wconf 89' lang='lat' dir='ltr'><strong>et</strong></span> <span class='ocrx_word' id='word_1_124' title='bbox 648 1632 825 1693; x_wconf 84' lang='lat' dir='ltr'><strong>eifloeoitute</strong></span> <span class='ocrx_word' id='word_1_125' title='bbox 849 1633 943 1692; x_wconf 92' lang='lat' dir='ltr'><strong>oritur</strong></span> <span class='ocrx_word' id='word_1_126' title='bbox 968 1638 1001 1690; x_wconf 90' lang='lat' dir='ltr'><strong>ot</strong></span> <span class='ocrx_word' id='word_1_127' title='bbox 1022 1635 1153 1708; x_wconf 83' lang='lat' dir='ltr'><strong>potentie</strong></span> <span class='ocrx_word' id='word_1_128' title='bbox 1178 1640 1328 1696; x_wconf 71' lang='lat' dir='ltr'><strong>retuem.</strong></span> 
     </span>
    </p>
   </div>
   <div class='ocr_carea' id='block_1_7' title="bbox 247 1731 1433 1908">
    <p class='ocr_par' dir='ltr' id='par_1_7' title="bbox 247 1731 1433 1908">
     <span class='ocr_line' id='line_1_15' title="bbox 249 1731 1433 1808; baseline -0.011 -16"><span class='ocrx_word' id='word_1_129' title='bbox 249 1733 326 1808; x_wconf 77' lang='lat' dir='ltr'><strong>Ergo</strong></span> <span class='ocrx_word' id='word_1_130' title='bbox 342 1734 479 1790; x_wconf 81' lang='lat' dir='ltr'><strong>universo</strong></span> <span class='ocrx_word' id='word_1_131' title='bbox 493 1745 589 1788; x_wconf 88' lang='lat' dir='ltr'><strong>rerum</strong></span> <span class='ocrx_word' id='word_1_132' title='bbox 604 1732 745 1804; x_wconf 77' lang='lat' dir='ltr'><strong>mutuus,</strong></span> <span class='ocrx_word' id='word_1_133' title='bbox 760 1731 922 1806; x_wconf 79' lang='lat' dir='ltr'><strong>generetim</strong></span> <span class='ocrx_word' id='word_1_134' title='bbox 935 1733 1084 1806; x_wconf 78' lang='lat' dir='ltr'><strong>inspecto,</strong></span> <span class='ocrx_word' id='word_1_135' title='bbox 1098 1731 1241 1806; x_wconf 84' lang='lat' dir='ltr'><strong>expiionri</strong></span> <span class='ocrx_word' id='word_1_136' title='bbox 1256 1749 1330 1794; x_wconf 64' lang='lat' dir='ltr'><strong>neu.</strong></span> <span class='ocrx_word' id='word_1_137' title='bbox 1432 1746 1433 1776; x_wconf 72' lang='lat' dir='ltr'><strong>r</strong></span> 
     </span>
     <span class='ocr_line' id='line_1_16' title="bbox 247 1825 1433 1908; baseline 0.003 -19"><span class='ocrx_word' id='word_1_138' title='bbox 247 1832 359 1906; x_wconf 75' lang='lat' dir='ltr'><strong>dunum</strong></span> <span class='ocrx_word' id='word_1_139' title='bbox 380 1833 493 1904; x_wconf 86' lang='lat' dir='ltr'><strong>potest,</strong></span> <span class='ocrx_word' id='word_1_140' title='bbox 514 1829 571 1886; x_wconf 86' lang='lat' dir='ltr'><strong>uisi</strong></span> <span class='ocrx_word' id='word_1_141' title='bbox 592 1826 765 1886; x_wconf 71' lang='lat' dir='ltr'><strong>admittetur</strong></span> <span class='ocrx_word' id='word_1_142' title='bbox 787 1827 847 1886; x_wconf 85' lang='lat' dir='ltr'><strong>Eos</strong></span> <span class='ocrx_word' id='word_1_143' title='bbox 867 1825 1017 1904; x_wconf 81' lang='lat' dir='ltr'><strong>quoddsuu</strong></span> <span class='ocrx_word' id='word_1_144' title='bbox 1038 1831 1167 1888; x_wconf 75' lang='lat' dir='ltr'><strong>maxime</strong></span> <span class='ocrx_word' id='word_1_145' title='bbox 1187 1831 1217 1888; x_wconf 89' lang='lat' dir='ltr'><strong>in</strong></span> <span class='ocrx_word' id='word_1_146' title='bbox 1240 1837 1329 1908; x_wconf 61' lang='lat' dir='ltr'><strong>ormo,</strong></span> <span class='ocrx_word' id='word_1_147' title='bbox 1432 1881 1433 1900; x_wconf 37' lang='grc'><strong>;</strong></span> 
     </span>
    </p>
   </div>
   <div class='ocr_carea' id='block_1_8' title="bbox 247 1911 1433 2006">
    <p class='ocr_par' dir='ltr' id='par_1_8' title="bbox 247 1911 1433 2006">
     <span class='ocr_line' id='line_1_17' title="bbox 247 1911 1433 2006; baseline 0.003 -20"><span class='ocrx_word' id='word_1_148' title='bbox 247 1926 327 2006; x_wconf 85' lang='lat' dir='ltr'><strong>quod</strong></span> <span class='ocrx_word' id='word_1_149' title='bbox 349 1925 518 1986; x_wconf 85' lang='lat' dir='ltr'><strong>immedtste</strong></span> <span class='ocrx_word' id='word_1_150' title='bbox 541 1925 589 1991; x_wconf 80' lang='lat' dir='ltr'><strong>rei</strong></span> <span class='ocrx_word' id='word_1_151' title='bbox 612 1923 756 2000; x_wconf 73' lang='lat' dir='ltr'><strong>mediate,</strong></span> <span class='ocrx_word' id='word_1_152' title='bbox 782 1941 836 2001; x_wconf 76' lang='lat' dir='ltr'><strong>pro</strong></span> <span class='ocrx_word' id='word_1_153' title='bbox 859 1925 1043 2002; x_wconf 80' lang='lat' dir='ltr'><strong>singulorum</strong></span> <span class='ocrx_word' id='word_1_154' title='bbox 1067 1925 1255 2004; x_wconf 72' lang='lat' dir='ltr'><strong>eondifloue,</strong></span> <span class='ocrx_word' id='word_1_155' title='bbox 1281 1945 1331 1989; x_wconf 89' lang='lat' dir='ltr'><strong>res</strong></span> <span class='ocrx_word' id='word_1_156' title='bbox 1432 1911 1433 1916; x_wconf 8' lang='grc' dir='ltr'>ἵ</span> 
     </span>
    </p>
   </div>
   <div class='ocr_carea' id='block_1_9' title="bbox 134 2005 1330 2104">
    <p class='ocr_par' dir='ltr' id='par_1_9' title="bbox 134 2005 1330 2104">
     <span class='ocr_line' id='line_1_18' title="bbox 134 2005 1330 2104; baseline -0.001 -18"><span class='ocrx_word' id='word_1_157' title='bbox 134 2005 143 2024; x_wconf 77' lang='grc'><strong><em>’</em></strong></span> <span class='ocrx_word' id='word_1_158' title='bbox 248 2025 322 2086; x_wconf 85' lang='lat' dir='ltr'><strong>uites</strong></span> <span class='ocrx_word' id='word_1_159' title='bbox 344 2041 465 2100; x_wconf 86' lang='lat' dir='ltr'><strong>omues,</strong></span> <span class='ocrx_word' id='word_1_160' title='bbox 484 2039 564 2100; x_wconf 83' lang='lat' dir='ltr'><strong>quse</strong></span> <span class='ocrx_word' id='word_1_161' title='bbox 586 2028 757 2097; x_wconf 83' lang='lat' dir='ltr'><strong>mutentur,</strong></span> <span class='ocrx_word' id='word_1_162' title='bbox 780 2021 818 2080; x_wconf 84' lang='lat' dir='ltr'><strong>ed</strong></span> <span class='ocrx_word' id='word_1_163' title='bbox 841 2029 940 2082; x_wconf 84' lang='lat' dir='ltr'><strong>uotum</strong></span> <span class='ocrx_word' id='word_1_164' title='bbox 961 2029 1091 2084; x_wconf 83' lang='lat' dir='ltr'><strong>moveri.</strong></span> <span class='ocrx_word' id='word_1_165' title='bbox 1113 2024 1213 2100; x_wconf 87' lang='lat' dir='ltr'><strong>ipsum</strong></span> <span class='ocrx_word' id='word_1_166' title='bbox 1238 2041 1330 2104; x_wconf 82' lang='lat' dir='ltr'><strong>sero,</strong></span> 
     </span>
    </p>
   </div>
   <div class='ocr_carea' id='block_1_10' title="bbox 247 2119 1331 2198">
    <p class='ocr_par' dir='ltr' id='par_1_10' title="bbox 247 2119 1331 2198">
     <span class='ocr_line' id='line_1_19' title="bbox 247 2119 1331 2198; baseline 0.002 -14"><span class='ocrx_word' id='word_1_167' title='bbox 247 2139 316 2184; x_wconf 87' lang='lat' dir='ltr'><strong>oum</strong></span> <span class='ocrx_word' id='word_1_168' title='bbox 334 2126 379 2187; x_wconf 91' lang='lat' dir='ltr'><strong>itu</strong></span> <span class='ocrx_word' id='word_1_169' title='bbox 395 2125 436 2184; x_wconf 85' lang='lat' dir='ltr'><strong>sit</strong></span> <span class='ocrx_word' id='word_1_170' title='bbox 454 2124 486 2182; x_wconf 91' lang='lat' dir='ltr'><strong>iu</strong></span> <span class='ocrx_word' id='word_1_171' title='bbox 506 2127 591 2198; x_wconf 80' lang='lat' dir='ltr'><strong>uoto,</strong></span> <span class='ocrx_word' id='word_1_172' title='bbox 611 2126 646 2180; x_wconf 92' lang='lat' dir='ltr'><strong>ut</strong></span> <span class='ocrx_word' id='word_1_173' title='bbox 662 2119 745 2180; x_wconf 91' lang='lat' dir='ltr'><strong>nuiio</strong></span> <span class='ocrx_word' id='word_1_174' title='bbox 765 2119 851 2178; x_wconf 90' lang='lat' dir='ltr'><strong>modo</strong></span> <span class='ocrx_word' id='word_1_175' title='bbox 871 2123 958 2179; x_wconf 89' lang='lat' dir='ltr'><strong>sitin</strong></span> <span class='ocrx_word' id='word_1_176' title='bbox 978 2124 1125 2198; x_wconf 88' lang='lat' dir='ltr'><strong>potentie,</strong></span> <span class='ocrx_word' id='word_1_177' title='bbox 1147 2126 1259 2184; x_wconf 84' lang='lat' dir='ltr'><strong>moveri</strong></span> <span class='ocrx_word' id='word_1_178' title='bbox 1280 2141 1331 2186; x_wconf 85' lang='lat' dir='ltr'><strong>ue·</strong></span> 
     </span>
    </p>
   </div>
   <div class='ocr_carea' id='block_1_11' title="bbox 242 2204 1434 2691">
    <p class='ocr_par' dir='ltr' id='par_1_11' title="bbox 247 2204 1434 2401">
     <span class='ocr_line' id='line_1_20' title="bbox 247 2204 1434 2300; baseline 0.002 -17"><span class='ocrx_word' id='word_1_179' title='bbox 247 2227 330 2300; x_wconf 77' lang='lat' dir='ltr'><strong>quit3</strong></span> <span class='ocrx_word' id='word_1_180' title='bbox 351 2222 496 2299; x_wconf 81' lang='lat' dir='ltr'><strong>etquidem</strong></span> <span class='ocrx_word' id='word_1_181' title='bbox 514 2228 559 2281; x_wconf 89' lang='lat' dir='ltr'><strong>est</strong></span> <span class='ocrx_word' id='word_1_182' title='bbox 576 2218 658 2279; x_wconf 87' lang='lat' dir='ltr'><strong>sotus</strong></span> <span class='ocrx_word' id='word_1_183' title='bbox 676 2224 779 2298; x_wconf 76' lang='lat' dir='ltr'><strong>eotus5</strong></span> <span class='ocrx_word' id='word_1_184' title='bbox 801 2224 831 2278; x_wconf 86' lang='lat' dir='ltr'><strong>et</strong></span> <span class='ocrx_word' id='word_1_185' title='bbox 845 2217 989 2295; x_wconf 79' lang='lat' dir='ltr'><strong>qudquid</strong></span> <span class='ocrx_word' id='word_1_186' title='bbox 1009 2226 1163 2297; x_wconf 86' lang='lat' dir='ltr'><strong>movetur,</strong></span> <span class='ocrx_word' id='word_1_187' title='bbox 1183 2229 1229 2281; x_wconf 84' lang='lat' dir='ltr'><strong>est</strong></span> <span class='ocrx_word' id='word_1_188' title='bbox 1245 2226 1330 2299; x_wconf 89' lang='lat' dir='ltr'><strong>prius</strong></span> <span class='ocrx_word' id='word_1_189' title='bbox 1433 2204 1434 2233; x_wconf 63' lang='lat'>¹</span> 
     </span>
     <span class='ocr_line' id='line_1_21' title="bbox 247 2318 1434 2401; baseline -0.006 -22"><span class='ocrx_word' id='word_1_190' title='bbox 247 2324 277 2380; x_wconf 89' lang='lat' dir='ltr'><strong>in</strong></span> <span class='ocrx_word' id='word_1_191' title='bbox 298 2323 428 2397; x_wconf 83' lang='lat' dir='ltr'><strong>potentis</strong></span> <span class='ocrx_word' id='word_1_192' title='bbox 448 2320 486 2381; x_wconf 87' lang='lat' dir='ltr'><strong>sd</strong></span> <span class='ocrx_word' id='word_1_193' title='bbox 507 2318 539 2379; x_wconf 85' lang='lat' dir='ltr'><strong>to</strong></span> <span class='ocrx_word' id='word_1_194' title='bbox 555 2318 595 2379; x_wconf 88' lang='lat' dir='ltr'><strong>ud</strong></span> <span class='ocrx_word' id='word_1_195' title='bbox 615 2318 694 2395; x_wconf 88' lang='lat' dir='ltr'><strong>quod</strong></span> <span class='ocrx_word' id='word_1_196' title='bbox 713 2324 858 2379; x_wconf 82' lang='lat' dir='ltr'><strong>moretur.</strong></span> <span class='ocrx_word' id='word_1_197' title='bbox 1433 2390 1434 2401; x_wconf 9' lang='grc' dir='ltr'>ἵ</span> 
     </span>
    </p>

    <p class='ocr_par' dir='ltr' id='par_1_12' title="bbox 242 2418 1434 2691">
     <span class='ocr_line' id='line_1_22' title="bbox 306 2418 1434 2496; baseline -0.002 -17"><span class='ocrx_word' id='word_1_198' title='bbox 306 2418 386 2481; x_wconf 84' lang='lat' dir='ltr'><strong>Dour</strong></span> <span class='ocrx_word' id='word_1_199' title='bbox 410 2420 501 2495; x_wconf 79' lang='lat' dir='ltr'><strong>igitur</strong></span> <span class='ocrx_word' id='word_1_200' title='bbox 522 2424 639 2493; x_wconf 82' lang='lat' dir='ltr'><strong>exstet,</strong></span> <span class='ocrx_word' id='word_1_201' title='bbox 660 2420 724 2476; x_wconf 82' lang='lat' dir='ltr'><strong>sire</strong></span> <span class='ocrx_word' id='word_1_202' title='bbox 744 2418 887 2477; x_wconf 90' lang='lat' dir='ltr'><strong>rutionem</strong></span> <span class='ocrx_word' id='word_1_203' title='bbox 906 2418 1026 2495; x_wconf 78' lang='lat' dir='ltr'><strong>primae</strong></span> <span class='ocrx_word' id='word_1_204' title='bbox 1047 2432 1155 2479; x_wconf 83' lang='lat' dir='ltr'><strong>ooosoe</strong></span> <span class='ocrx_word' id='word_1_205' title='bbox 1174 2418 1328 2496; x_wconf 69' lang='lat' dir='ltr'><strong>irrupturis·</strong></span> <span class='ocrx_word' id='word_1_206' title='bbox 1433 2426 1434 2437; x_wconf 62' lang='lat'>¹</span> 
     </span>
     <span class='ocr_line' id='line_1_23' title="bbox 247 2515 1328 2593; baseline 0.002 -17"><span class='ocrx_word' id='word_1_207' title='bbox 247 2521 333 2593; x_wconf 82' lang='lat' dir='ltr'><strong>etue,</strong></span> <span class='ocrx_word' id='word_1_208' title='bbox 354 2520 419 2578; x_wconf 86' lang='lat' dir='ltr'><strong>sive</strong></span> <span class='ocrx_word' id='word_1_209' title='bbox 439 2518 582 2575; x_wconf 79' lang='lat' dir='ltr'><strong>tutionem</strong></span> <span class='ocrx_word' id='word_1_210' title='bbox 606 2517 715 2575; x_wconf 78' lang='lat' dir='ltr'><strong>sommi</strong></span> <span class='ocrx_word' id='word_1_211' title='bbox 737 2517 813 2575; x_wconf 80' lang='lat' dir='ltr'><strong>eutis</strong></span> <span class='ocrx_word' id='word_1_212' title='bbox 839 2515 1075 2593; x_wconf 81' lang='lat' dir='ltr'><strong>impuriieipoir&#39;,</strong></span> <span class='ocrx_word' id='word_1_213' title='bbox 1096 2518 1159 2577; x_wconf 81' lang='lat' dir='ltr'><strong>sive</strong></span> <span class='ocrx_word' id='word_1_214' title='bbox 1184 2518 1328 2578; x_wconf 61' lang='lat' dir='ltr'><strong>moneo</strong></span> 
     </span>
     <span class='ocr_line' id='line_1_24' title="bbox 242 2609 942 2691; baseline -0.007 -15"><span class='ocrx_word' id='word_1_215' title='bbox 242 2614 337 2691; x_wconf 58' lang='lat' dir='ltr'><strong>prorui</strong></span> <span class='ocrx_word' id='word_1_216' title='bbox 355 2615 498 2676; x_wconf 65' lang='lat' dir='ltr'><strong>normis</strong></span> <span class='ocrx_word' id='word_1_217' title='bbox 517 2609 679 2673; x_wconf 76' lang='lat' dir='ltr'><strong>immobilis</strong></span> <span class='ocrx_word' id='word_1_218' title='bbox 698 2612 942 2689; x_wconf 77' lang='lat' dir='ltr'><strong>contemplemur.</strong></span> 
     </span>
    </p>
   </div>
   <div class='ocr_carea' id='block_1_12' title="bbox 616 2816 955 2891">
    <p class='ocr_par' dir='ltr' id='par_1_13' title="bbox 616 2816 955 2891">
     <span class='ocr_line' id='line_1_25' title="bbox 616 2816 955 2891; baseline -0.009 -15"><span class='ocrx_word' id='word_1_219' title='bbox 616 2821 803 2891; x_wconf 78' lang='lat' dir='ltr'><strong>Arpumerrto</strong></span> <span class='ocrx_word' id='word_1_220' title='bbox 818 2816 955 2891; x_wconf 71' lang='lat' dir='ltr'><strong>physico.</strong></span> 
     </span>
    </p>
   </div>
   <div class='ocr_carea' id='block_1_13' title="bbox 248 3008 1328 3185">
    <p class='ocr_par' dir='ltr' id='par_1_14' title="bbox 248 3008 1328 3185">
     <span class='ocr_line' id='line_1_26' title="bbox 310 3008 1328 3089; baseline 0.003 -21"><span class='ocrx_word' id='word_1_221' title='bbox 310 3016 379 3069; x_wconf 76' lang='lat' dir='ltr'><strong>ito.</strong></span> <span class='ocrx_word' id='word_1_222' title='bbox 400 3008 487 3069; x_wconf 86' lang='lat' dir='ltr'><strong>Nune</strong></span> <span class='ocrx_word' id='word_1_223' title='bbox 506 3008 545 3069; x_wconf 83' lang='lat' dir='ltr'><strong>sd</strong></span> <span class='ocrx_word' id='word_1_224' title='bbox 564 3016 739 3086; x_wconf 73' lang='lat' dir='ltr'><strong>argumente</strong></span> <span class='ocrx_word' id='word_1_225' title='bbox 757 3010 882 3088; x_wconf 79' lang='lat' dir='ltr'><strong>physion</strong></span> <span class='ocrx_word' id='word_1_226' title='bbox 903 3009 1090 3069; x_wconf 78' lang='lat' dir='ltr'><strong>devenientes</strong></span> <span class='ocrx_word' id='word_1_227' title='bbox 1107 3012 1199 3069; x_wconf 87' lang='lat' dir='ltr'><strong>tutin</strong></span> <span class='ocrx_word' id='word_1_228' title='bbox 1220 3026 1258 3071; x_wconf 90' lang='lat' dir='ltr'><strong>eo</strong></span> <span class='ocrx_word' id='word_1_229' title='bbox 1278 3028 1328 3089; x_wconf 73' lang='lat' dir='ltr'><strong>ge·</strong></span> 
     </span>
     <span class='ocr_line' id='line_1_27' title="bbox 248 3104 1328 3185; baseline 0.002 -18"><span class='ocrx_word' id='word_1_230' title='bbox 248 3122 319 3167; x_wconf 89' lang='lat' dir='ltr'><strong>nere</strong></span> <span class='ocrx_word' id='word_1_231' title='bbox 338 3104 447 3167; x_wconf 74' lang='lat' dir='ltr'><strong>efferre</strong></span> <span class='ocrx_word' id='word_1_232' title='bbox 468 3122 638 3184; x_wconf 83' lang='lat' dir='ltr'><strong>possemus,</strong></span> <span class='ocrx_word' id='word_1_233' title='bbox 659 3114 733 3184; x_wconf 86' lang='lat' dir='ltr'><strong>quot</strong></span> <span class='ocrx_word' id='word_1_234' title='bbox 751 3114 823 3168; x_wconf 89' lang='lat' dir='ltr'><strong>suut</strong></span> <span class='ocrx_word' id='word_1_235' title='bbox 843 3110 923 3167; x_wconf 80' lang='lat' dir='ltr'><strong>eutis</strong></span> <span class='ocrx_word' id='word_1_236' title='bbox 945 3110 1085 3185; x_wconf 80' lang='lat' dir='ltr'><strong>organice</strong></span> <span class='ocrx_word' id='word_1_237' title='bbox 1105 3112 1275 3184; x_wconf 75' lang='lat' dir='ltr'><strong>praesertim</strong></span> <span class='ocrx_word' id='word_1_238' title='bbox 1298 3118 1328 3170; x_wconf 86' lang='lat' dir='ltr'><strong>et</strong></span> 
     </span>
    </p>
   </div>
   <div class='ocr_carea' id='block_1_14' title="bbox 133 3204 1327 3285">
    <p class='ocr_par' dir='ltr' id='par_1_15' title="bbox 133 3204 1327 3285">
     <span class='ocr_line' id='line_1_28' title="bbox 133 3204 1327 3285; baseline 0.003 -20"><span class='ocrx_word' id='word_1_239' title='bbox 133 3231 140 3245; x_wconf 95' lang='lat'><strong>·</strong></span> <span class='ocrx_word' id='word_1_240' title='bbox 248 3206 379 3266; x_wconf 72' lang='lat' dir='ltr'><strong>unitum</strong></span> <span class='ocrx_word' id='word_1_241' title='bbox 390 3220 467 3281; x_wconf 82' lang='lat' dir='ltr'><strong>quse</strong></span> <span class='ocrx_word' id='word_1_242' title='bbox 481 3204 608 3265; x_wconf 74' lang='lat' dir='ltr'><strong>mirabili</strong></span> <span class='ocrx_word' id='word_1_243' title='bbox 620 3212 787 3285; x_wconf 78' lang='lat' dir='ltr'><strong>structure,</strong></span> <span class='ocrx_word' id='word_1_244' title='bbox 797 3224 886 3284; x_wconf 86' lang='lat' dir='ltr'><strong>quum</strong></span> <span class='ocrx_word' id='word_1_245' title='bbox 900 3207 1027 3283; x_wconf 55' lang='lat' dir='ltr'><strong>ineunt,</strong></span> <span class='ocrx_word' id='word_1_246' title='bbox 1040 3222 1209 3283; x_wconf 85' lang='lat' dir='ltr'><strong>supremum</strong></span> <span class='ocrx_word' id='word_1_247' title='bbox 1224 3224 1327 3285; x_wconf 75' lang='lat' dir='ltr'><strong>quun·</strong></span> 
     </span>
    </p>
   </div>
   <div class='ocr_carea' id='block_1_15' title="bbox 248 3300 1338 4078">
    <p class='ocr_par' dir='ltr' id='par_1_16' title="bbox 248 3300 1338 4078">
     <span class='ocr_line' id='line_1_29' title="bbox 248 3300 1329 3383; baseline 0.004 -20"><span class='ocrx_word' id='word_1_248' title='bbox 248 3300 318 3363; x_wconf 82' lang='lat' dir='ltr'><strong>ds&#39;m</strong></span> <span class='ocrx_word' id='word_1_249' title='bbox 338 3303 472 3381; x_wconf 80' lang='lat' dir='ltr'><strong>opificem</strong></span> <span class='ocrx_word' id='word_1_250' title='bbox 490 3310 522 3363; x_wconf 89' lang='lat' dir='ltr'><strong>et</strong></span> <span class='ocrx_word' id='word_1_251' title='bbox 540 3306 788 3380; x_wconf 76' lang='lat' dir='ltr'><strong>sapientissimum</strong></span> <span class='ocrx_word' id='word_1_252' title='bbox 808 3305 1007 3367; x_wconf 74' lang='lat' dir='ltr'><strong>manifestent.</strong></span> <span class='ocrx_word' id='word_1_253' title='bbox 1032 3306 1129 3382; x_wconf 79' lang='lat' dir='ltr'><strong>Atque</strong></span> <span class='ocrx_word' id='word_1_254' title='bbox 1148 3306 1179 3365; x_wconf 89' lang='lat' dir='ltr'><strong>id</strong></span> <span class='ocrx_word' id='word_1_255' title='bbox 1197 3306 1329 3383; x_wconf 85' lang='lat' dir='ltr'><strong>plerique</strong></span> 
     </span>
     <span class='ocr_line' id='line_1_30' title="bbox 249 3401 1327 3480; baseline 0.005 -20"><span class='ocrx_word' id='word_1_256' title='bbox 249 3401 414 3479; x_wconf 78' lang='lat' dir='ltr'><strong>philosophi</strong></span> <span class='ocrx_word' id='word_1_257' title='bbox 439 3402 630 3479; x_wconf 72' lang='lat' dir='ltr'><strong>incuterent,</strong></span> <span class='ocrx_word' id='word_1_258' title='bbox 650 3404 771 3480; x_wconf 82' lang='lat' dir='ltr'><strong>quiret</strong></span> <span class='ocrx_word' id='word_1_259' title='bbox 797 3420 834 3463; x_wconf 87' lang='lat' dir='ltr'><strong>ex</strong></span> <span class='ocrx_word' id='word_1_260' title='bbox 861 3404 1048 3480; x_wconf 88' lang='lat' dir='ltr'><strong>piuutsruru,</strong></span> <span class='ocrx_word' id='word_1_261' title='bbox 1070 3405 1114 3465; x_wconf 86' lang='lat' dir='ltr'><strong>rei</strong></span> <span class='ocrx_word' id='word_1_262' title='bbox 1137 3421 1174 3463; x_wconf 83' lang='lat' dir='ltr'><strong>ex</strong></span> <span class='ocrx_word' id='word_1_263' title='bbox 1195 3408 1327 3480; x_wconf 87' lang='lat' dir='ltr'><strong>eorporis</strong></span> 
     </span>
     <span class='ocr_line' id='line_1_31' title="bbox 249 3500 1328 3576; baseline 0.003 -18"><span class='ocrx_word' id='word_1_264' title='bbox 249 3500 389 3576; x_wconf 83' lang='lat' dir='ltr'><strong>hument,</strong></span> <span class='ocrx_word' id='word_1_265' title='bbox 405 3501 451 3561; x_wconf 83' lang='lat' dir='ltr'><strong>sei</strong></span> <span class='ocrx_word' id='word_1_266' title='bbox 472 3505 562 3563; x_wconf 87' lang='lat' dir='ltr'><strong>otium</strong></span> <span class='ocrx_word' id='word_1_267' title='bbox 582 3518 619 3562; x_wconf 81' lang='lat' dir='ltr'><strong>eu</strong></span> <span class='ocrx_word' id='word_1_268' title='bbox 639 3502 731 3563; x_wconf 85' lang='lat' dir='ltr'><strong>solius</strong></span> <span class='ocrx_word' id='word_1_269' title='bbox 753 3502 830 3561; x_wconf 88' lang='lat' dir='ltr'><strong>oouii</strong></span> <span class='ocrx_word' id='word_1_270' title='bbox 851 3507 903 3561; x_wconf 86' lang='lat' dir='ltr'><strong>eut</strong></span> <span class='ocrx_word' id='word_1_271' title='bbox 922 3501 1032 3561; x_wconf 85' lang='lat' dir='ltr'><strong>cerebri</strong></span> <span class='ocrx_word' id='word_1_272' title='bbox 1055 3508 1106 3561; x_wconf 87' lang='lat' dir='ltr'><strong>uui</strong></span> <span class='ocrx_word' id='word_1_273' title='bbox 1126 3518 1232 3562; x_wconf 88' lang='lat' dir='ltr'><strong>munus</strong></span> <span class='ocrx_word' id='word_1_274' title='bbox 1254 3504 1328 3561; x_wconf 87' lang='lat' dir='ltr'><strong>miro</strong></span> 
     </span>
     <span class='ocr_line' id='line_1_32' title="bbox 249 3596 1327 3677; baseline 0 -18"><span class='ocrx_word' id='word_1_275' title='bbox 249 3596 374 3659; x_wconf 76' lang='lat' dir='ltr'><strong>erutos</strong></span> <span class='ocrx_word' id='word_1_276' title='bbox 395 3602 522 3676; x_wconf 87' lang='lat' dir='ltr'><strong>supremi</strong></span> <span class='ocrx_word' id='word_1_277' title='bbox 543 3600 674 3661; x_wconf 72' lang='lat' dir='ltr'><strong>Artificis</strong></span> <span class='ocrx_word' id='word_1_278' title='bbox 696 3602 885 3661; x_wconf 85' lang='lat' dir='ltr'><strong>existentium</strong></span> <span class='ocrx_word' id='word_1_279' title='bbox 908 3600 1156 3659; x_wconf 80' lang='lat' dir='ltr'><strong>demonstrarunt.</strong></span> <span class='ocrx_word' id='word_1_280' title='bbox 1177 3600 1274 3677; x_wconf 67' lang='lat' dir='ltr'><strong>immo</strong></span> <span class='ocrx_word' id='word_1_281' title='bbox 1296 3602 1327 3659; x_wconf 91' lang='lat' dir='ltr'><strong>iu</strong></span> 
     </span>
     <span class='ocr_line' id='line_1_33' title="bbox 249 3696 1327 3773; baseline 0.001 -17"><span class='ocrx_word' id='word_1_282' title='bbox 249 3698 313 3757; x_wconf 87' lang='lat' dir='ltr'><strong>sois</strong></span> <span class='ocrx_word' id='word_1_283' title='bbox 333 3699 453 3757; x_wconf 79' lang='lat' dir='ltr'><strong>materie</strong></span> <span class='ocrx_word' id='word_1_284' title='bbox 469 3698 556 3759; x_wconf 82' lang='lat' dir='ltr'><strong>brute</strong></span> <span class='ocrx_word' id='word_1_285' title='bbox 576 3703 712 3759; x_wconf 86' lang='lat' dir='ltr'><strong>sistentes</strong></span> <span class='ocrx_word' id='word_1_286' title='bbox 728 3701 879 3759; x_wconf 76' lang='lat' dir='ltr'><strong>vertutum</strong></span> <span class='ocrx_word' id='word_1_287' title='bbox 895 3696 972 3757; x_wconf 85' lang='lat' dir='ltr'><strong>hene</strong></span> <span class='ocrx_word' id='word_1_288' title='bbox 985 3712 1072 3773; x_wconf 86' lang='lat' dir='ltr'><strong>seepe</strong></span> <span class='ocrx_word' id='word_1_289' title='bbox 1092 3696 1265 3757; x_wconf 85' lang='lat' dir='ltr'><strong>deriserunt</strong></span> <span class='ocrx_word' id='word_1_290' title='bbox 1282 3698 1327 3759; x_wconf 81' lang='lat' dir='ltr'><strong>vei</strong></span> 
     </span>
     <span class='ocr_line' id='line_1_34' title="bbox 249 3795 1324 3873; baseline 0 -18"><span class='ocrx_word' id='word_1_291' title='bbox 249 3795 495 3872; x_wconf 81' lang='lat' dir='ltr'><strong>explevissent</strong></span> <span class='ocrx_word' id='word_1_292' title='bbox 517 3797 669 3873; x_wconf 77' lang='lat' dir='ltr'><strong>grandinis</strong></span> <span class='ocrx_word' id='word_1_293' title='bbox 693 3797 876 3872; x_wconf 77' lang='lat' dir='ltr'><strong>aliorumque</strong></span> <span class='ocrx_word' id='word_1_294' title='bbox 900 3801 1094 3855; x_wconf 83' lang='lat' dir='ltr'><strong>meteororum</strong></span> <span class='ocrx_word' id='word_1_295' title='bbox 1118 3796 1324 3872; x_wconf 79' lang='lat' dir='ltr'><strong>generatione,</strong></span> 
     </span>
     <span class='ocr_line' id='line_1_35' title="bbox 250 3890 1327 3971; baseline -0.002 -20"><span class='ocrx_word' id='word_1_296' title='bbox 250 3893 296 3952; x_wconf 82' lang='lat' dir='ltr'><strong>sei</strong></span> <span class='ocrx_word' id='word_1_297' title='bbox 321 3910 358 3953; x_wconf 82' lang='lat' dir='ltr'><strong>ex</strong></span> <span class='ocrx_word' id='word_1_298' title='bbox 382 3894 609 3971; x_wconf 82' lang='lat' dir='ltr'><strong>chrystuiiorum</strong></span> <span class='ocrx_word' id='word_1_299' title='bbox 635 3896 809 3970; x_wconf 84' lang='lat' dir='ltr'><strong>eompugiue</strong></span> <span class='ocrx_word' id='word_1_300' title='bbox 832 3898 885 3954; x_wconf 86' lang='lat' dir='ltr'><strong>eut</strong></span> <span class='ocrx_word' id='word_1_301' title='bbox 911 3898 1057 3953; x_wconf 84' lang='lat' dir='ltr'><strong>estrorum</strong></span> <span class='ocrx_word' id='word_1_302' title='bbox 1082 3890 1273 3969; x_wconf 87' lang='lat' dir='ltr'><strong>dispositione</strong></span> <span class='ocrx_word' id='word_1_303' title='bbox 1297 3897 1327 3951; x_wconf 90' lang='lat' dir='ltr'><strong>et</strong></span> 
     </span>
     <span class='ocr_line' id='line_1_36' title="bbox 249 3988 1338 4078; baseline 0.003 -33"><span class='ocrx_word' id='word_1_304' title='bbox 249 4004 347 4048; x_wconf 87' lang='lat' dir='ltr'><strong>eursu.</strong></span> <span class='ocrx_word' id='word_1_305' title='bbox 370 3990 430 4049; x_wconf 86' lang='lat' dir='ltr'><strong>Nos</strong></span> <span class='ocrx_word' id='word_1_306' title='bbox 451 3996 549 4052; x_wconf 80' lang='lat' dir='ltr'><strong>tumeo</strong></span> <span class='ocrx_word' id='word_1_307' title='bbox 573 3990 747 4064; x_wconf 86' lang='lat' dir='ltr'><strong>oompeudio</strong></span> <span class='ocrx_word' id='word_1_308' title='bbox 767 3989 917 4051; x_wconf 82' lang='lat' dir='ltr'><strong>studentes</strong></span> <span class='ocrx_word' id='word_1_309' title='bbox 941 3988 1013 4049; x_wconf 84' lang='lat' dir='ltr'><strong>huso</strong></span> <span class='ocrx_word' id='word_1_310' title='bbox 1038 3988 1154 4070; x_wconf 83' lang='lat' dir='ltr'><strong>singnis</strong></span> <span class='ocrx_word' id='word_1_311' title='bbox 1177 4004 1235 4048; x_wconf 91' lang='lat' dir='ltr'><strong>uon</strong></span> <span class='ocrx_word' id='word_1_312' title='bbox 1257 4004 1338 4078; x_wconf 23' lang='lat' dir='ltr'><strong>ooo-¹</strong></span> 
     </span>
    </p>
   </div>
   <div class='ocr_carea' id='block_1_16' title="bbox 0 0 1450 4425">
    <p class='ocr_par' dir='ltr' id='par_1_17' title="bbox 0 0 1450 4425">
     <span class='ocr_line' id='line_1_37' title="bbox 0 0 1450 4425; baseline 0 0"><span class='ocrx_word' id='word_1_313' title='bbox 0 0 1450 4425; x_wconf 95' lang='lat' dir='ltr'><strong> </strong></span> 
     </span>
    </p>
   </div>
  </div>
 </body>
</html>
