2892 4425
221 378 227 387 -
248 349 289 401 aa
718 355 850 402 micis

249 481 317 526 uon
336 466 475 542 menna,
497 467 528 524 in
554 465 696 525 sentiente
716 471 763 526 est
779 465 944 526 dumtaxat.
970 467 1046 545 Ergo
1065 485 1203 532 musuom
1225 473 1319 534 relatio

251 563 343 623 iollam
362 569 419 623 est.
1273 581 1275 586 '

308 661 398 735 nep.
423 659 505 719 llaec
526 658 707 736 dithatus,
731 675 820 737 quara
844 662 980 722 nonnulli
1006 663 1239 743 maguilaclnnt‚
1263 674 1319 728 tois

247 765 360 836 monta
371 763 417 818 ssi
430 757 534 835 puerlil
551 757 919 834 nidtur'seqnlrocatlone.
935 759 1043 820 Sensus
1061 765 1215 822 enlmuou
1232 765 1318 840 ipsam

247 857 442 932 sepsahouem
466 853 571 914 coloris
591 860 648 914 ete.
670 855 841 931 corporibus
862 857 958 916 inesse
981 863 1137 934 testantur,
1156 860 1207 919 sed
1229 877 1320 922 seusa·

247 955 338 1014 tionis
356 952 516 1029 obiectum,
532 952 612 1029 quod
631 952 714 1011 illam
735 953 765 1011 ln
786 952 870 1012 nohis
889 957 1007 1015 meilot.
1031 955 1095 1016 Hoc
1116 964 1214 1017 eutero
1234 963 1319 1020 varis·

247 1055 355 1112 dmum
371 1057 426 1112 est.
446 1054 544 1126 Quare
561 1051 665 1110 merito
682 1049 791 1110 Buifler
808 1053 839 1110 ln
857 1066 912 1112 sua
927 1053 1036 1130 Logloa
1054 1053 1216 1116 Cartedum
1238 1063 1321 1134 atque

142 1183 147 1193 ι
248 1149 501 1212 hinlehrauohlum
519 1148 703 1224 reprehendit
721 1148 800 1224 quod
821 1165 852 1208 se
874 1151 972 1226 inepte
992 1153 1152 1230 luctorini,
1171 1162 1319 1231 tamquam

246 1251 411 1308 eommunis
424 1247 578 1309 cuiusdam
595 1247 703 1306 erroris
721 1245 893 1323 detentores,
917 1251 1128 1326 stamarintquo
1149 1267 1202 1311 eeu
1223 1268 1319 1313 rarum

247 1351 382 1424 propriae
398 1345 600 1423 philosophiae
617 1347 789 1404 inventum:
810 1346 950 1422 calorem,
971 1347 1088 1406 odorem
1112 1354 1143 1408 et
1165 1351 1271 1410 similia
1291 1354 1320 1410 lu

246 1449 389 1506 sentiente
407 1461 471 1504 esse
490 1451 619 1519 tautum,
640 1450 669 1504 et
687 1442 769 1502 nullo
785 1443 870 1502 modo
886 1446 916 1502 lu
932 1444 1064 1504 obtectis.
1085 1445 1125 1505 At
1142 1463 1208 1506 enm
1229 1449 1321 1509 lucem

245 1543 352 1603 ulierre
366 1541 484 1616 vellent,
496 1557 555 1600 uon
570 1539 651 1599 uliud
662 1543 881 1618 praestiterunt,
895 1545 951 1600 uisi
966 1549 999 1602 ut
1013 1546 1053 1602 rei
1068 1547 1139 1604 satis
1153 1563 1206 1622 per
1220 1563 1251 1605 se
1263 1547 1320 1606 ela·

247 1659 297 1702 roe
310 1642 465 1718 caliginem
482 1640 641 1717 quomdam
659 1639 856 1700 offunderent.
873 1641 947 1700 Nom
966 1657 1032 1701 curn
1046 1641 1082 1702 de
1100 1644 1319 1722 colorandam,

246 1742 406 1816 ceterisque
419 1753 573 1815 corporum
584 1738 775 1814 qualitatihus
788 1739 949 1816 loquimur,
957 1740 1017 1799 duo
1027 1740 1232 1818 distinguenda
1241 1751 1321 1821 sunt,

245 1854 322 1915 quae
338 1837 447 1897 hahent
458 1836 578 1914 quidem
591 1839 668 1896 inter
679 1853 711 1895 se
728 1836 856 1912 aliquam
876 1837 1040 1914 analogiam
1064 1846 1092 1898 et
1108 1841 1251 1916 ordinem,
1271 1843 1322 1902 sed

246 1942 343 1995 tamen
362 1937 490 1994 maxime
508 1933 660 1994 ditiorunt.
683 1933 782 2020 Unam
801 1941 846 1994 ast
863 1935 927 2009 ipsa
946 1937 1052 1996 caloris
1071 1944 1123 1996 aut
1141 1938 1239 1999 odoris
1258 1957 1322 2002 sm·

231 2036 339 2111 'mtio;
359 2034 664 2110 aiterumproprieaas
685 2033 784 2110 aliqua
801 2033 917 2107 obiecti,
936 2049 1011 2110 quae
1033 2039 1227 2096 sensationeru
1245 2041 1321 2098 exei-

244 2139 300 2193 tat.
322 2133 452 2193 &imum
471 2135 503 2190 lu
520 2135 663 2191 sentiente
676 2138 733 2206 est,
748 2133 891 2208 posterim
909 2147 979 2191 vero
997 2134 1027 2191 lu
1046 2135 1229 2210 corporibus.
1251 2138 1323 2210 Quis

246 2238 345 2305 autem
363 2232 436 2293 adeo
453 2232 562 2292 delirus
584 2237 636 2291 aut
653 2234 743 2308 stipes
761 2231 830 2307 iuli,
844 2236 880 2290 ut
898 2248 989 2291 unum
1007 2247 1073 2291 eom
1090 2234 1181 2293 altero
1200 2235 1323 2305 coniun-
1347 2215 1349 2221 ¹

245 2330 339 2410 deret,
359 2338 389 2392 et
405 2334 436 2391 ln
456 2334 524 2409 igne
542 2346 660 2391 sensum
680 2329 799 2407 caloris,
814 2332 865 2407 qui
883 2337 927 2390 est
944 2332 974 2389 in
991 2331 1087 2409 nohis,
1102 2334 1196 2393 inesse
1212 2334 1323 2395 ludica·

245 2432 313 2491 reti
329 2430 469 2508 Apposlte
486 2431 627 2491 hocloco
643 2430 736 2489 lieid:
758 2455 771 2480 ι
791 2429 885 2489 liudis
902 2430 955 2507 ait,
971 2432 1049 2507 ignis
1065 2436 1110 2490 ast
1125 2432 1250 2509 calidus,
1269 2434 1323 2492 nix

248 2555 262 2581 α
279 2530 398 2607 frigida,
413 2530 585 2590 saccharum
598 2528 700 2605 dulce3
714 2528 747 2587 id
760 2530 852 2589 nostrl
867 2531 1011 2588 metantur
1028 2544 1141 2606 seusus,
1156 2537 1185 2590 et
1198 2529 1323 2589 inficiari

248 2654 262 2681 α
279 2630 439 2690 absurdum
458 2635 514 2688 est.
534 2627 704 2702 Philosophi
720 2626 843 2685 dieunt:
867 2626 965 2702 calor,
985 2627 1100 2705 frigus,
1119 2628 1243 2687 dulcedo
1262 2644 1325 2687 nou

248 2752 262 2779 ι
278 2733 350 2787 suut
375 2730 431 2785 nisi
450 2727 630 2785 seumtlones
651 2724 804 2799 in,nohls;
827 2726 1025 2802 mairignac,
1050 2730 1080 2787 iu
1105 2730 1184 2803 nire,
1208 2730 1238 2785 iu
1258 2742 1324 2787 sac·

248 2825 368 2885 teharo
384 2827 479 2885 inesse
491 2829 620 2883 statuere
634 2821 794 2881 absurdum
813 2828 868 2881 est.
887 2822 1085 2885 Contradietlo
1102 2828 1196 2900 magis
1212 2831 1256 2884 est
1273 2840 1325 2900 ap

248 2948 261 2973 a
277 2938 384 3000 parem
403 2940 493 3000 quam
512 2921 615 2997 realis3
633 2921 783 2997 progignit
801 2920 882 2979 illam
901 2921 1010 2981 abusus
1032 2922 1166 2983 roeohuli
1187 2938 1223 2981 ex
1240 2928 1326 2997 porte

248 3046 261 3071 a
276 3020 518 3097 philosophorum
533 3025 563 3077 et
576 3017 711 3078 conlusio
732 3018 863 3078 idearum
882 3036 917 3079 ex
932 3028 1015 3095 purte
1027 3022 1118 3097 vulgi.
1140 3018 1211 3079 Cum
1226 3022 1327 3095 inquit

222 3146 260 3203 ,a
276 3119 467 3197 philosophus
481 3118 523 3177 nil
538 3132 603 3177 esse
618 3118 724 3178 coloris
741 3120 771 3177 lu
788 3121 868 3197 igne,
883 3120 953 3196 quid
969 3122 1030 3195 ipse
1045 3118 1198 3193 iutelligit?
1218 3118 1326 3194 ignem

247 3244 261 3271 ι
277 3221 442 3279 sensatione
459 3217 566 3277 caloris
581 3217 711 3276 destitui.
730 3218 792 3278 Nae
807 3220 832 3277 is
849 3234 919 3277 vera
934 3218 1073 3293 loquitur,
1089 3230 1176 3289 seque
1189 3217 1215 3274 sl
1230 3218 1326 3293 expli·

247 3341 260 3367 ι
277 3322 336 3394 oet,
349 3316 457 3393 vulgus
473 3331 531 3375 nou
547 3314 711 3377 dissentiet.
722 3316 832 3377 Verum
850 3317 899 3375 hic
909 3316 997 3373 horno
1011 3330 1042 3373 se
1059 3330 1209 3389 perperam
1224 3317 1325 3393 expri-

247 3441 260 3467 ·
277 3418 348 3493 mite
365 3431 466 3492 reapse
480 3418 559 3474 enlm
575 3418 606 3475 lu
622 3420 690 3494 igne
704 3417 781 3476 inest
794 3414 932 3492 qualitas,
948 3428 1022 3488 quoe
1038 3411 1118 3471 calor
1132 3416 1324 3491 nominatum

245 3538 260 3567 a
276 3520 365 3590 atque
385 3520 448 3573 tum
473 3513 639 3592 philosophi
660 3522 723 3575 tum
745 3512 852 3590 vulgus
876 3512 968 3571 multo
988 3514 1103 3587 saepius
1126 3515 1324 3591 qualitatem,

245 3636 260 3663 a
275 3628 365 3689 mom
380 3616 575 3673 sensationem
591 3615 709 3672 nomine
728 3612 778 3671 illo
797 3607 974 3687 significant.
996 3608 1135 3671 Eamdem
1157 3614 1247 3689 igitur
1268 3626 1327 3669 vo·

246 3735 258 3759 «ι
276 3725 338 3769 cem
358 3711 443 3772 aliter
457 3712 623 3789 philosophi
638 3710 804 3789 proleruat,
820 3708 904 3767 allier
920 3708 1027 3785 vulgus
1045 3710 1290 3787 interpretatura
1309 3732 1323 3757 ι

302 3932 311 3974 ι
327 3926 418 3977 Basots
432 3938 481 3977 aar
496 3926 533 3978 les
543 3924 646 3989 sontii.
663 3924 696 3975 de
712 3922 845 3983 thomate,-
860 3924 937 3973 llsrui
949 3930 973 3986 a,
985 3924 1024 3973 cir.
1044 3928 1079 3973 17.
1204 3962 1217 3975 .
