2892 4425
235 355 292 407 m
566 359 807 406 ΙΙΤΔΡΙΙΥΙΙΟΔΒ
827 361 987 406 meinis

294 467 460 530 wadum
481 473 699 546 argumentum,
720 470 800 546 qnod
816 470 913 532 aiebat
932 471 1056 548 inteiiigi
1072 485 1130 532 uon
1144 487 1230 548 potae
1241 490 1315 552 quo-

235 564 323 626 modo
338 581 392 625 am
405 565 528 641 atmptex
548 574 579 626 et
590 567 707 628 iinttum
724 571 778 628 toti
798 571 912 644 oarpnri
934 572 974 628 att
987 585 1135 644 pramena,
1150 574 1314 646 apeeiuanm

233 669 289 738 rat,
310 662 361 722 aed
381 663 508 738 pondere
528 670 625 726 ruent.
650 665 727 724 Nam
747 668 772 724 et
796 666 905 726 dieitur
925 681 983 724 non
1004 683 1089 742 ponae
1102 667 1239 745 inteiligi,
1258 669 1315 730 hoa

233 765 350 822 tantum
369 777 474 837 aenan,
497 770 641 839 quotenus
661 763 766 822 modun
786 767 849 824 eina
868 771 994 840 nequem
1018 765 1157 826 mmmm
1182 783 1312 843 eompre-

233 856 335 934 heudi,
351 875 406 920 nee
424 859 522 920 aenaiii
543 861 644 936 ntupua
660 863 789 938 imagine
809 864 1038 938 reprumeutart3
1059 865 1090 922 id
1112 867 1191 925 uitro
1213 865 1315 926 {ataid-

233 972 312 1017 mur.
343 957 454 1018 Verum
478 973 539 1017 non
564 957 633 1017 inde
664 958 789 1018 tuserurr
812 975 873 1017 rem
898 961 993 1034 ipaam
1019 963 1206 1022 reiietendam
1234 979 1309 1024 ease.

233 1055 323 1118 &aaa
338 1057 432 1116 mutu
446 1057 517 1132 atta,
532 1059 700 1133 eeteroquin
719 1057 851 1133 indubia,
867 1062 932 1133 pari
950 1060 1064 1118 ratione
1079 1060 1312 1138 repudiarentur,

233 1160 387 1229 propterea
405 1153 487 1230 quod
509 1169 563 1214 neo
585 1156 795 1231 imaginatione
819 1156 920 1214 reterri
946 1164 1087 1232 manni,
1114 1173 1169 1217 uae
1195 1161 1313 1220 notione

234 1255 364 1330 undique
383 1253 522 1315 diatinota
540 1255 693 1331 erpiieari.
723 1255 858 1316 Proiecto
878 1237 1067 1333 ermdonam,
1091 1265 1227 1318 naturam
1252 1263 1310 1335 api·

234 1353 331 1426 rttna,
354 1353 531 1413 innotiouem
552 1355 643 1411 animi
662 1369 731 1412 enm
753 1369 895 1429 eorpore,
922 1354 1127 1414 inteiieetionis
1150 1357 1309 1430 originem,

233 1449 363 1509 mmmm
377 1452 559 1526 amtetatem,
576 1450 692 1526 otiaque
710 1458 860 1526 aexoanta,
876 1467 930 1511 nee
949 1455 1158 1529 imaginamur,
1178 1467 1231 1512 neo
1251 1469 1312 1512 mo·

234 1546 306 1606 dnm
325 1561 385 1622 quo
403 1552 474 1606 aunt
494 1553 545 1606 ant
563 1546 640 1607 dunt
658 1549 768 1609 directe
783 1552 974 1626 percipimue3
999 1558 1029 1610 et
1045 1555 1143 1610 tantm
1169 1567 1204 1610 ea
1225 1567 1311 1610 mmo

234 1641 362 1718 pradum
381 1643 539 1704 innotatur.
1072 1691 1075 1700 .

292 1739 378 1812 Quod
401 1741 496 1800 aittia
522 1745 680 1832 promattto
707 1747 851 1821 aoeipitnr
873 1746 929 1808 hoe
957 1747 1016 1807 aiio
1040 1763 1146 1823 man,
1165 1751 1311 1823 quereum

234 1837 372 1896 nimirum
397 1853 458 1896 rem
480 1838 610 1898 iudieare
632 1855 669 1900 ao
688 1847 794 1901 mente·
813 1845 966 1918 eonoipera
990 1859 1189 1920 nequeamus,
1211 1841 1311 1903 rotsu-

233 1934 310 1994 rtma
330 1950 453 2011 proram
471 1935 625 1996 antliam
648 1937 687 1997 ad
708 1937 848 1999 indictum
871 1941 951 2016 quod
974 1943 1096 2015 attinet,
1119 1957 1155 2000 ea
1179 1941 1310 2016 proiecto

233 2032 414 2109 tudiernurr,
432 2049 509 2110 qnae
528 2033 575 2093 vei
593 2035 760 2094 immediate
778 2043 891 2114 patent,
913 2038 959 2097 vei
976 2054 1014 2098 ex
1037 2039 1167 2114 legitima
1192 2040 1310 2098 rationi·

233 2133 351 2192 natione
372 2130 548 2192 inferuntur.
571 2130 771 2194 Praerantiam
791 2149 860 2194 vero
880 2136 972 2194 animi
993 2137 1024 2194 tu
1047 2141 1109 2196 toto
1129 2151 1248 2211 eorpora
1269 2137 1311 2196 ie·

234 2230 337 2306 gtttma
365 2232 586 2290 ratiocinatione
612 2230 727 2290 samri
751 2230 874 2291 iniertua
901 2232 1035 2293 elucebit.
1059 2232 1107 2292 Ad
1133 2240 1307 2309 aoneeptum

235 2330 331 2385 antem
354 2326 462 2385 montta
482 2324 561 2401 quod
580 2330 704 2401 apeetut,
722 2341 759 2385 aa
780 2332 895 2385 tantum
914 2328 1029 2403 oonetpi
1049 2334 1215 2405 nequount,
1234 2345 1311 2405 quae

175 2435 184 2449 ·
235 2423 458 2501 repugnantium
481 2422 537 2483 attii
551 2423 714 2498 impiteaut.
735 2423 798 2482 idae
811 2430 909 2484 autem
932 2427 964 2484 iu
978 2426 1131 2485 reuuiiam
1147 2428 1244 2503 vigere
1265 2443 1311 2486 re·

233 2523 426 2599 pugnantiam
446 2523 629 2597 perspicuum
650 2527 705 2580 eat.
729 2520 804 2580 Num
827 2526 1020 2598 repugnantia
1045 2525 1092 2582 vei
1114 2523 1183 2582 inde
1206 2540 1310 2585 exsur-

131 2614 138 2628 '
234 2625 327 2697 garet,
346 2619 425 2695 quod
447 2620 563 2679 animoa
582 2625 628 2679 eat
650 2620 820 2678 ineateusua
839 2625 868 2678 et
881 2618 918 2678 ab
939 2622 1019 2679 omni
1041 2623 1170 2696 partium
1192 2636 1310 2681 uouere·

232 2718 313 2778 tione
332 2716 420 2793 iiber;
436 2716 481 2776 vei
508 2733 545 2776 ex
569 2716 703 2792 eoquod
724 2714 810 2775 flntta
833 2722 948 2777 mutiat
969 2720 1112 2778 reatitute.
1137 2716 1247 2777 Neutro
1271 2736 1310 2778 ex

233 2816 328 2891 oaptto
348 2816 452 2875 oritur.
478 2814 612 2892 Namque
631 2816 658 2875 at
679 2820 855 2891 repugnaret
872 2816 1055 2875 inextensum
1071 2815 1204 2892 pluribus
1220 2816 1309 2875 simui

234 2911 335 2971 ιᾱωω
354 2912 438 2986 toeta3
454 2919 623 2988 aequaretur
642 2919 754 2988 aperta,
771 2910 862 2971 Deum
883 2914 971 2971 etiam
995 2913 1059 2989 (qui
1079 2920 1158 2973 eerte
1177 2916 1310 2975 inexten-

232 3024 284 3069 aua
304 3008 363 3082 eat)
394 3007 503 3084 ubique
525 3025 589 3069 eaaa
608 3026 668 3070 nou
690 3026 790 3087 poma,
811 3010 890 3086 quod
916 3013 994 3071 enim
1013 3027 1065 3088 per
1089 3028 1121 3071 ae
1142 3019 1309 3088 repugnat,

235 3108 265 3167 td
280 3120 318 3167 ne
330 3106 391 3165 Deo
404 3105 522 3181 quidem
536 3105 654 3167 attribui
667 3115 772 3184 potest.
786 3108 905 3185 Atquin
920 3108 1026 3169 audeat
1039 3110 1169 3169 divinam
1186 3112 1309 3169 immen-

232 3206 349 3265 sitatem
372 3206 414 3263 sio
437 3204 495 3263 tevi
523 3203 644 3263 brachio
665 3206 877 3281 peaaumdarei

292 3300 333 3362 At
352 3302 442 3377 Deus,
459 3303 603 3378 inquient,
619 3301 751 3361 infinitus
766 3308 819 3363 eet.
840 3303 953 3363 idcireo
971 3303 1103 3379 pluribus
1123 3304 1205 3363 adest
1223 3304 1307 3364 iocis.

233 3401 340 3461 Contra
361 3416 430 3458 vero
448 3401 564 3459 animus
589 3399 736 3459 humanus
760 3399 901 3461 limitibus
921 3400 1125 3479 adstringitur.

234 3625 246 3647 ιι
264 3604 372 3656 diiinndi
393 3606 496 3669 tnoipiat
512 3618 556 3655 aen
577 3604 684 3657 aeorde
698 3616 742 3653 aeu
764 3616 780 3653 a
801 3616 960 3667 quocumque
981 3604 1114 3665 olintum,
1135 3602 1260 3665 siquidum
1280 3616 1311 3652 ea

233 3706 245 3728 ι
258 3678 278 3736 'a
297 3689 379 3737 mente
393 3690 432 3737 eat
448 3686 599 3747 immediate,
611 3698 662 3734 nou
683 3686 765 3748 potest
784 3684 881 3747 coneipi
901 3684 949 3735 uiai
966 3686 1094 3746 umquam
1111 3684 1149 3733 via
1170 3682 1260 3732 meniis
1274 3684 1309 3731 ri·

233 3787 245 3808 o
262 3766 321 3817 tatto
337 3770 363 3819 et
378 3767 516 3818 moentiatia
532 3768 585 3816 toto
601 3776 706 3828 corpore
721 3764 783 3815 tuen.
807 3766 921 3828 (iamque
938 3777 1007 3814 ruem
1023 3764 1129 3825 discerpi
1148 3763 1174 3813 in
1189 3764 1271 3826 pariet
1285 3764 1312 3811 et

233 3870 245 3890 κ
262 3847 342 3897 dividi
363 3851 482 3912 neqnmt,
505 3847 553 3896 erit
572 3858 602 3895 oa
620 3845 658 3894 via
678 3844 767 3895 meniis
787 3845 943 3907 immrueuo,
965 3842 1077 3906 adeoque
1098 3842 1146 3891 erit
1165 3844 1218 3890 tota
1241 3854 1313 3891 nuens

236 3948 248 3969 ι
265 3929 335 3978 reiut
353 3928 491 3978 enteieotrta
506 3925 586 3988 prima
605 3923 692 3974 intime
706 3925 753 3974 toti
775 3925 871 3988 torpori
894 3936 1008 3989 premam
1018 3923 1183 3983 omnibusque
1200 3920 1313 3983 partibus

235 4027 247 4051 ι
265 4010 324 4059 iota.
339 4028 351 4050 υ
373 4007 456 4057 litera
477 4004 622 4067 Metopigr.
644 4018 669 4065 p.
687 4010 713 4064 t,
729 4018 752 4053 o.
776 4012 800 4065 t,
816 4018 853 4067 pr.
869 4012 908 4054 ur.
