2892 4425
222 358 261 409 8⁴
408 414 412 423 ¹
552 362 792 407 ΙΠΔΗΙῊΙΟΔΙ
811 361 972 409 mcum

219 480 282 533 tam
295 473 408 550 integm
420 476 550 549 matu,
565 478 600 531 ut
614 470 776 533 Broooiriua
792 472 967 549 penum
979 472 1035 533 sibi
1051 482 1176 551 nunaut
1195 494 1229 537 ea
1250 479 1304 539 tei·

219 571 294 630 iuris
312 575 405 629 strata
418 575 535 629 uetusta
547 572 635 631 nimis
657 571 778 631 exordia
799 574 910 648 oopiaae
925 574 946 629 ¹.
964 572 1100 633 hmvero
1120 582 1237 637 terrena
1250 578 1304 637 iiia

221 682 276 726 neo
294 682 361 727 ossa
381 665 538 743 abibunt,
568 683 623 727 neo
643 684 732 744 opem
752 668 899 744 humana,
922 686 976 730 neo
995 673 1084 731 etiam
1106 678 1205 749 partes
1224 676 1302 737 uiiu

219 764 346 839 reiiqum
359 766 510 824 simiarum
531 772 584 825 unt
602 764 825 843 quadrupedum
846 782 949 826 manes
968 771 1148 844 vorantinm3
1162 774 1302 847 quumvis

220 861 337 921 residua
349 863 444 923 muita
462 862 649 939 suppeditent
667 862 792 922 aiiorum
806 868 917 923 anuum
932 868 1125 925 terrestrium.
1148 850 1232 945 Ergo
1247 884 1302 929 neo

220 956 310 1019 nono
329 976 384 1020 neo
404 959 490 1021 bruta
509 961 682 1036 perfectiora
704 961 822 1038 tongam
843 968 1016 1021 vetustatem
1038 962 1157 1023 habeut.

278 1058 314 1118 ln
334 1056 521 1118 interioribus
540 1060 640 1119 stratis
660 1057 824 1145 ioastiiieris
849 1060 1039 1119 inveniuntur
1063 1060 1180 1136 plantae
1209 1068 1299 1122 terre-

218 1162 309 1233 stres3
335 1156 388 1216 sed
407 1155 521 1216 nuiinm
542 1155 675 1232 animai,
700 1157 829 1231 exeeptis
849 1158 992 1232 maauaie
1016 1157 1155 1217 oisminm
1174 1157 1300 1220 deterio-

219 1270 297 1314 rum.
319 1253 437 1331 Ubique
461 1268 532 1312 vero
558 1254 650 1313 muris
672 1253 795 1329 arrugia
823 1256 1052 1328 eonspioiuutur.
1075 1254 1160 1313 Unde
1183 1256 1300 1315 ridetur

217 1352 304 1413 tetius
325 1352 411 1410 initio
430 1353 515 1426 aquis
534 1356 670 1425 cooperta
691 1349 795 1425 misse,
816 1350 895 1426 qnod
916 1352 1077 1427 generatim
1097 1358 1160 1411 tum
1183 1354 1298 1431 geoiogi

216 1455 281 1509 tum
294 1450 466 1523 interpretes
478 1447 647 1507 diuinarum
657 1445 874 1523 seripturarum
889 1448 1060 1507 admittunt
1071 1448 1149 1525 Ergo
1162 1452 1297 1510 animan-

216 1547 260 1605 tia
282 1547 431 1604 terrestria
449 1560 510 1603 non
530 1560 644 1619 semper
663 1547 846 1623 extiterunt,
867 1552 897 1605 et
916 1554 1125 1659 eouaeqnenter
1148 1554 1297 1608 amanam

216 1645 359 1719 originem
380 1640 489 1701 habere
507 1656 566 1701 noa
588 1650 723 1718 possunt.

276 1739 409 1815 Deniqm
421 1739 641 1800 observationes
653 1756 755 1799 omnes
771 1738 930 1799 ostendant
949 1741 979 1798 in
993 1740 1185 1817 productione
1198 1758 1297 1803 rerum

216 1854 384 1914 prooessum
404 1837 496 1897 inissa
514 1838 553 1896 aia
572 1838 748 1915 imperieetis
769 1838 807 1897 ad
827 1838 956 1915 persenia
969 1846 1063 1914 atque
1082 1842 1113 1898 in
1135 1839 1181 1898 his
1203 1855 1220 1897 a
1241 1842 1296 1899 mi·

216 1950 274 1995 uus
293 1934 430 2011 perfertis
449 1934 487 1994 sd
507 1935 691 2011 pemeouoru.
712 1938 750 1998 Et
769 1952 840 1997 sane
860 1939 890 1995 in
911 1941 1033 1996 terrenis
1053 1952 1129 2035 quae
1149 1942 1217 1997 onia
1237 1938 1298 1998 aiis

215 2033 372 2093 sitormata
388 2034 537 2110 videntur,
556 2034 664 2095 donni
682 2038 803 2094 omnino
824 2035 935 2095 ioasiiia
955 2037 1104 2111 organica.
1127 2034 1156 2093 st
1177 2036 1219 2093 ita
1238 2040 1296 2111 ast,

215 2133 359 2222 principio
379 2148 438 2191 noa
459 2135 622 2192 extiterunt
640 2134 698 2192 nisi
717 2148 841 2208 eorpora
862 2132 1005 2207 simpiioia
1026 2132 1072 2189 vei
1093 2131 1292 2191 eiementeria.

214 2228 302 2290 Nune
314 2237 417 2290 eontra
431 2232 482 2289 vix
497 2237 640 2306 apparent
650 2230 793 2290 eiusmodi
809 2230 1002 2305 substantiae,
1024 2231 1080 2289 nisi
1096 2245 1144 2290 ars
1164 2237 1216 2289 ant
1235 2228 1296 2288 ior·

213 2328 288 2386 tuito
308 2328 453 2404 quamam
466 2343 556 2387 eausa
575 2343 626 2387 eas
647 2329 763 2404 anaiysi
779 2327 918 2387 extrahat
936 2343 974 2387 ex
988 2329 1087 2386 mixtis
1109 2326 1154 2386 vei
1175 2342 1293 2402 eompu-

213 2426 290 2484 aius.
312 2425 452 2503 Corpora,
472 2442 549 2503 quae
573 2427 669 2502 magis
688 2424 842 2486 abundant
855 2427 887 2486 in
908 2431 1062 2486 naturast
1083 2427 1178 2483 minos
1204 2441 1294 2500 qnam

22 2530 27 2540 '
94 2595 101 2604 Ι
213 2528 309 2582 uetera
328 2526 567 2601 oompositionem
582 2525 770 2599 participant,
793 2537 827 2582 ea
841 2529 1001 2599 suntquae
1014 2522 1118 2582 saitem
1139 2537 1293 2599 ooagmen·

212 2625 314 2681 tantm
333 2638 370 2682 ex
391 2621 500 2697 ‹inpiiet
514 2621 675 2696 eiemento;
689 2628 723 2680 nt
740 2637 829 2696 aqna,
844 2636 892 2680 ex.
916 2635 961 2696 gr.
976 2619 1076 2696 tetius,
1089 2625 1177 2696 atque
1190 2619 1236 2680 his
1252 2622 1292 2678 si-

212 2717 308 2796 milia,
320 2735 445 2796 qnorum
459 2720 601 2781 nonnniia
616 2717 728 2778 aketto
736 2720 809 2795 fleo
825 2723 981 2793 vocantur,
993 2717 1050 2776 niis
1068 2715 1171 2794 oxydn
1188 2713 1293 2776 meiol·

212 2813 284 2875 liam
302 2816 365 2875 lam
381 2833 451 2875 vero
464 2816 538 2876 haee
550 2834 588 2876 ex
603 2817 806 2876 combustione
819 2821 994 2892 generantur
1006 2833 1014 2890 3
1029 2823 1117 2891 atque
1130 2815 1195 2874 ideo
1208 2817 1292 2874 iuxta

212 2911 290 2989 leges
304 2913 453 2972 naturales
465 2914 586 2973 formari
603 2915 687 2974 aiiter
706 2915 912 2990 nequiverunt,
933 2915 989 2971 nisi
1007 2915 1037 2972 vi
1055 2913 1293 2988 conflagrationis

108 3055 118 3070 .
213 3009 368 3070 cniusdam
388 3012 559 3070 immensae.
582 3011 659 3070 iiino
682 3014 815 3087 sequitur
835 3011 934 3095 orbam
948 3017 1054 3084 terrae,
1076 3017 1232 3086 numquam
1253 3009 1293 3068 ad

211 3115 395 3183 praesentem
409 3113 518 3168 matum
530 3107 692 3185 enunieret,
707 3108 836 3185 undique
850 3107 1088 3184 oonflagravisse3
1098 3109 1129 3166 in
1141 3123 1199 3184 qno
1213 3115 1292 3168 stain

209 3205 292 3266 uuiiu
307 3213 386 3266 oerte
406 3205 553 3281 possibiiis
566 3205 623 3264 urit
643 3208 705 3265 rite
717 3206 854 3266 unimaiis
874 3206 920 3264 vei
941 3207 1096 3282 vegetatio.
1113 3205 1181 3265 Fuit
1201 3207 1292 3282 igitur

210 3308 337 3380 tempus,
357 3319 418 3378 quo
431 3303 512 3362 nniia
526 3302 583 3362 init
594 3319 683 3378 snper
695 3302 801 3362 faciem
817 3310 912 3362 terrae
931 3302 1095 3362 substantia
1116 3304 1219 3362 vivens
1239 3317 1292 3362 sea

208 3402 329 3478 organis
341 3403 496 3460 instructa.
513 3399 601 3461 Natio
614 3403 754 3477 igiturex
766 3401 813 3460 iris
824 3399 912 3460 rebus
924 3407 969 3461 eat
982 3407 1111 3476 aeterna,
1126 3399 1177 3460 sed
1190 3417 1293 3460 omnes

209 3499 241 3556 iu
261 3503 392 3573 tempore
411 3497 546 3558 conditae
565 3505 646 3560 sant.

270 3595 467 3656 {luctantum
488 3597 637 3656 adducunt
658 3595 806 3656 naturales
821 3598 975 3672 scientiam
997 3603 1097 3656 utrum
1111 3601 1208 3654 antem
1227 3597 1292 3671 ipsa

207 3693 287 3771 giobi
300 3697 446 3755 terrestris
459 3698 581 3754 materia
595 3712 647 3771 per
660 3711 693 3754 se
706 3701 849 3770 spectato,
863 3698 980 3754 semotis
996 3696 1103 3770 piantis
1116 3700 1146 3753 et
1160 3694 1292 3754 animan·

207 3792 299 3870 tibus,
313 3795 404 3853 immo
424 3799 536 3853 semota
549 3796 629 3852 omni
645 3795 674 3852 ui
696 3799 726 3851 et
740 3794 920 3871 organismo,
936 3793 974 3852 ab
991 3799 1110 3853 aeterno
1128 3793 1220 3852 creari
1235 3807 1289 3867 po-

213 4055 215 4059 ,
272 4011 280 4053 i
298 4005 452 4070 concipiam.
468 4009 543 4085 Fors.
554 4005 728 4070 saioppenm.
743 4003 837 4053 introd.
