2892 4425
429 411 507 454 rius
528 408 631 453 Pillss
651 424 664 441 ·
685 410 885 455 COEHOLOGIA
1076 438 1082 454 ι
1161 408 1197 459 83

117 518 262 594 simplicia
283 520 313 576 iu
327 533 359 576 se
377 519 503 576 invicem
518 524 649 595 agerent,
663 520 734 594 quin
753 534 784 577 xe
802 518 846 578 vel
866 520 969 579 saltem
990 522 1116 581 mediata
1135 528 1198 582 teu·

118 622 238 695 gerent,
260 614 332 675 nihii
354 616 432 673 euim
456 616 535 673 reale
552 617 628 673 inter
650 616 714 690 ipsa
737 616 898 675 interiacet.

178 714 290 773 Deinde
304 716 329 771 si
342 726 466 788 corpora
477 728 514 770 ex
530 728 608 770 mere
621 710 815 787 simplicibus,
829 728 904 787 quae
918 721 1091 788 punctorum
1107 718 1199 775 instar

118 812 251 890 partibus
273 812 394 870 omnino
419 815 540 883 carent,
565 809 749 883 ooaleseunt3
773 812 904 868 extensio
931 810 1015 869 realis
1044 816 1216 888 corporum¹

117 912 205 988 plane
227 912 369 967 vanescit.
397 906 473 965 Nam
487 912 641 965 extensum
654 922 691 963 ex
706 909 826 965 omnino
840 908 999 965 inexteusis
1018 906 1200 967 efflorescere

117 1008 236 1083 nequit,
258 1021 325 1064 eum
351 1003 424 1062 nihii
443 1005 535 1079 possit
554 1018 618 1063 esse
637 1005 668 1059 in
697 1008 779 1080 toto,
803 1004 880 1080 quod
902 1004 1073 1079 incompleta
1097 1006 1199 1065 saltem

117 1118 178 1161 nou
197 1104 237 1159 sit
257 1104 288 1158 iu
306 1099 449 1175 partibus.
464 1098 524 1157 Nec
538 1114 606 1156 vero
619 1098 778 1175 quidquam
800 1096 909 1159 evincit
929 1102 1106 1179 exemplum,
1121 1104 1199 1179 quod

118 1198 254 1257 nonnulli
278 1198 449 1273 proferunt,
476 1196 514 1253 de
540 1194 643 1253 arbore
668 1212 744 1271 quae
766 1212 799 1255 ex
823 1198 939 1273 radice,
961 1206 1088 1274 trunco,
1110 1202 1198 1259 remis

118 1296 253 1353 arborem
271 1310 400 1351 seorsum
417 1290 713 1367 non'praebeutibus,
733 1296 875 1371 exsurgit.
894 1294 969 1353 Nam
990 1296 1061 1354 baeu
1082 1311 1198 1371 separa-

117 1396 172 1451 tim
202 1394 259 1451 etsi
281 1408 339 1450 nou
365 1392 508 1467 integram
535 1390 686 1464 arborem,
710 1390 879 1450 inchoatam
911 1398 1007 1451 umen
1042 1394 1197 1470 exhibent,

117 1490 306 1564 eiusdemque
320 1493 409 1563 atque
429 1487 480 1545 illa
501 1492 624 1545 naturae
645 1494 726 1561 suni,
750 1504 929 1564 quamquam
951 1506 1015 1549 eam
1036 1505 1093 1549 noo
1116 1491 1199 1567 pleue

118 1587 302 1659 contineant,
324 1584 375 1642 sed
396 1600 434 1642 ex
455 1590 537 1659 parte
556 1580 686 1657 tautum',
708 1592 796 1659 prout
815 1588 964 1661 proprium
990 1588 1196 1649 elementorum
1216 1662 1219 1669 .

116 1689 173 1740 esi.
198 1682 238 1739 At
257 1696 308 1739 ena
328 1680 451 1756 simplex
473 1680 554 1739 nullo
576 1663 662 1738 modo
681 1685 880 1742 extensionem
905 1686 1049 1761 possidet;
1070 1702 1103 1745 ac
1129 1702 1197 1761 pro·

117 1778 188 1837 inde
212 1780 238 1837 si
260 1794 325 1837 eam
346 1780 376 1835 in
397 1776 567 1855 corporibus
587 1780 737 1855 gigneret,
760 1779 842 1840 daret
865 1781 893 1840 id
914 1783 992 1859 quod
1011 1784 1092 1842 nulio
1112 1784 1198 1845 modo

117 1876 217 1935 babet.

179 1972 260 2044 Quae
274 1988 341 2031 eum
359 1972 402 2029 ita
415 1973 493 2046 siut,
511 1970 689 2045 Leibnitius,
705 1972 852 2047 Woldus,
872 1974 1046 2052 Geliuppius
1061 1980 1103 2035 sie
1120 1980 1196 2037 eius·

117 2069 197 2127 modi
224 2075 354 2144 systema
372 2075 514 2139 tuentur,
538 2075 570 2127 ut
594 2085 748 2145 corporum
779 2074 975 2129 extensionem
1006 2088 1064 2131 non
1090 2074 1195 2133 realem

116 2174 147 2226 et
162 2166 336 2226 obieetivam
353 2164 403 2225 sed
425 2166 681 2242 phaenomeoieum
701 2173 730 2225 ei
749 2175 934 2243 apparentem
953 2168 1070 2229 iaciunt.
1087 2172 1194 2230 Verum

118 2268 149 2323 ia
167 2265 225 2322 hoc
244 2263 386 2322 ideaiistis
406 2279 581 2339 magnopere
600 2264 722 2338 favent,
743 2271 772 2322 et
789 2268 887 2322 sensui
909 2273 1030 2325 naturae
1048 2270 1196 2326 communi

117 2361 320 2435 reluctantur,
348 2363 398 2435 qui
424 2375 484 2418 nou
514 2359 706 2418 destruendus
730 2361 781 2418 sed
805 2361 994 2436 explicandus
1023 2363 1195 2439 philosopho

116 2465 173 2518 est.
195 2457 233 2516 lit
252 2473 323 2516 sane
342 2459 368 2517 si
389 2459 520 2516 extensio
544 2472 699 2533 corporum
723 2461 949 2534 repraesentatio
976 2459 1118 2538 quaedam
1152 2468 1196 2520 est

117 2555 294 2629 subiectiva,
315 2571 350 2614 eo
369 2553 537 2615 leremodo
554 2567 613 2630 quo
632 2553 710 2613 Kani
734 2555 863 2630 spatium
886 2553 970 2632 lingit
989 2572 1051 2616 esse
1072 2553 1195 2616 iormam

117 2652 319 2711 sensibilitatis
344 2658 482 2712 externae
509 2669 547 2710 ex
570 2653 778 2710 consttutione
810 2655 871 2728 ipsa
897 2656 986 2712 enimi
1011 2659 1195 2732 manantem,

118 2756 206 2826 atque
228 2749 342 2810 obieeta
359 2749 508 2808 sensibilia
527 2751 720 2825 vestientem3
740 2749 843 2826 ecquid
866 2749 941 2808 idem
960 2766 1016 2810 uon
1040 2751 1196 2827 suspicabi-

116 2864 185 2908 mur
206 2847 245 2905 de
269 2849 332 2922 ipsa
358 2861 513 2923 corporum
538 2849 709 2922 existentia,
733 2854 876 2923 quatenus
904 2849 966 2907 eius
992 2847 1130 2908 iudicium
1158 2863 1194 2908 ex

116 2944 217 3019 aliqua
236 2943 397 3002 subiectiva
418 2950 532 3002 tautum
551 2944 793 3002 determinatione
813 2947 984 3019 proveniat?
1002 2943 1086 3004 Certe
1105 2947 1130 3004 si
1149 2961 1196 3023 ge·

115 3056 174 3100 nus
191 3039 353 3099 humanum
373 3041 470 3115 quoad
486 3043 613 3116 primum
633 3041 695 3098 sine
713 3039 894 3100 absurditate
909 3040 1064 3117 decipitur,
1082 3057 1135 3100 cur
1150 3059 1195 3101 ea·

115 3137 182 3196 dem
204 3137 285 3196 iraus
305 3143 335 3196 et
352 3137 483 3214 deceptio
500 3137 597 3213 quoad
619 3137 744 3196 alterum
764 3137 958 3214 repugnabit?

176 3233 389 3310 Argumentum
416 3251 494 3310 vero,
518 3249 577 3309 quo
602 3239 732 3311 systema
755 3235 868 3309 nititur,
891 3233 1127 3310 aequivocatione
1152 3235 1193 3293 ie·

115 3335 211 3397 buret.
230 3335 305 3398 Nam
321 3352 388 3395 eum
404 3333 486 3393 dicit:
501 3335 653 3410 pmncrpia
668 3349 821 3409 corporum
836 3333 943 3392 debent
961 3350 1020 3391 esse
1036 3332 1194 3410 strepitum

113 3449 186 3508 erqo
214 3438 286 3492 sunt
306 3435 389 3492 entia
412 3429 573 3507 simplicia,·
598 3430 675 3490 saltu
703 3430 829 3507 quodam
858 3432 985 3490 transilii
1014 3431 1051 3488 ab
1078 3447 1137 3489 uno
1157 3431 1195 3490 ad

114 3529 205 3588 alium
226 3546 344 3588 sensum
364 3529 483 3588 iliarum
505 3527 774 3610 vocum-nomimis
796 3533 825 3586 et
846 3529 933 3585 entis.
956 3527 1030 3586 Nam
1056 3527 1196 3586 vocabulo

113 3628 192 3684 entis
214 3633 310 3702 potest
329 3627 452 3702 intelligi
467 3641 667 3702 quaecumque
689 3625 818 3698 reelitns,
831 3630 860 3682 ei
873 3629 966 3699 potest
988 3625 1107 3700 intelligi
1130 3624 1193 3683 sub·

113 3725 224 3782 stantia
242 3727 304 3782 ueri
324 3727 469 3799 nominis,
494 3726 623 3797 itemque
638 3737 689 3797 per
712 3737 816 3780 vocem
829 3720 972 3797 simplicis
993 3725 1089 3796 potest
1110 3722 1193 3780 iutel-

114 3821 166 3898 ligi
186 3815 457 3898 non'eomporitum
478 3828 507 3879 et
527 3826 623 3896 potest
644 3819 766 3893 intelllgi
791 3835 849 3877 non
872 3824 1035 3878 extentum.
1061 3819 1195 3878 lamuero

113 3921 257 3994 principia
272 3934 428 3994 corporum
450 3919 557 3978 debent
574 3933 636 3976 esse
653 3918 800 3976 realitatus
817 3918 959 3993 quaedam
978 3923 1007 3974 et
1026 3917 1143 3992 quidem
1157 3933 1193 3976 ex

112 4013 180 4074 aliis
200 4031 259 4074 nou
279 4017 469 4090 compositae.
485 4016 549 4076 lloc
566 4021 680 4074 tantum
700 4014 757 4072 lert
775 4013 878 4074 illatio.
898 4013 938 4073 At
956 4013 1115 4074 aduersarii
1138 4011 1193 4070 lul·
