2892 4425
451 382 529 426 Pus
550 380 653 425 ΡΙΙΙΔ
673 394 686 411 ·
706 378 907 432 coenoman
938 392 944 399 ·
1180 374 1215 427 ⁸1

135 494 233 567 Quare
252 491 291 551 (ie
310 492 417 550 armus
436 492 599 551 iumentum
619 489 781 568 autumn,
802 496 832 549 et
855 490 1110 567 &menatenam
1135 488 1218 551 enhi-

135 591 187 650 liet
205 588 382 650 atheismum
404 591 427 647 ¹.

199 686 339 747 lunens.
362 684 504 746 Baiones
518 700 633 761 omnes,
651 700 726 763 qaas
748 684 863 745 throne
881 700 935 761 pm
953 684 1136 761 panthema
1152 702 1218 763 pro-

136 786 206 859 teri,
232 783 291 844 hoe
314 783 435 844 maden
457 784 556 843 renuat
573 782 724 844 videatur.
744 782 894 859 Primum,
915 782 994 859 quoii
1018 782 1097 843 liene
1117 785 1218 845 omnia

137 881 372 959 complectatur,
389 886 478 958 atque
496 882 563 941 ideo
581 881 683 942 muntii
701 882 791 941 etiam
809 882 935 941 asenna
954 896 990 939 en
1006 880 1109 941 debeat
1124 884 1217 941 eonti-

136 982 213 1039 neri,
238 979 367 1055 Deinde,
387 980 466 1056 quod
491 978 596 1039 mnudi
618 982 776 1039 existentia
796 979 834 1041 nb
856 978 984 1039 einsiem
1008 982 1132 1039 muntia
1158 996 1218 1039 noa

135 1078 269 1153 illiserat,
284 1078 335 1138 seul
357 1080 448 1153 ipsius
466 1078 557 1139 veluti
579 1078 709 1139 evolutio
731 1077 875 1155 quaedem
895 1078 946 1137 sit.
965 1077 1063 1151 Qunre
1079 1079 1104 1135 si
1122 1082 1218 1153 poste-

136 1177 202 1235 rior
221 1178 252 1233 ln
275 1174 339 1235 Deo
362 1181 481 1235 ueteraa
499 1176 576 1251 init,
600 1178 733 1252 superior
753 1178 784 1235 la
808 1181 939 1251 tompore
960 1174 1079 1235 conditu
1105 1188 1169 1233 esse
1188 1179 1219 1233 et
1288 1228 1300 1253 ,,

135 1290 156 1333 a
174 1272 236 1333 lieo
259 1274 457 1333 discrimluurl
477 1289 536 1333 nan
556 1280 661 1350 potest.

198 1369 239 1429 At
258 1370 332 1429 haee
354 1376 539 1445 praepostero
561 1369 718 1429 verborum
739 1386 826 1430 neuim
846 1374 875 1429 et
894 1368 1066 1429 contusione
1084 1368 1218 1431 nitantur·

136 1468 281 1529 idearum.
309 1468 386 1529 Num
412 1456 490 1527 Deus
513 1482 574 1526 non
593 1467 713 1543 perinde
733 1468 832 1527 omnin
854 1466 1068 1543 eompleetltnr‚
1093 1468 1218 1542 quasia

137 1568 244 1625 arentis
262 1564 348 1625 rebus
364 1565 521 1624 distinctus
541 1580 600 1623 nou
620 1568 672 1640 sit,
689 1580 847 1641 earumque
863 1565 1017 1625 eonditum
1028 1570 1057 1625 et
1075 1563 1217 1624 limitibus
1265 1628 1276 1643 ,

137 1662 276 1723 offertum
290 1663 451 1722 realitatem
470 1678 489 1721 a
506 1678 540 1722 se
562 1678 621 1722 nou
642 1668 771 1739 respuat.
793 1662 850 1723 Sed
870 1666 912 1724 sie
932 1664 1031 1724 omnin
1048 1661 1217 1738 eompleeti·

137 1767 199 1835 tur,
218 1766 363 1837 qnatenus
386 1760 555 1820 inlinitum
579 1762 794 1836 simplicissima
813 1762 929 1823 mustei
955 1762 1106 1837 realitate3
1131 1766 1219 1837 atque

138 1857 205 1917 ideo
224 1858 297 1918 nihil
314 1858 499 1933 perfeetionis
513 1856 675 1934 absolutae,
692 1860 772 1918 omni
786 1858 917 1919 detraeto
933 1858 1027 1919 limite
1043 1864 1073 1919 et
1090 1856 1216 1933 deiectu,

138 1953 262 2033 intelllgi
281 1954 397 2031 aebeat,
418 1955 498 2031 quui
515 1955 585 2015 inae
603 1954 691 2015 absit.
715 1956 849 2017 Reman
872 1961 970 2017 eutem
993 1970 1088 2015 rernm
1109 1960 1219 2017 erente-

139 2068 206 2112 rum
226 2054 257 2111 ia
278 2052 339 2113 Deo
359 2059 404 2113 eet
424 2068 483 2111 non
506 2058 657 2129 tamqnam
681 2056 712 2112 in
736 2054 888 2129 subiecto,
910 2055 993 2113 eolus
1015 2056 1055 2113 sit
1076 2068 1144 2127 pers
1168 2057 1220 2113 aut

138 2150 256 2227 modos,
277 2150 329 2210 seii
349 2158 500 2228 nmquam
525 2153 556 2209 la
575 2150 735 2228 exemplari
750 2159 894 2214 elaeusa.
916 2151 949 2211 la
972 2150 1131 2227 exemplari
1154 2151 1218 2227 qul·
1310 2176 1315 2183 ·

139 2249 206 2310 ilem
221 2292 231 2325 ,
249 2251 318 2325 qaia
339 2265 386 2308 res
408 2255 545 2322 mentun,
566 2249 636 2310 lieet
654 2249 854 2326 imperfectam
875 2257 905 2311 et
924 2249 1062 2324 fluitem,
1083 2249 1221 2310 imitatio·

138 2363 208 2407 nem
229 2351 327 2406 temen
348 2346 477 2423 aliquem
496 2346 636 2406 exhibent
652 2347 864 2424 perfectionum
883 2348 1064 2422 divinarum,
1084 2351 1172 2421 prout
1186 2348 1217 2406 ln

139 2443 292 2520 antologte
306 2443 482 2504 declaratum
501 2449 556 2504 est.
575 2444 610 2504 lu
628 2459 719 2504 suase
737 2459 819 2520 uero,
837 2445 906 2520 quis
922 2443 996 2504 nihil
1017 2443 1156 2504 bonitatis
1175 2450 1220 2506 est

139 2545 172 2602 in
194 2540 303 2617 rebus,
326 2541 442 2617 quoda
467 2541 522 2602 Ilei
548 2545 658 2604 virtute
679 2549 710 2602 et
734 2543 901 2618 operatione
922 2557 980 2602 non
1004 2539 1217 2616 proficiscatur.

139 2639 221 2701 Deus
236 2641 313 2701 enlm
331 2657 500 2717 supremum
517 2643 693 2718 principium
712 2647 759 2700 eet
775 2643 864 2700 totius
883 2640 1034 2714 restitutis,
1055 2653 1091 2697 ue
1115 2639 1144 2698 ul
1166 2654 1218 2714 poa

140 2739 320 2816 tentissime,
341 2755 402 2816 qna
426 2739 537 2816 pollet,
559 2739 598 2799 ad
622 2741 723 2800 omnia
744 2755 776 2798 se
796 2739 939 2815 porrigit,
962 2751 1069 2798 aarum
1089 2749 1221 2812 eaquae

139 2853 200 2897 noa
220 2837 299 2896 sust
311 2841 464 2915 tamquam
487 2853 522 2896 ea
545 2853 623 2914 putas
645 2841 726 2897 suat.

200 2933 247 2994 Ati
275 2935 401 2996 alterum
424 2935 504 3012 qnod
532 2935 670 3012 additur,
698 2936 853 2994 essentiam
881 2935 910 2993 ln
940 2931 1025 2992 rebus
1048 2899 1153 2992 erentls
1182 2929 1220 2991 ali

140 3033 294 3092 existentia
314 3048 375 3092 nan
391 3031 535 3109 mitem·
555 3033 742 3093 distinetione
764 3038 809 3092 est
829 3047 913 3107 opus.
939 3029 1014 3090 Nam
1037 3032 1062 3089 sl
1082 3028 1112 3088 ld
1136 3027 1220 3089 intel·

141 3128 242 3206 ligitur
260 3129 298 3190 de
316 3133 441 3191 essentia
460 3130 582 3206 uetusti,
600 3146 676 3206 quse
696 3146 716 3189 a
738 3129 799 3188 Deo
822 3128 963 3205 prodaetu
982 3128 1032 3202 sit,
1049 3141 1151 3186 verum
1173 3141 1220 3186 as·

140 3230 259 3288 seritur.
281 3226 339 3288 Sei
357 3230 482 3288 eesentle
499 3228 643 3288 eiusmodi
659 3233 743 3287 extrn
762 3225 855 3286 Deum
874 3233 929 3302 est,
950 3224 1109 3301 uterique,
1130 3229 1165 3316 ut
1181 3221 1221 3282 el·

202 3367 295 3418 illaec
311 3367 425 3418 etheismi
444 3369 504 3418 notu
522 3379 572 3417 nan
591 3367 716 3417 immerito
735 3365 880 3430 pentheislls
899 3363 1021 3416 uniuersis
1040 3361 1155 3413 inuritur.
1173 3363 1222 3414 lise

141 3457 201 3496 sero
217 3445 358 3497 audiendos
381 3450 420 3497 esi
442 3449 505 3498 Baro
525 3447 557 3496 de
577 3449 673 3498 Peneia
692 3449 773 3510 (illst.
793 3445 826 3497 de
848 3445 876 3495 la
891 3445 988 3508 pilitus.
1009 3443 1104 3494 illem.
1128 3441 1221 3507 deputa

140 3524 230 3576 aetia
239 3524 353 3590 imputa
370 3526 452 3590 Hlpel
468 3529 489 3577 t.
500 3527 526 3588 a)
539 3527 583 3589 qul
601 3539 651 3576 aon
669 3527 730 3576 item
747 3525 883 3588 existimat,
902 3523 946 3576 teil
964 3535 1007 3574 eos
1021 3523 1170 3589 ptormlstm
1181 3535 1223 3584 pe

141 3605 193 3655 tius
207 3619 263 3656 esee
281 3606 435 3658 sconsam
452 3608 536 3670 pntat;
555 3605 698 3670 quasivero
709 3606 810 3656 naariae
823 3606 868 3654 Dei
886 3617 925 3654 res
943 3605 1038 3652 areatas
1057 3601 1222 3666 interpretari,

140 3695 190 3734 aon
206 3684 273 3736 illem
290 3687 392 3736 omnino
408 3687 442 3737 eit
460 3701 490 3736 aa
508 3691 588 3736 Deam
609 3685 641 3736 de
659 3685 741 3736 medio
762 3686 862 3749 pellere.
883 3685 931 3735 Sed
953 3684 1033 3736 bonus
1055 3683 1096 3734 hie
1115 3681 1221 3746 pautlrei

139 3769 233 3815 mmm
252 3766 367 3820 demutor
381 3770 510 3830 propterea
527 3765 639 3816 tartessia
658 3765 684 3814 ii
706 3765 820 3826 essemit,
840 3765 900 3827 quin
919 3767 997 3815 lieunr
1016 3762 1141 3814 delinivit:
1158 3773 1224 3812 eost·

133 3844 251 3909 plenam
265 3830 372 3907 allisio
387 3851 536 3898 activitatis
551 3860 583 3898 ae
600 3847 738 3896 notionum
751 3845 965 3906 abstractarum,
981 3843 1078 3909 polisti
1096 3840 1133 3892 ad
1151 3851 1223 3890 maa·

139 3923 204 3975 dum
220 3917 393 4046 mpithdam
411 3939 524 3991 epemur.
