2892 4425
350 355 427 400 ntus
446 356 557 400 nexura
574 373 587 386 -
603 357 783 401 caroenum
806 359 985 402 aaronitas
1147 352 1204 404 293
1240 416 1242 422 s

127 483 216 540 rour,
240 467 323 526 cuius
349 465 532 524 omnimodas
556 464 746 540 perfectiones
774 481 842 526 curn
874 467 928 528 hac
953 467 1088 528 exstandi
1114 483 1209 528 neees-

126 569 217 626 situte
240 566 411 624 coniunctas
434 564 569 638 deinceps
594 565 768 638 aperiemus.
795 561 846 623 Sin
870 565 1017 642 alterum,
1042 566 1137 626 nodus
1158 583 1211 628 nee

128 664 254 724 solvitur
269 679 323 722 nec
340 662 526 736 praeciditur.
542 661 617 720 Nam
636 677 682 720 res
697 661 839 720 eiusmodi
856 677 974 722 eausam
990 667 1035 724 sul
1050 664 1146 725 denuo
1163 681 1210 741 po
1281 739 1285 748 ι

63 766 69 774 ’
129 761 269 836 stulabit,
288 763 401 836 eritque
421 760 514 818 veluti
534 757 770 818 conditionatum
787 760 927 837 aliquod,
950 763 1034 822 euius
1055 765 1212 824 existentia

128 876 166 918 ex
185 857 382 931 cureditioair,
405 873 494 932 quum
513 857 658 931 includit,
679 859 834 917 existentia
855 858 1003 932 pendebit.
1026 860 1121 936 Atque
1142 878 1210 921 cum

129 957 161 1015 id
180 957 218 1015 da
234 971 324 1016 causa
343 957 460 1031 quavis,
481 971 557 1030 quae
572 957 776 1032 contingenter
790 962 819 1014 et
840 957 868 1014 ri
887 956 1007 1017 alterius
1026 961 1137 1035 existit,
1153 959 1211 1020 diei

129 1053 249 1128 debeat;
271 1069 386 1112 necasse
404 1054 525 1110 omnino
544 1058 589 1112 est
608 1059 642 1112 ut
661 1053 779 1112 tandem
801 1053 959 1129 aliquando
980 1055 1017 1114 ad
1040 1055 1209 1118 absolutum

130 1151 249 1228 aliquod
268 1151 481 1224 ascendamus,
506 1152 589 1208 euius
612 1152 768 1211 existentia
789 1151 985 1226 independens
1010 1154 1096 1228 plane
1121 1157 1159 1214 sit
1184 1163 1212 1216 et
1282 1226 1295 1246 ,

129 1248 303 1324 necessaria,
325 1265 379 1307 nec
397 1256 582 1324 praeeuntem
606 1249 698 1307 ullam
721 1249 917 1308 conditionem
937 1253 1076 1327 requirat.

189 1348 250 1407 Nec
264 1347 446 1421 reroathei,
459 1353 615 1422 tamquam
630 1347 667 1404 ad
682 1361 793 1406 saxum
806 1353 977 1422 tempestate
991 1348 1097 1426 deleti,
1112 1349 1150 1410 ad
1164 1367 1212 1409 no

130 1453 191 1504 tam
212 1449 316 1504 seriem
333 1461 490 1504 causarum
510 1443 655 1504 infinitam
677 1443 860 1520 confugiant.
883 1443 924 1503 Ut
939 1447 1018 1504 enim
1034 1447 1210 1522 explicatum

130 1552 175 1604 est
193 1544 282 1618 alias,
304 1545 395 1602 series
414 1545 505 1602 istaec
524 1558 582 1599 non
602 1541 688 1600 modo
707 1549 866 1618 repugnat,
884 1557 984 1602 rerum
1004 1545 1091 1603 etiarn
1113 1561 1210 1606 neces·

132 1646 248 1702 uitatem
272 1657 429 1716 supremae
451 1639 603 1699 cuiusdam
626 1654 730 1698 cauma
750 1646 833 1698 extra
857 1639 960 1698 seriem
984 1642 1114 1717 positae,
1135 1657 1211 1718 quae

131 1739 274 1800 existendi
295 1739 353 1799 sibi
376 1741 440 1814 ipsu
461 1741 500 1798 sit
521 1740 596 1796 ratio
616 1735 785 1812 sufficiens,
807 1753 865 1796 nou
884 1735 1015 1796 iniirmat
1035 1738 1087 1797 sed
1105 1739 1210 1800 conlis-

131 1845 202 1896 ruat.
229 1837 309 1896 llaec
334 1839 411 1896 enim
437 1837 576 1896 universa
602 1837 690 1894 series
715 1838 888 1911 contingens
913 1841 943 1894 et
968 1839 1067 1913 genitu
1092 1851 1210 1914 quoque

129 1942 223 2010 esset,
244 1941 331 2012 atque
351 1934 416 1993 ideo
436 1950 556 1994 eausam
580 1949 598 1992 a
618 1950 650 1991 se
672 1933 842 1992 distinctam
868 1949 970 1993 rursus
994 1945 1162 2010 exposceret
1185 1940 1206 1994 ¹.

130 2034 228 2092 Prima
248 2037 339 2112 igitur
359 2034 457 2108 aliqua
478 2047 568 2091 eausa
588 2037 692 2104 suapte
707 2033 737 2087 ri
753 2033 900 2106 existens,
915 2047 991 2107 qnae
1013 2033 1124 2110 reliqua
1144 2037 1208 2110 qui-

129 2132 195 2192 dem
216 2132 401 2208 produxerit,
416 2133 480 2204 ipsa
500 2133 599 2188 autern
621 2142 636 2166 ⁰
659 2130 777 2187 nemine
794 2129 936 2204 producta
955 2131 1009 2205 sit,
1024 2134 1142 2206 agnosci
1163 2132 1209 2190 dr·

129 2230 180 2291 bet
199 2233 330 2301 omnino.
353 2230 436 2301 Ques
457 2211 526 2287 cum
546 2226 624 2287 lleus
647 2229 830 2303 nominetur,
847 2231 948 2309 existit
968 2228 1096 2307 prolecto
1113 2229 1207 2305 Deus,

121 2328 219 2405 idque
239 2330 303 2387 sine
325 2340 424 2402 pugna
443 2333 636 2403 conceptuum
657 2328 757 2402 nagan
778 2334 889 2405 nequii.

189 2426 282 2503 Atqui
299 2425 375 2487 lxaec
396 2432 456 2485 mm
478 2426 633 2501 perspicua
653 2427 840 2485 ratiocinatio
858 2432 961 2487 eontra
983 2429 1060 2505 ipsos
1081 2428 1209 2489 ruitura

90 2588 94 2593 ,
130 2529 176 2585 at
195 2524 364 2598 idealiatas,
385 2526 436 2601 qui
455 2526 597 2599 utiusque
614 2525 729 2600 generis
749 2525 809 2583 sint
830 2524 966 2600 tandem,
988 2532 1065 2585 certe
1084 2528 1208 2593 existen·

130 2627 205 2681 tiam
226 2624 355 2694 euticeti
367 2624 526 2699 cogitantis
538 2630 567 2681 ot
583 2624 786 2698 cogitationis,
801 2638 876 2699 quae
893 2626 988 2699 ipsum
1009 2624 1136 2703 alliciat,
1151 2625 1208 2685 dii·

129 2720 208 2781 flterl
230 2736 288 2779 non
311 2728 454 2796 possunt,
473 2722 532 2779 nisi
551 2722 581 2777 in
605 2720 793 2780 delirantium
818 2738 937 2797 prorsus
960 2738 1082 2783 numero
1107 2722 1219 2784 habere

128 2818 231 2877 uelint.
255 2818 319 2879 Hac
338 2820 438 2893 itaque
454 2817 592 2877 concessa
609 2821 783 2893 autentis,
799 2835 888 2894 quern
908 2834 976 2879 curu
992 2818 1051 2879 lleo
1065 2820 1208 2881 conlundi

127 2932 185 2975 uon
206 2933 291 2993 posse
311 2933 347 2976 ex
368 2914 546 2991 pantheismi
567 2916 742 2976 refutatione
762 2918 928 2994 colligitur,
947 2924 1026 2996 tots,
1047 2936 1136 2995 quam
1156 2938 1207 2981 ex·

126 3012 287 3090 plerimus,
308 3015 346 3074 ad
366 3015 460 3074 mum
482 3013 681 3073 evincendum
702 3015 917 3091 redintegratur
937 3018 1132 3079 ratiocinatio.

184 3112 311 3190 Deinde,
328 3116 457 3189 supremi
472 3113 610 3171 Numinis
626 3115 784 3173 existentia
801 3112 994 3175 confirmatur
1011 3132 1047 3175 ex
1065 3123 1207 3193 conceptu

126 3212 234 3269 summi
253 3214 328 3269 entis
347 3212 565 3289 impartierputi
587 3227 623 3271 ac
643 3210 788 3269 limitibus
809 3212 908 3287 quoad
930 3212 1137 3288 perfectionem
1160 3230 1206 3275 ca·

126 3306 227 3363 rantis.
249 3306 342 3383 Nam,
356 3316 389 3367 ut
401 3311 508 3383 claret,
525 3310 617 3369 multa
632 3312 764 3368 existunt
775 3325 853 3383 quae
869 3311 1033 3371 realitatem
1048 3328 1107 3373 non
1121 3314 1206 3388 plene

124 3408 268 3480 quantum
289 3404 340 3461 illa
360 3412 439 3479 patet
458 3410 489 3465 ln
510 3424 542 3465 se
562 3410 702 3483 retinent,
719 3408 772 3467 sed
792 3407 986 3469 determinata
1005 3414 1117 3481 radone
1139 3428 1205 3487 par·

124 3503 257 3577 tleipant.
282 3500 329 3559 Sic
349 3508 498 3561 exstamus
519 3521 590 3581 nos,
603 3507 656 3581 qul
676 3512 754 3565 certe
769 3505 944 3581 quibusdum
964 3507 1050 3566 valde
1072 3512 1205 3585 angustis

123 3598 309 3675 perfeetionis
334 3601 467 3660 terminis
494 3603 785 3679 circumscribimur,
814 3610 931 3664 exstant
958 3610 1100 3682 corpora,
1129 3624 1205 3684 quae

125 3697 205 3760 omni
231 3712 267 3754 cx
291 3702 373 3771 parte
395 3696 533 3757 confiniis
555 3704 737 3761 co'e'reentur.
760 3702 799 3762 At
823 3720 892 3763 vero
915 3704 1057 3781 quidquid
1086 3704 1203 3765 linitum

123 3800 185 3869 est,
206 3796 248 3852 rei
268 3792 387 3853 aliunde
407 3794 558 3857 derivatae
579 3802 728 3859 notionem
753 3800 809 3860 sibi
830 3802 961 3877 implicet
981 3811 1011 3863 et
1033 3802 1203 3893 relationem

183 4014 192 4056 t
216 4005 278 4056 lide
293 4018 362 4071 puae
376 4005 410 4055 de
424 4007 475 4057 loc
490 4020 520 4057 re
535 4008 734 4075 dttputuolmur
753 4012 863 4063 vosmet.
881 4026 904 4063 e.
927 4020 950 4071 t,
969 4014 1015 4061 art.
1035 4018 1058 4061 a.
