2892 4425
263 332 301 384 20
738 338 871 385 [0610ss

260 448 387 509 invisam
412 464 443 509 se
461 450 636 525 respiciunt,
660 448 712 509 taii
733 449 810 508 intas
830 462 864 509 sa
883 447 1003 509 vinouio
1021 445 1119 525 quoad
1136 451 1334 527 wgiuuaaa

259 550 407 624 teumtnr,
420 553 465 622 nt,
485 548 574 607 unlus
592 545 658 606 idea
674 545 759 606 nobis
776 552 956 622 maerente,
980 546 1040 606 alia
1059 548 1159 607 statim
1182 550 1333 612 excitetur.

259 642 401 720 Exemplo
422 645 483 704 sint
499 642 580 704 ideae
597 644 734 721 moestis
748 650 778 703 et
787 642 854 718 filii
862 686 873 718 ,
890 645 1013 702 virtutis
1028 650 1059 703 et
1077 646 1147 703 oits'i
1154 686 1166 719 ,
1182 649 1335 708 caecitatis

259 747 290 802 et
308 744 404 817 ιιὲιιιι,
426 740 580 820 possibilis
600 748 630 801 ei
650 738 861 818 impassibilis,
880 741 1012 817 aliaeque
1030 744 1228 819 quamplures.

318 838 449 917 maiano
471 856 489 899 a
511 838 661 898 nonnullis
682 838 776 897 dividi
796 841 885 898 eiiam
905 838 979 898 solet
1001 838 1068 907 idea
1095 842 1126 898 in
1148 840 1330 915 sensibilem,

257 934 482 1016 phantasticam
504 942 534 997 et
554 934 789 1014 iutelliyibilaai.
810 936 910 997 Prima
930 944 996 1013 est,
1018 952 1095 1013 qnae
1116 952 1177 996 nain
1204 938 1333 999 sensibus

258 1034 420 1095 subiectam
442 1035 550 1111 relert3
572 1050 620 1095 eu.
642 1050 688 1111 gn.
714 1034 782 1094 idea
799 1034 870 1094 soils
892 1039 945 1093 ant
963 1036 1094 1111 eorporis
1114 1036 1331 1113 uniuscunque.

257 1130 391 1193 Saeuum
410 1139 456 1193 est
477 1148 552 1209 quaa
574 1148 635 1191 rem
656 1146 717 1191 non
741 1130 873 1191 sensium
896 1131 1056 1191 subiectam
1073 1175 1082 1209 ,
1103 1132 1156 1191 seui
1176 1134 1206 1192 in
1233 1135 1333 1210 imagi-

255 1230 375 1289 natione
387 1235 502 1289 unium
517 1230 690 1289 existentem
704 1228 826 1306 obiicit,
841 1237 875 1289 ut
888 1231 914 1289 si
927 1232 995 1306 quis
1009 1236 1137 1289 monoenu
1152 1246 1272 1290 aureum
1285 1246 1331 1289 oo·

255 1328 372 1403 auset.
392 1326 536 1401 Quamuis
557 1327 676 1386 nomine
697 1324 780 1385 ideae
797 1326 998 1403 phantasticae
1010 1328 1186 1404 quaudoque
1201 1344 1237 1388 ea
1250 1328 1331 1388 intel·

255 1422 368 1501 ligitur,
391 1438 467 1500 quaa
488 1424 688 1482 commentitia
706 1425 745 1482 sit
766 1430 797 1482 et
818 1426 849 1482 in
867 1424 1081 1484 chimaeras-um
1104 1442 1239 1485 numero.
1266 1426 1333 1487 idea

254 1516 375 1579 demum
392 1519 585 1597 intangibilia
598 1521 768 1580 nominatus
786 1536 942 1597 quaerero
963 1538 1017 1581 nee
1036 1523 1173 1583 sensibus
1192 1540 1247 1583 neo
1263 1526 1332 1584 insa·

255 1618 406 1695 ginatione
428 1623 598 1694 usurpatam
621 1616 737 1694 alien,
760 1618 924 1678 cuiusmodi
947 1626 1023 1679 asset
1045 1621 1111 1679 idea
1135 1622 1266 1697 spiritus.
1293 1622 1334 1681 at

254 1716 375 1776 omnino
393 1714 449 1775 bae
467 1717 497 1774 in
517 1731 549 1775 na
566 1715 727 1776 noandum
741 1721 787 1775 ast
804 1715 912 1792 idam,
926 1718 1014 1776 auam
1035 1732 1104 1777 oum
1120 1717 1265 1778 sensibilis
1280 1726 1333 1779 aut

254 1813 442 1891 phantastica
465 1813 647 1890 appellatur,
672 1828 731 1873 noo
752 1813 818 1873 ideo
840 1813 897 1871 boo
921 1817 1040 1873 nonnius
1059 1814 1227 1891 designari,
1249 1816 1332 1893 quoa

253 1926 313 1972 nou
334 1910 372 1972 ad
395 1918 520 1971 mentem
539 1910 590 1971 sed
608 1910 646 1969 ad
660 1908 893 1986 sensibilitatem,
912 1917 964 1970 aot
983 1913 1222 1988 imaginationem
1242 1916 1330 1988 porb-

41 2014 46 2022 '
137 2076 139 2083 ¹
252 2008 754 2085 neui.1tieaenbnsemperaotus
776 2010 882 2067 naeuus
903 2012 948 2067 est
969 2014 999 2067 et
1019 2008 1193 2067 elementum
1213 2009 1331 2085 iudicii3

253 2122 404 2184 nunqnam
418 2122 488 2166 veno
506 2108 633 2166 sensatis
652 2111 703 2166 aut
716 2104 904 2182 phantasma,
921 2105 1000 2181 quod
1017 2106 1047 2163 in
1062 2104 1148 2164 bruto
1161 2109 1251 2165 atium
1265 2109 1330 2166 ani·

254 2210 365 2283 manle,
384 2204 533 2265 indicandi
555 2208 583 2264 ιΙ
602 2220 720 2282 promus
736 2208 864 2279 superte,
881 2205 1033 2279 reperitur.
1050 2201 1108 2262 Sed
1127 2202 1234 2264 ideirco
1250 2203 1337 2265 dnm·

254 2309 339 2364 taxat
352 2304 496 2364 sensibilis
510 2311 562 2364 aut
574 2304 758 2380 phantastica
768 2304 948 2378 nummatus,
961 2303 1032 2378 quia
1044 2303 1123 2360 oia-ea
1139 2301 1251 2361 obieeta
1263 2317 1333 2362 seu·

251 2417 338 2464 suum
359 2408 412 2462 aut
429 2404 647 2481 imaginationis
668 2407 812 2461 sumtus.

309 2499 390 2561 Haeo
402 2503 502 2561 omnia
515 2506 586 2560 sunt
598 2500 752 2576 diiigenter
766 2497 958 2574 advertenda,
978 2513 1013 2557 aa
1032 2496 1133 2557 subtili
1147 2499 1253 2558 menas
1265 2501 1335 2559 aete

249 2598 281 2656 ln
298 2612 396 2657 rernm
418 2599 662 2674 contemplatione
678 2595 906 2674 distinguenda,
926 2597 952 2656 si
970 2596 1001 2653 in
1023 2593 1208 2671 percipiendo
1224 2595 1334 2656 mniu-

249 2697 380 2773 uionem‚
401 2695 432 2752 in
451 2693 608 2754 indicando
625 2694 804 2770 falsitatem,
826 2695 857 2752 in
875 2693 1077 2753 mtioelnando
1096 2709 1246 2753 erroneam
1263 2693 1336 2754 illa·

249 2793 358 2852 bonam
378 2807 483 2852 savem
504 2790 588 2851 veiis.
644 2843 647 2852 .

667 2986 850 3048 Astacenus
870 2987 909 3048 ii.

619 3187 665 3247 Iis
687 3185 827 3253 maram
846 3187 950 3265 sionis.

307 3385 336 3438 5.
359 3375 432 3438 Cum
454 3379 544 3437 animi
568 3380 659 3438 nostri
682 3394 786 3438 sensns
806 3379 1054 3454 eogitationusque
1078 3377 1177 3436 animo
1197 3378 1261 3452 ipsu
1288 3375 1337 3436 la·

245 3482 344 3553 teani,
362 3491 417 3536 nea
439 3493 490 3553 per
512 3493 575 3537 sese
592 3479 696 3538 calens
717 3475 878 3553 paoeiiant3
899 3475 1007 3553 bomo,
1029 3475 1081 3552 qni
1101 3475 1140 3534 aii
1159 3475 1336 3534 societatem

244 3589 312 3633 aum
330 3573 395 3633 aliis
414 3575 574 3636 ιιοὲιιιιᾶιιιιι
593 3577 753 3651 enascitur,
772 3574 884 3634 idoneis
900 3575 1006 3633 mediis
1025 3588 1043 3633 a
1063 3573 1185 3650 provido
1203 3578 1339 3632 naturae

243 3670 372 3732 Auatooe
386 3674 549 3734 instructos
561 3679 618 3751 est,
637 3679 670 3732 ut
692 3672 775 3732 ideas
787 3687 855 3733 snas
877 3673 955 3749 aliis,
973 3671 1148 3749 quibusoam
1162 3673 1247 3746 vivit,
1266 3686 1339 3730 ma·

243 3769 371 3832 nifastet.
399 3771 479 3832 ilaec
503 3772 598 3830 media
617 3773 707 3849 siano
729 3770 874 3848 quadam
894 3778 986 3847 sunt3
1008 3772 1052 3830 sla
1073 3771 1151 3830 enim
1170 3771 1336 3828 nominan-

242 3873 292 3928 tur
309 3883 510 3946 qnaecnmqua
527 3867 566 3928 ad
588 3883 634 3929 ras
652 3869 727 3930 silas
747 3868 911 3930 innuendas
927 3872 992 3930 siue
1010 3875 1118 3930 natura
1136 3867 1201 3926 sive
1219 3865 1337 3926 voiun-

243 3971 304 4028 tate
317 3973 388 4029 sunt
400 3957 546 4026 instituta.
561 3963 704 4029 omnibus
718 3981 787 4028 vere
798 3969 903 4047 signis,
918 3968 1025 4048 quibus
1037 3973 1194 4044 aonoeptus
1208 3970 1336 4027 nasim
