<?xml version="1.0" encoding="UTF-8"?>
<!DOCTYPE html PUBLIC "-//W3C//DTD XHTML 1.0 Transitional//EN"
    "http://www.w3.org/TR/xhtml1/DTD/xhtml1-transitional.dtd">
<html xmlns="http://www.w3.org/1999/xhtml" xml:lang="en" lang="en">
 <head>
  <title>
</title>
<meta http-equiv="Content-Type" content="text/html;charset=utf-8" />
  <meta name='ocr-system' content='tesseract 3.04.00' />
  <meta name='ocr-capabilities' content='ocr_page ocr_carea ocr_par ocr_line ocrx_word'/>
</head>
<body>
  <div class='ocr_page' id='page_1' title='image "./institutionesph01libegoog_0448.png"; bbox 0 0 2892 4425; ppageno 0'>
   <div class='ocr_carea' id='block_1_1' title="bbox 220 369 966 418">
    <p class='ocr_par' dir='ltr' id='par_1_1' title="bbox 220 369 966 418">
     <span class='ocr_line' id='line_1_1' title="bbox 220 369 966 418; baseline -0.004 0"><span class='ocrx_word' id='word_1_1' title='bbox 220 369 277 418; x_wconf 77' lang='grc'><strong>170</strong></span> <span class='ocrx_word' id='word_1_2' title='bbox 544 373 742 417; x_wconf 70' lang='lat' dir='ltr'><strong>nutritium</strong></span> <span class='ocrx_word' id='word_1_3' title='bbox 748 374 783 415; x_wconf 74' lang='grc' dir='ltr'><strong>ΑΕ</strong></span> <span class='ocrx_word' id='word_1_4' title='bbox 806 374 966 417; x_wconf 69' lang='lat' dir='ltr'><strong>meum</strong></span> 
     </span>
    </p>
   </div>
   <div class='ocr_carea' id='block_1_2' title="bbox 168 482 1298 1631">
    <p class='ocr_par' dir='ltr' id='par_1_2' title="bbox 168 482 1298 851">
     <span class='ocr_line' id='line_1_2' title="bbox 218 482 1297 561; baseline 0.001 -16"><span class='ocrx_word' id='word_1_5' title='bbox 218 493 252 545; x_wconf 87' lang='lat' dir='ltr'><strong>ut</strong></span> <span class='ocrx_word' id='word_1_6' title='bbox 272 500 337 543; x_wconf 84' lang='lat' dir='ltr'><strong>eum</strong></span> <span class='ocrx_word' id='word_1_7' title='bbox 359 484 455 542; x_wconf 83' lang='lat' dir='ltr'><strong>odisse</strong></span> <span class='ocrx_word' id='word_1_8' title='bbox 482 483 563 541; x_wconf 89' lang='lat' dir='ltr'><strong>nullo</strong></span> <span class='ocrx_word' id='word_1_9' title='bbox 585 484 672 542; x_wconf 81' lang='lat' dir='ltr'><strong>morlo</strong></span> <span class='ocrx_word' id='word_1_10' title='bbox 696 485 799 558; x_wconf 86' lang='lat' dir='ltr'><strong>possit.</strong></span> <span class='ocrx_word' id='word_1_11' title='bbox 823 484 863 541; x_wconf 77' lang='lat' dir='ltr'><strong>Ar</strong></span> <span class='ocrx_word' id='word_1_12' title='bbox 889 484 921 541; x_wconf 91' lang='lat' dir='ltr'><strong>in</strong></span> <span class='ocrx_word' id='word_1_13' title='bbox 943 482 1059 543; x_wconf 78' lang='lat' dir='ltr'><strong>artibus</strong></span> <span class='ocrx_word' id='word_1_14' title='bbox 1081 482 1199 561; x_wconf 86' lang='lat' dir='ltr'><strong>liberis,</strong></span> <span class='ocrx_word' id='word_1_15' title='bbox 1219 500 1297 561; x_wconf 83' lang='lat' dir='ltr'><strong>quoa</strong></span> 
     </span>
     <span class='ocr_line' id='line_1_3' title="bbox 218 568 1296 657; baseline -0.001 -15"><span class='ocrx_word' id='word_1_16' title='bbox 218 584 312 657; x_wconf 84' lang='lat' dir='ltr'><strong>eliett,</strong></span> <span class='ocrx_word' id='word_1_17' title='bbox 328 581 411 640; x_wconf 88' lang='lat' dir='ltr'><strong>aliter</strong></span> <span class='ocrx_word' id='word_1_18' title='bbox 425 582 546 639; x_wconf 89' lang='lat' dir='ltr'><strong>omnino</strong></span> <span class='ocrx_word' id='word_1_19' title='bbox 558 582 727 656; x_wconf 87' lang='lat' dir='ltr'><strong>eontingere</strong></span> <span class='ocrx_word' id='word_1_20' title='bbox 745 579 894 639; x_wconf 76' lang='lat' dir='ltr'><strong>discernit.</strong></span> <span class='ocrx_word' id='word_1_21' title='bbox 918 568 1012 639; x_wconf 84' lang='lat' dir='ltr'><strong>Sentit</strong></span> <span class='ocrx_word' id='word_1_22' title='bbox 1027 582 1104 639; x_wconf 89' lang='lat' dir='ltr'><strong>enim</strong></span> <span class='ocrx_word' id='word_1_23' title='bbox 1119 596 1152 640; x_wconf 86' lang='lat' dir='ltr'><strong>se</strong></span> <span class='ocrx_word' id='word_1_24' title='bbox 1165 581 1230 641; x_wconf 82' lang='lat' dir='ltr'><strong>lllos</strong></span> <span class='ocrx_word' id='word_1_25' title='bbox 1251 586 1296 643; x_wconf 79' lang='lat' dir='ltr'><strong>aie</strong></span> 
     </span>
     <span class='ocr_line' id='line_1_4' title="bbox 168 676 1298 754; baseline 0.002 -16"><span class='ocrx_word' id='word_1_26' title='bbox 168 708 179 717; x_wconf 88' lang='lat'>-</span> <span class='ocrx_word' id='word_1_27' title='bbox 219 680 338 754; x_wconf 87' lang='lat' dir='ltr'><strong>eliorre,</strong></span> <span class='ocrx_word' id='word_1_28' title='bbox 354 685 459 737; x_wconf 90' lang='lat' dir='ltr'><strong>utnon</strong></span> <span class='ocrx_word' id='word_1_29' title='bbox 473 677 560 737; x_wconf 84' lang='lat' dir='ltr'><strong>modo</strong></span> <span class='ocrx_word' id='word_1_30' title='bbox 581 676 704 737; x_wconf 86' lang='lat' dir='ltr'><strong>libenter</strong></span> <span class='ocrx_word' id='word_1_31' title='bbox 724 678 830 753; x_wconf 85' lang='lat' dir='ltr'><strong>faeiat,</strong></span> <span class='ocrx_word' id='word_1_32' title='bbox 845 677 897 737; x_wconf 83' lang='lat' dir='ltr'><strong>soti</strong></span> <span class='ocrx_word' id='word_1_33' title='bbox 914 677 1001 752; x_wconf 85' lang='lat' dir='ltr'><strong>pleno</strong></span> <span class='ocrx_word' id='word_1_34' title='bbox 1015 678 1103 737; x_wconf 86' lang='lat' dir='ltr'><strong>etiarn</strong></span> <span class='ocrx_word' id='word_1_35' title='bbox 1125 680 1155 736; x_wconf 91' lang='lat' dir='ltr'><strong>ln</strong></span> <span class='ocrx_word' id='word_1_36' title='bbox 1175 695 1225 739; x_wconf 87' lang='lat' dir='ltr'><strong>eos</strong></span> <span class='ocrx_word' id='word_1_37' title='bbox 1245 680 1298 739; x_wconf 77' lang='lat' dir='ltr'><strong>‹ln-</strong></span> 
     </span>
     <span class='ocr_line' id='line_1_5' title="bbox 218 778 841 851; baseline -0.003 -16"><span class='ocrx_word' id='word_1_38' title='bbox 218 778 329 851; x_wconf 87' lang='lat' dir='ltr'><strong>minio,</strong></span> <span class='ocrx_word' id='word_1_39' title='bbox 349 779 391 835; x_wconf 88' lang='lat' dir='ltr'><strong>ita</strong></span> <span class='ocrx_word' id='word_1_40' title='bbox 411 782 444 835; x_wconf 90' lang='lat' dir='ltr'><strong>ut</strong></span> <span class='ocrx_word' id='word_1_41' title='bbox 464 778 592 851; x_wconf 89' lang='lat' dir='ltr'><strong>potuerit</strong></span> <span class='ocrx_word' id='word_1_42' title='bbox 610 792 695 835; x_wconf 78' lang='lat' dir='ltr'><strong>serus</strong></span> <span class='ocrx_word' id='word_1_43' title='bbox 715 778 841 850; x_wconf 89' lang='lat' dir='ltr'><strong>operari.</strong></span> 
     </span>
    </p>

    <p class='ocr_par' dir='ltr' id='par_1_3' title="bbox 218 864 1298 1631">
     <span class='ocr_line' id='line_1_6' title="bbox 279 864 1298 951; baseline 0.004 -18"><span class='ocrx_word' id='word_1_44' title='bbox 279 875 410 950; x_wconf 76' lang='lat' dir='ltr'><strong>Itemque</strong></span> <span class='ocrx_word' id='word_1_45' title='bbox 434 877 501 950; x_wconf 89' lang='lat' dir='ltr'><strong>quis</strong></span> <span class='ocrx_word' id='word_1_46' title='bbox 526 890 585 934; x_wconf 89' lang='lat' dir='ltr'><strong>non</strong></span> <span class='ocrx_word' id='word_1_47' title='bbox 610 876 759 949; x_wconf 76' lang='lat' dir='ltr'><strong>experitur</strong></span> <span class='ocrx_word' id='word_1_48' title='bbox 783 890 814 932; x_wconf 89' lang='lat' dir='ltr'><strong>se</strong></span> <span class='ocrx_word' id='word_1_49' title='bbox 839 875 880 932; x_wconf 88' lang='lat' dir='ltr'><strong>lta</strong></span> <span class='ocrx_word' id='word_1_50' title='bbox 900 873 939 933; x_wconf 85' lang='lat' dir='ltr'><strong>ad</strong></span> <span class='ocrx_word' id='word_1_51' title='bbox 959 864 1125 951; x_wconf 66' lang='lat' dir='ltr'><strong>eligentium</strong></span> <span class='ocrx_word' id='word_1_52' title='bbox 1145 875 1241 951; x_wconf 83' lang='lat' dir='ltr'><strong>lleeti,</strong></span> <span class='ocrx_word' id='word_1_53' title='bbox 1264 886 1298 937; x_wconf 92' lang='lat' dir='ltr'><strong>ut</strong></span> 
     </span>
     <span class='ocr_line' id='line_1_7' title="bbox 219 972 1296 1051; baseline 0.002 -17"><span class='ocrx_word' id='word_1_54' title='bbox 219 976 354 1050; x_wconf 69' lang='lat' dir='ltr'><strong>‹tanoapa</strong></span> <span class='ocrx_word' id='word_1_55' title='bbox 373 974 542 1033; x_wconf 76' lang='lat' dir='ltr'><strong>uterentur</strong></span> <span class='ocrx_word' id='word_1_56' title='bbox 558 977 695 1047; x_wconf 85' lang='lat' dir='ltr'><strong>prospere</strong></span> <span class='ocrx_word' id='word_1_57' title='bbox 711 972 842 1047; x_wconf 73' lang='lat' dir='ltr'><strong>ructuat,</strong></span> <span class='ocrx_word' id='word_1_58' title='bbox 857 972 911 1031; x_wconf 88' lang='lat' dir='ltr'><strong>sibi</strong></span> <span class='ocrx_word' id='word_1_59' title='bbox 926 972 964 1031; x_wconf 84' lang='lat' dir='ltr'><strong>de</strong></span> <span class='ocrx_word' id='word_1_60' title='bbox 977 974 1119 1033; x_wconf 79' lang='lat' dir='ltr'><strong>eleebone</strong></span> <span class='ocrx_word' id='word_1_61' title='bbox 1133 977 1296 1051; x_wconf 77' lang='lat' dir='ltr'>gratuletur</span> 
     </span>
     <span class='ocr_line' id='line_1_8' title="bbox 219 1070 1294 1148; baseline 0.002 -17"><span class='ocrx_word' id='word_1_62' title='bbox 219 1071 358 1148; x_wconf 89' lang='lat' dir='ltr'><strong>laudique</strong></span> <span class='ocrx_word' id='word_1_63' title='bbox 378 1078 488 1146; x_wconf 79' lang='lat' dir='ltr'><strong>vertut3</strong></span> <span class='ocrx_word' id='word_1_64' title='bbox 503 1072 549 1129; x_wconf 84' lang='lat' dir='ltr'><strong>sln</strong></span> <span class='ocrx_word' id='word_1_65' title='bbox 569 1076 689 1145; x_wconf 81' lang='lat' dir='ltr'><strong>eontra,</strong></span> <span class='ocrx_word' id='word_1_66' title='bbox 704 1086 736 1127; x_wconf 90' lang='lat' dir='ltr'><strong>se</strong></span> <span class='ocrx_word' id='word_1_67' title='bbox 756 1072 870 1129; x_wconf 81' lang='lat' dir='ltr'><strong>incuset</strong></span> <span class='ocrx_word' id='word_1_68' title='bbox 885 1072 1015 1146; x_wconf 78' lang='lat' dir='ltr'><strong>vitioque</strong></span> <span class='ocrx_word' id='word_1_69' title='bbox 1034 1070 1089 1130; x_wconf 86' lang='lat' dir='ltr'><strong>sibl</strong></span> <span class='ocrx_word' id='word_1_70' title='bbox 1110 1071 1294 1133; x_wconf 85' lang='lat' dir='ltr'><strong>deliberatio-</strong></span> 
     </span>
     <span class='ocr_line' id='line_1_9' title="bbox 219 1167 1296 1243; baseline 0.003 -15"><span class='ocrx_word' id='word_1_71' title='bbox 219 1186 286 1230; x_wconf 91' lang='lat' dir='ltr'><strong>nem</strong></span> <span class='ocrx_word' id='word_1_72' title='bbox 307 1170 433 1243; x_wconf 85' lang='lat' dir='ltr'><strong>tribuat,</strong></span> <span class='ocrx_word' id='word_1_73' title='bbox 449 1175 536 1243; x_wconf 89' lang='lat' dir='ltr'><strong>atque</strong></span> <span class='ocrx_word' id='word_1_74' title='bbox 555 1184 592 1226; x_wconf 85' lang='lat' dir='ltr'><strong>ex</strong></span> <span class='ocrx_word' id='word_1_75' title='bbox 613 1174 682 1227; x_wconf 89' lang='lat' dir='ltr'><strong>ante</strong></span> <span class='ocrx_word' id='word_1_76' title='bbox 696 1170 770 1226; x_wconf 81' lang='lat' dir='ltr'><strong>actis</strong></span> <span class='ocrx_word' id='word_1_77' title='bbox 784 1167 855 1243; x_wconf 87' lang='lat' dir='ltr'><strong>quid</strong></span> <span class='ocrx_word' id='word_1_78' title='bbox 872 1168 1055 1241; x_wconf 84' lang='lat' dir='ltr'><strong>postmodum</strong></span> <span class='ocrx_word' id='word_1_79' title='bbox 1076 1168 1233 1243; x_wconf 73' lang='lat' dir='ltr'>prudenter</span> <span class='ocrx_word' id='word_1_80' title='bbox 1252 1170 1296 1231; x_wconf 81' lang='lat' dir='ltr'><strong>la·</strong></span> 
     </span>
     <span class='ocr_line' id='line_1_10' title="bbox 218 1265 1296 1341; baseline -0.001 -13"><span class='ocrx_word' id='word_1_81' title='bbox 218 1274 319 1328; x_wconf 86' lang='lat' dir='ltr'><strong>eturus</strong></span> <span class='ocrx_word' id='word_1_82' title='bbox 339 1269 379 1326; x_wconf 92' lang='lat' dir='ltr'><strong>sit</strong></span> <span class='ocrx_word' id='word_1_83' title='bbox 399 1265 590 1325; x_wconf 68' lang='lat' dir='ltr'><strong>consilietur?</strong></span> <span class='ocrx_word' id='word_1_84' title='bbox 610 1266 700 1339; x_wconf 84' lang='lat' dir='ltr'><strong>Quis,</strong></span> <span class='ocrx_word' id='word_1_85' title='bbox 715 1266 741 1323; x_wconf 90' lang='lat' dir='ltr'><strong>si</strong></span> <span class='ocrx_word' id='word_1_86' title='bbox 758 1279 848 1339; x_wconf 84' lang='lat' dir='ltr'><strong>prave</strong></span> <span class='ocrx_word' id='word_1_87' title='bbox 862 1267 940 1341; x_wconf 88' lang='lat' dir='ltr'><strong>agit,</strong></span> <span class='ocrx_word' id='word_1_88' title='bbox 956 1268 1150 1325; x_wconf 83' lang='lat' dir='ltr'><strong>mnseientiae</strong></span> <span class='ocrx_word' id='word_1_89' title='bbox 1168 1268 1296 1327; x_wconf 88' lang='lat' dir='ltr'><strong>stimulis</strong></span> 
     </span>
     <span class='ocr_line' id='line_1_11' title="bbox 219 1361 1294 1439; baseline 0 -15"><span class='ocrx_word' id='word_1_90' title='bbox 219 1381 278 1424; x_wconf 93' lang='lat' dir='ltr'><strong>non</strong></span> <span class='ocrx_word' id='word_1_91' title='bbox 293 1365 467 1439; x_wconf 77' lang='lat' dir='ltr'><strong>torquetur?</strong></span> <span class='ocrx_word' id='word_1_92' title='bbox 482 1364 528 1421; x_wconf 92' lang='lat' dir='ltr'><strong>sin</strong></span> <span class='ocrx_word' id='word_1_93' title='bbox 542 1369 644 1421; x_wconf 87' lang='lat' dir='ltr'><strong>eontra</strong></span> <span class='ocrx_word' id='word_1_94' title='bbox 658 1361 731 1420; x_wconf 84' lang='lat' dir='ltr'><strong>bene</strong></span> <span class='ocrx_word' id='word_1_95' title='bbox 745 1369 898 1438; x_wconf 85' lang='lat' dir='ltr'><strong>operatur,</strong></span> <span class='ocrx_word' id='word_1_96' title='bbox 914 1365 1030 1422; x_wconf 86' lang='lat' dir='ltr'><strong>interna</strong></span> <span class='ocrx_word' id='word_1_97' title='bbox 1044 1365 1134 1421; x_wconf 91' lang='lat' dir='ltr'><strong>uniml</strong></span> <span class='ocrx_word' id='word_1_98' title='bbox 1149 1380 1220 1439; x_wconf 87' lang='lat' dir='ltr'><strong>paee</strong></span> <span class='ocrx_word' id='word_1_99' title='bbox 1233 1381 1294 1425; x_wconf 87' lang='lat' dir='ltr'><strong>nun</strong></span> 
     </span>
     <span class='ocr_line' id='line_1_12' title="bbox 218 1454 1295 1538; baseline 0.001 -17"><span class='ocrx_word' id='word_1_100' title='bbox 218 1460 426 1537; x_wconf 77' lang='lat' dir='ltr'><strong>pertunditur?</strong></span> <span class='ocrx_word' id='word_1_101' title='bbox 446 1460 526 1518; x_wconf 83' lang='lat' dir='ltr'><strong>liaeo</strong></span> <span class='ocrx_word' id='word_1_102' title='bbox 545 1454 651 1534; x_wconf 80' lang='lat' dir='ltr'><strong>auique</strong></span> <span class='ocrx_word' id='word_1_103' title='bbox 672 1465 827 1519; x_wconf 82' lang='lat' dir='ltr'><strong>notescunt</strong></span> <span class='ocrx_word' id='word_1_104' title='bbox 848 1475 898 1534; x_wconf 89' lang='lat' dir='ltr'><strong>per</strong></span> <span class='ocrx_word' id='word_1_105' title='bbox 918 1475 1000 1536; x_wconf 85' lang='lat' dir='ltr'><strong>sese,</strong></span> <span class='ocrx_word' id='word_1_106' title='bbox 1020 1466 1160 1536; x_wconf 87' lang='lat' dir='ltr'><strong>tantaque</strong></span> <span class='ocrx_word' id='word_1_107' title='bbox 1179 1460 1295 1538; x_wconf 75' lang='lat' dir='ltr'><strong>fulgent</strong></span> 
     </span>
     <span class='ocr_line' id='line_1_13' title="bbox 219 1548 1296 1631; baseline 0 -14"><span class='ocrx_word' id='word_1_108' title='bbox 219 1559 384 1631; x_wconf 83' lang='lat' dir='ltr'><strong>evidentia,</strong></span> <span class='ocrx_word' id='word_1_109' title='bbox 406 1564 440 1616; x_wconf 91' lang='lat' dir='ltr'><strong>ut</strong></span> <span class='ocrx_word' id='word_1_110' title='bbox 459 1552 586 1620; x_wconf 81' lang='lat' dir='ltr'><strong>vividior</strong></span> <span class='ocrx_word' id='word_1_111' title='bbox 607 1556 751 1615; x_wconf 79' lang='lat' dir='ltr'><strong>libertatis</strong></span> <span class='ocrx_word' id='word_1_112' title='bbox 773 1548 876 1615; x_wconf 85' lang='lat' dir='ltr'><strong>sensus</strong></span> <span class='ocrx_word' id='word_1_113' title='bbox 896 1556 933 1616; x_wconf 83' lang='lat' dir='ltr'><strong>ad</strong></span> <span class='ocrx_word' id='word_1_114' title='bbox 954 1573 1019 1616; x_wconf 88' lang='lat' dir='ltr'><strong>eam</strong></span> <span class='ocrx_word' id='word_1_115' title='bbox 1042 1558 1162 1617; x_wconf 82' lang='lat' dir='ltr'><strong>indubie</strong></span> <span class='ocrx_word' id='word_1_116' title='bbox 1183 1564 1296 1619; x_wconf 69' lang='lat' dir='ltr'><strong>testum</strong></span> 
     </span>
    </p>
   </div>
   <div class='ocr_carea' id='block_1_3' title="bbox 92 1653 672 1729">
    <p class='ocr_par' dir='ltr' id='par_1_4' title="bbox 92 1653 672 1729">
     <span class='ocr_line' id='line_1_14' title="bbox 92 1653 672 1729; baseline -0.002 -16"><span class='ocrx_word' id='word_1_117' title='bbox 92 1658 98 1666; x_wconf 82' lang='grc'>’</span> <span class='ocrx_word' id='word_1_118' title='bbox 144 1708 151 1719; x_wconf 82' lang='grc'><strong>,</strong></span> <span class='ocrx_word' id='word_1_119' title='bbox 218 1656 288 1716; x_wconf 79' lang='lat' dir='ltr'><strong>riam</strong></span> <span class='ocrx_word' id='word_1_120' title='bbox 309 1653 466 1714; x_wconf 83' lang='lat' dir='ltr'><strong>desiderari</strong></span> <span class='ocrx_word' id='word_1_121' title='bbox 488 1670 546 1713; x_wconf 90' lang='lat' dir='ltr'><strong>non</strong></span> <span class='ocrx_word' id='word_1_122' title='bbox 570 1656 672 1729; x_wconf 83' lang='lat' dir='ltr'><strong>possit.</strong></span> 
     </span>
    </p>
   </div>
   <div class='ocr_carea' id='block_1_4' title="bbox 142 1744 1297 3301">
    <p class='ocr_par' dir='ltr' id='par_1_5' title="bbox 142 1744 1297 3301">
     <span class='ocr_line' id='line_1_15' title="bbox 278 1744 1296 1828; baseline 0.004 -15"><span class='ocrx_word' id='word_1_123' title='bbox 278 1752 429 1813; x_wconf 91' lang='lat' dir='ltr'><strong>Prolatum</strong></span> <span class='ocrx_word' id='word_1_124' title='bbox 451 1744 657 1828; x_wconf 74' lang='lat' dir='ltr'><strong>argumentum</strong></span> <span class='ocrx_word' id='word_1_125' title='bbox 675 1768 711 1812; x_wconf 81' lang='lat' dir='ltr'><strong>ex</strong></span> <span class='ocrx_word' id='word_1_126' title='bbox 727 1752 906 1813; x_wconf 83' lang='lat' dir='ltr'><strong>ineluctabili</strong></span> <span class='ocrx_word' id='word_1_127' title='bbox 920 1754 1114 1813; x_wconf 73' lang='lat' dir='ltr'><strong>runsmeutiae</strong></span> <span class='ocrx_word' id='word_1_128' title='bbox 1127 1757 1296 1817; x_wconf 87' lang='lat' dir='ltr'><strong>testimonio</strong></span> 
     </span>
     <span class='ocr_line' id='line_1_16' title="bbox 218 1850 1295 1927; baseline 0.004 -18"><span class='ocrx_word' id='word_1_129' title='bbox 218 1850 403 1925; x_wconf 83' lang='lat' dir='ltr'><strong>desumptum</strong></span> <span class='ocrx_word' id='word_1_130' title='bbox 424 1856 523 1909; x_wconf 82' lang='lat' dir='ltr'><strong>tantae</strong></span> <span class='ocrx_word' id='word_1_131' title='bbox 543 1857 589 1909; x_wconf 86' lang='lat' dir='ltr'><strong>est</strong></span> <span class='ocrx_word' id='word_1_132' title='bbox 608 1850 773 1927; x_wconf 78' lang='lat' dir='ltr'><strong>firmitatis,</strong></span> <span class='ocrx_word' id='word_1_133' title='bbox 791 1859 825 1909; x_wconf 93' lang='lat' dir='ltr'><strong>ut</strong></span> <span class='ocrx_word' id='word_1_134' title='bbox 844 1867 906 1911; x_wconf 89' lang='lat' dir='ltr'><strong>rem</strong></span> <span class='ocrx_word' id='word_1_135' title='bbox 925 1852 1011 1926; x_wconf 86' lang='lat' dir='ltr'><strong>plane</strong></span> <span class='ocrx_word' id='word_1_136' title='bbox 1027 1851 1160 1911; x_wconf 73' lang='lat' dir='ltr'><strong>deliniat.</strong></span> <span class='ocrx_word' id='word_1_137' title='bbox 1183 1852 1295 1917; x_wconf 83' lang='lat' dir='ltr'><strong>Nihilo·</strong></span> 
     </span>
     <span class='ocr_line' id='line_1_17' title="bbox 219 1948 1295 2025; baseline 0 -18"><span class='ocrx_word' id='word_1_138' title='bbox 219 1951 317 2007; x_wconf 89' lang='lat' dir='ltr'><strong>minus</strong></span> <span class='ocrx_word' id='word_1_139' title='bbox 336 1954 454 2023; x_wconf 88' lang='lat' dir='ltr'><strong>pmpter</strong></span> <span class='ocrx_word' id='word_1_140' title='bbox 475 1950 516 2005; x_wconf 86' lang='lat' dir='ltr'><strong>rel</strong></span> <span class='ocrx_word' id='word_1_141' title='bbox 540 1951 715 2024; x_wconf 82' lang='lat' dir='ltr'><strong>gravitatem</strong></span> <span class='ocrx_word' id='word_1_142' title='bbox 737 1949 794 2007; x_wconf 90' lang='lat' dir='ltr'><strong>alla</strong></span> <span class='ocrx_word' id='word_1_143' title='bbox 814 1964 852 2007; x_wconf 84' lang='lat' dir='ltr'><strong>ex</strong></span> <span class='ocrx_word' id='word_1_144' title='bbox 872 1951 995 2008; x_wconf 85' lang='lat' dir='ltr'><strong>rationis</strong></span> <span class='ocrx_word' id='word_1_145' title='bbox 1021 1965 1097 2024; x_wconf 86' lang='lat' dir='ltr'><strong>penu</strong></span> <span class='ocrx_word' id='word_1_146' title='bbox 1122 1948 1295 2025; x_wconf 81' lang='lat' dir='ltr'><strong>depromptu</strong></span> 
     </span>
     <span class='ocr_line' id='line_1_18' title="bbox 215 2035 1295 2122; baseline 0.003 -17"><span class='ocrx_word' id='word_1_147' title='bbox 215 2035 368 2121; x_wconf 66' lang='lat' dir='ltr'><strong>&#39;adiiciam</strong></span> <span class='ocrx_word' id='word_1_148' title='bbox 382 2046 542 2122; x_wconf 90' lang='lat' dir='ltr'><strong>quaedum</strong></span> <span class='ocrx_word' id='word_1_149' title='bbox 556 2048 699 2121; x_wconf 83' lang='lat' dir='ltr'><strong>originem</strong></span> <span class='ocrx_word' id='word_1_150' title='bbox 714 2045 857 2105; x_wconf 78' lang='lat' dir='ltr'><strong>libertatis</strong></span> <span class='ocrx_word' id='word_1_151' title='bbox 871 2048 1016 2121; x_wconf 88' lang='lat' dir='ltr'><strong>aperiunt,</strong></span> <span class='ocrx_word' id='word_1_152' title='bbox 1032 2049 1095 2105; x_wconf 85' lang='lat' dir='ltr'><strong>elus</strong></span> <span class='ocrx_word' id='word_1_153' title='bbox 1108 2048 1295 2108; x_wconf 82' lang='lat' dir='ltr'><strong>existentium</strong></span> 
     </span>
     <span class='ocr_line' id='line_1_19' title="bbox 218 2138 1295 2221; baseline 0.003 -19"><span class='ocrx_word' id='word_1_154' title='bbox 218 2146 325 2203; x_wconf 81' lang='lat' dir='ltr'><strong>melori</strong></span> <span class='ocrx_word' id='word_1_155' title='bbox 345 2145 376 2201; x_wconf 90' lang='lat' dir='ltr'><strong>in</strong></span> <span class='ocrx_word' id='word_1_156' title='bbox 397 2145 463 2203; x_wconf 88' lang='lat' dir='ltr'><strong>luee</strong></span> <span class='ocrx_word' id='word_1_157' title='bbox 478 2150 601 2219; x_wconf 91' lang='lat' dir='ltr'><strong>ponunt.</strong></span> <span class='ocrx_word' id='word_1_158' title='bbox 624 2138 757 2203; x_wconf 81' lang='lat' dir='ltr'><strong>Alterum</strong></span> <span class='ocrx_word' id='word_1_159' title='bbox 778 2146 868 2220; x_wconf 90' lang='lat' dir='ltr'><strong>igitur</strong></span> <span class='ocrx_word' id='word_1_160' title='bbox 881 2151 1086 2221; x_wconf 81' lang='lat' dir='ltr'><strong>argumentum</strong></span> <span class='ocrx_word' id='word_1_161' title='bbox 1100 2160 1136 2205; x_wconf 82' lang='lat' dir='ltr'><strong>ax</strong></span> <span class='ocrx_word' id='word_1_162' title='bbox 1148 2161 1193 2203; x_wconf 81' lang='lat' dir='ltr'><strong>en</strong></span> <span class='ocrx_word' id='word_1_163' title='bbox 1212 2145 1295 2205; x_wconf 85' lang='lat' dir='ltr'><strong>duel·</strong></span> 
     </span>
     <span class='ocr_line' id='line_1_20' title="bbox 218 2241 1294 2320; baseline 0.001 -18"><span class='ocrx_word' id='word_1_164' title='bbox 218 2249 282 2319; x_wconf 89' lang='lat' dir='ltr'><strong>tur,</strong></span> <span class='ocrx_word' id='word_1_165' title='bbox 297 2245 376 2318; x_wconf 86' lang='lat' dir='ltr'><strong>quod</strong></span> <span class='ocrx_word' id='word_1_166' title='bbox 397 2243 479 2302; x_wconf 89' lang='lat' dir='ltr'><strong>nullu</strong></span> <span class='ocrx_word' id='word_1_167' title='bbox 493 2242 619 2302; x_wconf 87' lang='lat' dir='ltr'><strong>laeultus</strong></span> <span class='ocrx_word' id='word_1_168' title='bbox 632 2244 797 2302; x_wconf 81' lang='lat' dir='ltr'><strong>necessario</strong></span> <span class='ocrx_word' id='word_1_169' title='bbox 809 2241 944 2301; x_wconf 87' lang='lat' dir='ltr'><strong>trahatur</strong></span> <span class='ocrx_word' id='word_1_170' title='bbox 961 2243 999 2302; x_wconf 89' lang='lat' dir='ltr'><strong>ab</strong></span> <span class='ocrx_word' id='word_1_171' title='bbox 1018 2242 1132 2302; x_wconf 79' lang='lat' dir='ltr'><strong>oblecto</strong></span> <span class='ocrx_word' id='word_1_172' title='bbox 1146 2245 1226 2320; x_wconf 80' lang='lat' dir='ltr'><strong>qnod</strong></span> <span class='ocrx_word' id='word_1_173' title='bbox 1239 2260 1294 2304; x_wconf 88' lang='lat' dir='ltr'><strong>neo</strong></span> 
     </span>
     <span class='ocr_line' id='line_1_21' title="bbox 217 2339 1295 2416; baseline 0.002 -16"><span class='ocrx_word' id='word_1_174' title='bbox 217 2343 283 2401; x_wconf 90' lang='lat' dir='ltr'><strong>elus</strong></span> <span class='ocrx_word' id='word_1_175' title='bbox 295 2343 490 2416; x_wconf 76' lang='lat' dir='ltr'><strong>rapacitatem</strong></span> <span class='ocrx_word' id='word_1_176' title='bbox 502 2340 618 2416; x_wconf 77' lang='lat' dir='ltr'><strong>expleat</strong></span> <span class='ocrx_word' id='word_1_177' title='bbox 633 2356 728 2415; x_wconf 88' lang='lat' dir='ltr'><strong>neque</strong></span> <span class='ocrx_word' id='word_1_178' title='bbox 742 2356 781 2398; x_wconf 73' lang='lat' dir='ltr'><strong>aa</strong></span> <span class='ocrx_word' id='word_1_179' title='bbox 794 2339 865 2414; x_wconf 84' lang='lat' dir='ltr'><strong>ulio,</strong></span> <span class='ocrx_word' id='word_1_180' title='bbox 881 2341 959 2416; x_wconf 88' lang='lat' dir='ltr'><strong>quod</strong></span> <span class='ocrx_word' id='word_1_181' title='bbox 973 2341 1003 2400; x_wconf 88' lang='lat' dir='ltr'><strong>id</strong></span> <span class='ocrx_word' id='word_1_182' title='bbox 1016 2341 1117 2416; x_wconf 85' lang='lat' dir='ltr'><strong>laetat,</strong></span> <span class='ocrx_word' id='word_1_183' title='bbox 1131 2343 1295 2402; x_wconf 77' lang='lat' dir='ltr'><strong>neerssurlu</strong></span> 
     </span>
     <span class='ocr_line' id='line_1_22' title="bbox 142 2437 1295 2529; baseline 0.002 -31"><span class='ocrx_word' id='word_1_184' title='bbox 142 2511 159 2529; x_wconf 33' lang='grc' dir='ltr'>Η</span> <span class='ocrx_word' id='word_1_185' title='bbox 218 2455 329 2498; x_wconf 72' lang='lat' dir='ltr'><strong>meum</strong></span> <span class='ocrx_word' id='word_1_186' title='bbox 349 2442 399 2498; x_wconf 89' lang='lat' dir='ltr'><strong>sit.</strong></span> <span class='ocrx_word' id='word_1_187' title='bbox 421 2439 497 2498; x_wconf 85' lang='lat' dir='ltr'><strong>Nam</strong></span> <span class='ocrx_word' id='word_1_188' title='bbox 517 2455 585 2497; x_wconf 87' lang='lat' dir='ltr'><strong>eum</strong></span> <span class='ocrx_word' id='word_1_189' title='bbox 607 2437 713 2496; x_wconf 88' lang='lat' dir='ltr'><strong>borum</strong></span> <span class='ocrx_word' id='word_1_190' title='bbox 734 2444 870 2498; x_wconf 86' lang='lat' dir='ltr'><strong>neutrum</strong></span> <span class='ocrx_word' id='word_1_191' title='bbox 891 2439 1016 2514; x_wconf 78' lang='lat' dir='ltr'><strong>accidit,</strong></span> <span class='ocrx_word' id='word_1_192' title='bbox 1037 2439 1119 2500; x_wconf 93' lang='lat' dir='ltr'><strong>nulla</strong></span> <span class='ocrx_word' id='word_1_193' title='bbox 1138 2447 1183 2499; x_wconf 81' lang='lat' dir='ltr'><strong>ast</strong></span> <span class='ocrx_word' id='word_1_194' title='bbox 1205 2453 1295 2500; x_wconf 78' lang='lat' dir='ltr'><strong>musa</strong></span> 
     </span>
     <span class='ocr_line' id='line_1_23' title="bbox 218 2535 1294 2614; baseline -0.002 -17"><span class='ocrx_word' id='word_1_195' title='bbox 218 2540 350 2614; x_wconf 84' lang='lat' dir='ltr'><strong>ratioque</strong></span> <span class='ocrx_word' id='word_1_196' title='bbox 370 2538 454 2614; x_wconf 89' lang='lat' dir='ltr'><strong>plene</strong></span> <span class='ocrx_word' id='word_1_197' title='bbox 473 2536 606 2596; x_wconf 78' lang='lat' dir='ltr'><strong>efficiens</strong></span> <span class='ocrx_word' id='word_1_198' title='bbox 626 2538 796 2596; x_wconf 81' lang='lat' dir='ltr'><strong>motionem.</strong></span> <span class='ocrx_word' id='word_1_199' title='bbox 820 2535 1090 2613; x_wconf 69' lang='lat' dir='ltr'><strong>strangularis</strong></span> <span class='ocrx_word' id='word_1_200' title='bbox 1109 2537 1236 2612; x_wconf 90' lang='lat' dir='ltr'><strong>plurium</strong></span> <span class='ocrx_word' id='word_1_201' title='bbox 1258 2539 1294 2596; x_wconf 93' lang='lat' dir='ltr'><strong>ll·</strong></span> 
     </span>
     <span class='ocr_line' id='line_1_24' title="bbox 217 2634 1293 2712; baseline 0.001 -18"><span class='ocrx_word' id='word_1_202' title='bbox 217 2634 339 2696; x_wconf 80' lang='lat' dir='ltr'><strong>brorum</strong></span> <span class='ocrx_word' id='word_1_203' title='bbox 359 2635 458 2710; x_wconf 88' lang='lat' dir='ltr'><strong>pundo</strong></span> <span class='ocrx_word' id='word_1_204' title='bbox 480 2635 575 2694; x_wconf 87' lang='lat' dir='ltr'><strong>attolli</strong></span> <span class='ocrx_word' id='word_1_205' title='bbox 596 2651 714 2695; x_wconf 84' lang='lat' dir='ltr'><strong>sursum</strong></span> <span class='ocrx_word' id='word_1_206' title='bbox 737 2637 856 2711; x_wconf 85' lang='lat' dir='ltr'><strong>nequit,</strong></span> <span class='ocrx_word' id='word_1_207' title='bbox 878 2637 935 2694; x_wconf 89' lang='lat' dir='ltr'><strong>nisi</strong></span> <span class='ocrx_word' id='word_1_208' title='bbox 955 2638 1001 2694; x_wconf 88' lang='lat' dir='ltr'><strong>vis</strong></span> <span class='ocrx_word' id='word_1_209' title='bbox 1024 2641 1219 2695; x_wconf 82' lang='lat' dir='ltr'><strong>eonsenteneu</strong></span> <span class='ocrx_word' id='word_1_210' title='bbox 1241 2652 1293 2712; x_wconf 87' lang='lat' dir='ltr'><strong>ap·</strong></span> 
     </span>
     <span class='ocr_line' id='line_1_25' title="bbox 217 2732 1293 2812; baseline 0 -19"><span class='ocrx_word' id='word_1_211' title='bbox 217 2736 358 2810; x_wconf 86' lang='lat' dir='ltr'><strong>pilnetur‚</strong></span> <span class='ocrx_word' id='word_1_212' title='bbox 371 2751 448 2812; x_wconf 88' lang='lat' dir='ltr'><strong>quae</strong></span> <span class='ocrx_word' id='word_1_213' title='bbox 466 2737 530 2795; x_wconf 87' lang='lat' dir='ltr'><strong>elus</strong></span> <span class='ocrx_word' id='word_1_214' title='bbox 549 2737 725 2812; x_wconf 80' lang='lat' dir='ltr'><strong>gravitatem</strong></span> <span class='ocrx_word' id='word_1_215' title='bbox 742 2739 868 2810; x_wconf 86' lang='lat' dir='ltr'><strong>superet.</strong></span> <span class='ocrx_word' id='word_1_216' title='bbox 890 2732 931 2792; x_wconf 75' lang='lat' dir='ltr'><strong>Ar</strong></span> <span class='ocrx_word' id='word_1_217' title='bbox 944 2749 1013 2792; x_wconf 84' lang='lat' dir='ltr'><strong>varo</strong></span> <span class='ocrx_word' id='word_1_218' title='bbox 1026 2734 1163 2794; x_wconf 85' lang='lat' dir='ltr'><strong>voluntas</strong></span> <span class='ocrx_word' id='word_1_219' title='bbox 1176 2736 1293 2809; x_wconf 81' lang='lat' dir='ltr'><strong>capuri-</strong></span> 
     </span>
     <span class='ocr_line' id='line_1_26' title="bbox 217 2830 1293 2908; baseline -0.002 -16"><span class='ocrx_word' id='word_1_220' title='bbox 217 2838 307 2892; x_wconf 84' lang='lat' dir='ltr'><strong>tatem</strong></span> <span class='ocrx_word' id='word_1_221' title='bbox 325 2831 414 2892; x_wconf 88' lang='lat' dir='ltr'><strong>babet</strong></span> <span class='ocrx_word' id='word_1_222' title='bbox 426 2832 521 2892; x_wconf 89' lang='lat' dir='ltr'><strong>limite</strong></span> <span class='ocrx_word' id='word_1_223' title='bbox 534 2840 699 2908; x_wconf 81' lang='lat' dir='ltr'><strong>carentem,</strong></span> <span class='ocrx_word' id='word_1_224' title='bbox 714 2849 769 2892; x_wconf 89' lang='lat' dir='ltr'><strong>neo</strong></span> <span class='ocrx_word' id='word_1_225' title='bbox 790 2833 845 2891; x_wconf 90' lang='lat' dir='ltr'><strong>nlsi</strong></span> <span class='ocrx_word' id='word_1_226' title='bbox 860 2833 889 2889; x_wconf 89' lang='lat' dir='ltr'><strong>iu</strong></span> <span class='ocrx_word' id='word_1_227' title='bbox 911 2831 988 2890; x_wconf 91' lang='lat' dir='ltr'><strong>bonu</strong></span> <span class='ocrx_word' id='word_1_228' title='bbox 1008 2833 1135 2891; x_wconf 85' lang='lat' dir='ltr'><strong>numeris</strong></span> <span class='ocrx_word' id='word_1_229' title='bbox 1155 2830 1293 2893; x_wconf 79' lang='lat' dir='ltr'><strong>omnibns</strong></span> 
     </span>
     <span class='ocr_line' id='line_1_27' title="bbox 217 2922 1295 3007; baseline 0.001 -19"><span class='ocrx_word' id='word_1_230' title='bbox 217 2922 353 2988; x_wconf 85' lang='lat' dir='ltr'><strong>absoluto</strong></span> <span class='ocrx_word' id='word_1_231' title='bbox 367 2930 572 3006; x_wconf 85' lang='lat' dir='ltr'><strong>expletumque</strong></span> <span class='ocrx_word' id='word_1_232' title='bbox 592 2931 761 2989; x_wconf 82' lang='lat' dir='ltr'><strong>felicitatem</strong></span> <span class='ocrx_word' id='word_1_233' title='bbox 782 2929 985 3004; x_wconf 78' lang='lat' dir='ltr'><strong>suppeditante</strong></span> <span class='ocrx_word' id='word_1_234' title='bbox 1004 2932 1193 3007; x_wconf 87' lang='lat' dir='ltr'><strong>uunquieseit.</strong></span> <span class='ocrx_word' id='word_1_235' title='bbox 1217 2930 1295 3006; x_wconf 84' lang='lat' dir='ltr'><strong>Ergo</strong></span> 
     </span>
     <span class='ocr_line' id='line_1_28' title="bbox 215 3027 1294 3103; baseline -0.001 -17"><span class='ocrx_word' id='word_1_236' title='bbox 215 3029 333 3086; x_wconf 83' lang='lat' dir='ltr'><strong>nonnisi</strong></span> <span class='ocrx_word' id='word_1_237' title='bbox 357 3027 394 3085; x_wconf 89' lang='lat' dir='ltr'><strong>ab</strong></span> <span class='ocrx_word' id='word_1_238' title='bbox 416 3027 473 3085; x_wconf 89' lang='lat' dir='ltr'><strong>boe</strong></span> <span class='ocrx_word' id='word_1_239' title='bbox 497 3030 608 3102; x_wconf 77' lang='lat' dir='ltr'><strong>rapitur</strong></span> <span class='ocrx_word' id='word_1_240' title='bbox 631 3031 805 3088; x_wconf 85' lang='lat' dir='ltr'><strong>necessario.</strong></span> <span class='ocrx_word' id='word_1_241' title='bbox 827 3027 874 3086; x_wconf 85' lang='lat' dir='ltr'><strong>Ab</strong></span> <span class='ocrx_word' id='word_1_242' title='bbox 897 3028 961 3086; x_wconf 87' lang='lat' dir='ltr'><strong>allls</strong></span> <span class='ocrx_word' id='word_1_243' title='bbox 981 3029 1070 3103; x_wconf 89' lang='lat' dir='ltr'><strong>igitur</strong></span> <span class='ocrx_word' id='word_1_244' title='bbox 1092 3028 1196 3100; x_wconf 87' lang='lat' dir='ltr'><strong>bunis,</strong></span> <span class='ocrx_word' id='word_1_245' title='bbox 1217 3043 1294 3102; x_wconf 89' lang='lat' dir='ltr'><strong>quae</strong></span> 
     </span>
     <span class='ocr_line' id='line_1_29' title="bbox 216 3125 1293 3201; baseline -0.005 -16"><span class='ocrx_word' id='word_1_246' title='bbox 216 3142 272 3185; x_wconf 83' lang='lat' dir='ltr'><strong>noe</strong></span> <span class='ocrx_word' id='word_1_247' title='bbox 285 3125 409 3186; x_wconf 82' lang='lat' dir='ltr'><strong>felleitas</strong></span> <span class='ocrx_word' id='word_1_248' title='bbox 422 3131 493 3184; x_wconf 87' lang='lat' dir='ltr'><strong>sunt</strong></span> <span class='ocrx_word' id='word_1_249' title='bbox 506 3141 601 3201; x_wconf 85' lang='lat' dir='ltr'><strong>neque</strong></span> <span class='ocrx_word' id='word_1_250' title='bbox 614 3141 682 3184; x_wconf 90' lang='lat' dir='ltr'><strong>eum</strong></span> <span class='ocrx_word' id='word_1_251' title='bbox 696 3126 748 3186; x_wconf 92' lang='lat' dir='ltr'><strong>illa</strong></span> <span class='ocrx_word' id='word_1_252' title='bbox 764 3128 927 3185; x_wconf 79' lang='lat' dir='ltr'><strong>necessario</strong></span> <span class='ocrx_word' id='word_1_253' title='bbox 941 3131 1113 3200; x_wconf 79' lang='lat' dir='ltr'><strong>nectuntur,</strong></span> <span class='ocrx_word' id='word_1_254' title='bbox 1128 3125 1293 3184; x_wconf 80' lang='lat' dir='ltr'><strong>necessario</strong></span> 
     </span>
     <span class='ocr_line' id='line_1_30' title="bbox 215 3224 1297 3301; baseline -0.003 -19"><span class='ocrx_word' id='word_1_255' title='bbox 215 3224 344 3300; x_wconf 70' lang='lat' dir='ltr'><strong>pertram</strong></span> <span class='ocrx_word' id='word_1_256' title='bbox 365 3227 476 3300; x_wconf 89' lang='lat' dir='ltr'><strong>nequit.</strong></span> <span class='ocrx_word' id='word_1_257' title='bbox 501 3224 531 3282; x_wconf 91' lang='lat' dir='ltr'><strong>Si</strong></span> <span class='ocrx_word' id='word_1_258' title='bbox 552 3226 642 3300; x_wconf 88' lang='lat' dir='ltr'><strong>igitur</strong></span> <span class='ocrx_word' id='word_1_259' title='bbox 660 3241 696 3284; x_wconf 85' lang='lat' dir='ltr'><strong>ea</strong></span> <span class='ocrx_word' id='word_1_260' title='bbox 715 3225 817 3301; x_wconf 80' lang='lat' dir='ltr'><strong>eligit,</strong></span> <span class='ocrx_word' id='word_1_261' title='bbox 838 3226 870 3284; x_wconf 91' lang='lat' dir='ltr'><strong>ln</strong></span> <span class='ocrx_word' id='word_1_262' title='bbox 890 3229 1005 3284; x_wconf 89' lang='lat' dir='ltr'><strong>tantum</strong></span> <span class='ocrx_word' id='word_1_263' title='bbox 1027 3224 1126 3299; x_wconf 85' lang='lat' dir='ltr'><strong>eligit,</strong></span> <span class='ocrx_word' id='word_1_264' title='bbox 1147 3225 1179 3280; x_wconf 88' lang='lat' dir='ltr'><strong>lu</strong></span> <span class='ocrx_word' id='word_1_265' title='bbox 1199 3235 1297 3298; x_wconf 81' lang='lat' dir='ltr'><strong>quan·</strong></span> 
     </span>
    </p>
   </div>
   <div class='ocr_carea' id='block_1_5' title="bbox 103 3319 695 3382">
    <p class='ocr_par' dir='ltr' id='par_1_6' title="bbox 103 3319 695 3382">
     <span class='ocr_line' id='line_1_31' title="bbox 103 3319 695 3382; baseline -0.002 0"><span class='ocrx_word' id='word_1_266' title='bbox 103 3319 109 3329; x_wconf 82' lang='grc'><strong>“</strong></span> <span class='ocrx_word' id='word_1_267' title='bbox 215 3329 279 3382; x_wconf 89' lang='lat' dir='ltr'><strong>tum</strong></span> <span class='ocrx_word' id='word_1_268' title='bbox 301 3322 390 3380; x_wconf 91' lang='lat' dir='ltr'><strong>libere</strong></span> <span class='ocrx_word' id='word_1_269' title='bbox 410 3322 447 3381; x_wconf 87' lang='lat' dir='ltr'><strong>ad</strong></span> <span class='ocrx_word' id='word_1_270' title='bbox 468 3322 521 3382; x_wconf 88' lang='lat' dir='ltr'><strong>illa</strong></span> <span class='ocrx_word' id='word_1_271' title='bbox 540 3337 572 3381; x_wconf 87' lang='lat' dir='ltr'><strong>se</strong></span> <span class='ocrx_word' id='word_1_272' title='bbox 591 3322 695 3382; x_wconf 78' lang='lat' dir='ltr'><strong>lleotb.</strong></span> 
     </span>
    </p>
   </div>
   <div class='ocr_carea' id='block_1_6' title="bbox 139 3413 1297 4089">
    <p class='ocr_par' dir='ltr' id='par_1_7' title="bbox 139 3413 1297 4089">
     <span class='ocr_line' id='line_1_32' title="bbox 276 3413 1292 3481; baseline -0.005 -2"><span class='ocrx_word' id='word_1_273' title='bbox 276 3413 429 3481; x_wconf 82' lang='lat' dir='ltr'><strong>Praete&#39;rea</strong></span> <span class='ocrx_word' id='word_1_274' title='bbox 449 3423 491 3480; x_wconf 91' lang='lat' dir='ltr'><strong>ita</strong></span> <span class='ocrx_word' id='word_1_275' title='bbox 512 3437 545 3480; x_wconf 91' lang='lat' dir='ltr'><strong>se</strong></span> <span class='ocrx_word' id='word_1_276' title='bbox 565 3421 654 3480; x_wconf 88' lang='lat' dir='ltr'><strong>habet</strong></span> <span class='ocrx_word' id='word_1_277' title='bbox 674 3419 811 3480; x_wconf 80' lang='lat' dir='ltr'><strong>voluntas</strong></span> <span class='ocrx_word' id='word_1_278' title='bbox 832 3419 977 3479; x_wconf 85' lang='lat' dir='ltr'><strong>adfinem</strong></span> <span class='ocrx_word' id='word_1_279' title='bbox 996 3425 1027 3477; x_wconf 90' lang='lat' dir='ltr'><strong>et</strong></span> <span class='ocrx_word' id='word_1_280' title='bbox 1046 3419 1085 3478; x_wconf 84' lang='lat' dir='ltr'><strong>arl</strong></span> <span class='ocrx_word' id='word_1_281' title='bbox 1105 3417 1201 3476; x_wconf 87' lang='lat' dir='ltr'><strong>media</strong></span> <span class='ocrx_word' id='word_1_282' title='bbox 1220 3416 1292 3475; x_wconf 82' lang='lat' dir='ltr'><strong>illuc</strong></span> 
     </span>
     <span class='ocr_line' id='line_1_33' title="bbox 215 3513 1294 3594; baseline -0.006 -17"><span class='ocrx_word' id='word_1_283' title='bbox 215 3519 370 3593; x_wconf 81' lang='lat' dir='ltr'><strong>(lucentia,</strong></span> <span class='ocrx_word' id='word_1_284' title='bbox 383 3527 418 3578; x_wconf 90' lang='lat' dir='ltr'><strong>ut</strong></span> <span class='ocrx_word' id='word_1_285' title='bbox 430 3519 595 3578; x_wconf 81' lang='lat' dir='ltr'><strong>intellectus</strong></span> <span class='ocrx_word' id='word_1_286' title='bbox 609 3518 648 3578; x_wconf 87' lang='lat' dir='ltr'><strong>ad</strong></span> <span class='ocrx_word' id='word_1_287' title='bbox 661 3520 756 3594; x_wconf 82' lang='lat' dir='ltr'><strong>prima</strong></span> <span class='ocrx_word' id='word_1_288' title='bbox 776 3519 921 3594; x_wconf 80' lang='lat' dir='ltr'><strong>principia</strong></span> <span class='ocrx_word' id='word_1_289' title='bbox 943 3523 971 3577; x_wconf 89' lang='lat' dir='ltr'><strong>et</strong></span> <span class='ocrx_word' id='word_1_290' title='bbox 991 3515 1136 3576; x_wconf 88' lang='lat' dir='ltr'><strong>illationes</strong></span> <span class='ocrx_word' id='word_1_291' title='bbox 1156 3515 1224 3572; x_wconf 88' lang='lat' dir='ltr'><strong>lude</strong></span> <span class='ocrx_word' id='word_1_292' title='bbox 1244 3513 1294 3572; x_wconf 87' lang='lat' dir='ltr'><strong>de-</strong></span> 
     </span>
     <span class='ocr_line' id='line_1_34' title="bbox 216 3612 1297 3692; baseline -0.006 -17"><span class='ocrx_word' id='word_1_293' title='bbox 216 3620 336 3676; x_wconf 85' lang='lat' dir='ltr'><strong>rivatas.</strong></span> <span class='ocrx_word' id='word_1_294' title='bbox 358 3619 399 3677; x_wconf 84' lang='lat' dir='ltr'><strong>At</strong></span> <span class='ocrx_word' id='word_1_295' title='bbox 418 3619 582 3692; x_wconf 82' lang='lat' dir='ltr'><strong>iutelleetus</strong></span> <span class='ocrx_word' id='word_1_296' title='bbox 604 3619 642 3677; x_wconf 82' lang='lat' dir='ltr'><strong>ud</strong></span> <span class='ocrx_word' id='word_1_297' title='bbox 663 3632 816 3676; x_wconf 85' lang='lat' dir='ltr'><strong>assensum</strong></span> <span class='ocrx_word' id='word_1_298' title='bbox 835 3631 895 3688; x_wconf 86' lang='lat' dir='ltr'><strong>nun</strong></span> <span class='ocrx_word' id='word_1_299' title='bbox 913 3615 1043 3690; x_wconf 78' lang='lat' dir='ltr'><strong>sugitur,</strong></span> <span class='ocrx_word' id='word_1_300' title='bbox 1058 3614 1115 3672; x_wconf 89' lang='lat' dir='ltr'><strong>nlsl</strong></span> <span class='ocrx_word' id='word_1_301' title='bbox 1137 3613 1183 3671; x_wconf 81' lang='lat' dir='ltr'><strong>uel</strong></span> <span class='ocrx_word' id='word_1_302' title='bbox 1204 3612 1297 3686; x_wconf 88' lang='lat' dir='ltr'><strong>apri·</strong></span> 
     </span>
     <span class='ocr_line' id='line_1_35' title="bbox 215 3716 1294 3792; baseline -0.006 -18"><span class='ocrx_word' id='word_1_303' title='bbox 215 3719 272 3774; x_wconf 82' lang='lat' dir='ltr'><strong>mis</strong></span> <span class='ocrx_word' id='word_1_304' title='bbox 292 3718 444 3792; x_wconf 83' lang='lat' dir='ltr'><strong>principiis</strong></span> <span class='ocrx_word' id='word_1_305' title='bbox 466 3718 511 3776; x_wconf 89' lang='lat' dir='ltr'><strong>vel</strong></span> <span class='ocrx_word' id='word_1_306' title='bbox 533 3717 571 3776; x_wconf 89' lang='lat' dir='ltr'><strong>ab</strong></span> <span class='ocrx_word' id='word_1_307' title='bbox 591 3716 771 3775; x_wconf 87' lang='lat' dir='ltr'><strong>illationibus</strong></span> <span class='ocrx_word' id='word_1_308' title='bbox 786 3717 838 3788; x_wconf 87' lang='lat' dir='ltr'><strong>iis,</strong></span> <span class='ocrx_word' id='word_1_309' title='bbox 853 3730 929 3790; x_wconf 90' lang='lat' dir='ltr'><strong>quae</strong></span> <span class='ocrx_word' id='word_1_310' title='bbox 949 3716 974 3771; x_wconf 91' lang='lat' dir='ltr'><strong>sl</strong></span> <span class='ocrx_word' id='word_1_311' title='bbox 997 3727 1081 3772; x_wconf 81' lang='lat' dir='ltr'><strong>verae</strong></span> <span class='ocrx_word' id='word_1_312' title='bbox 1100 3727 1159 3770; x_wconf 89' lang='lat' dir='ltr'><strong>nou</strong></span> <span class='ocrx_word' id='word_1_313' title='bbox 1180 3716 1294 3785; x_wconf 79' lang='lat' dir='ltr'><strong>essent,</strong></span> 
     </span>
     <span class='ocr_line' id='line_1_36' title="bbox 139 3806 1294 3891; baseline -0.014 -11"><span class='ocrx_word' id='word_1_314' title='bbox 139 3877 143 3880; x_wconf 80' lang='grc'><em>.</em></span> <span class='ocrx_word' id='word_1_315' title='bbox 214 3817 360 3891; x_wconf 81' lang='lat' dir='ltr'><strong>principia</strong></span> <span class='ocrx_word' id='word_1_316' title='bbox 380 3819 469 3875; x_wconf 87' lang='lat' dir='ltr'><strong>etiam</strong></span> <span class='ocrx_word' id='word_1_317' title='bbox 485 3819 609 3875; x_wconf 86' lang='lat' dir='ltr'><strong>veritate</strong></span> <span class='ocrx_word' id='word_1_318' title='bbox 622 3816 861 3873; x_wconf 79' lang='lat' dir='ltr'><strong>destituerentur.</strong></span> <span class='ocrx_word' id='word_1_319' title='bbox 884 3811 962 3887; x_wconf 87' lang='lat' dir='ltr'><strong>Ergo</strong></span> <span class='ocrx_word' id='word_1_320' title='bbox 977 3813 1090 3869; x_wconf 88' lang='lat' dir='ltr'><strong>ratione</strong></span> <span class='ocrx_word' id='word_1_321' title='bbox 1109 3811 1174 3884; x_wconf 87' lang='lat' dir='ltr'><strong>pari</strong></span> <span class='ocrx_word' id='word_1_322' title='bbox 1188 3806 1294 3865; x_wconf 86' lang='lat' dir='ltr'><strong>volun-</strong></span> 
     </span>
     <span class='ocr_line' id='line_1_37' title="bbox 213 3903 1296 3988; baseline -0.011 -15"><span class='ocrx_word' id='word_1_323' title='bbox 213 3920 260 3973; x_wconf 86' lang='lat' dir='ltr'><strong>tas</strong></span> <span class='ocrx_word' id='word_1_324' title='bbox 274 3931 291 3974; x_wconf 93' lang='lat' dir='ltr'><strong>a</strong></span> <span class='ocrx_word' id='word_1_325' title='bbox 305 3914 364 3973; x_wconf 89' lang='lat' dir='ltr'><strong>line</strong></span> <span class='ocrx_word' id='word_1_326' title='bbox 383 3921 499 3976; x_wconf 87' lang='lat' dir='ltr'><strong>tantum</strong></span> <span class='ocrx_word' id='word_1_327' title='bbox 520 3915 684 3974; x_wconf 86' lang='lat' dir='ltr'><strong>neeessario</strong></span> <span class='ocrx_word' id='word_1_328' title='bbox 705 3914 835 3988; x_wconf 87' lang='lat' dir='ltr'><strong>rapitur,</strong></span> <span class='ocrx_word' id='word_1_329' title='bbox 850 3917 880 3970; x_wconf 86' lang='lat' dir='ltr'><strong>et</strong></span> <span class='ocrx_word' id='word_1_330' title='bbox 900 3925 918 3968; x_wconf 85' lang='lat' dir='ltr'><strong>a</strong></span> <span class='ocrx_word' id='word_1_331' title='bbox 938 3908 1057 3982; x_wconf 81' lang='lat' dir='ltr'><strong>mediis,</strong></span> <span class='ocrx_word' id='word_1_332' title='bbox 1071 3921 1148 3982; x_wconf 86' lang='lat' dir='ltr'><strong>quae</strong></span> <span class='ocrx_word' id='word_1_333' title='bbox 1167 3907 1192 3964; x_wconf 88' lang='lat' dir='ltr'><strong>ai</strong></span> <span class='ocrx_word' id='word_1_334' title='bbox 1213 3903 1296 3962; x_wconf 83' lang='lat' dir='ltr'><strong>‹lees-</strong></span> 
     </span>
     <span class='ocr_line' id='line_1_38' title="bbox 214 4008 1293 4089; baseline -0.007 -21"><span class='ocrx_word' id='word_1_335' title='bbox 214 4017 294 4088; x_wconf 82' lang='lat' dir='ltr'><strong>sent,</strong></span> <span class='ocrx_word' id='word_1_336' title='bbox 309 4012 377 4073; x_wconf 85' lang='lat' dir='ltr'><strong>linis</strong></span> <span class='ocrx_word' id='word_1_337' title='bbox 397 4017 458 4089; x_wconf 89' lang='lat' dir='ltr'><strong>ipse</strong></span> <span class='ocrx_word' id='word_1_338' title='bbox 480 4014 670 4073; x_wconf 75' lang='lat' dir='ltr'><strong>frustraretur</strong></span> <span class='ocrx_word' id='word_1_339' title='bbox 691 4017 810 4070; x_wconf 80' lang='lat' dir='ltr'><strong>eventu.</strong></span> <span class='ocrx_word' id='word_1_340' title='bbox 834 4009 899 4069; x_wconf 69' lang='lat' dir='ltr'><strong>illia</strong></span> <span class='ocrx_word' id='word_1_341' title='bbox 919 4011 1025 4088; x_wconf 82' lang='lat' dir='ltr'><strong>igitur,</strong></span> <span class='ocrx_word' id='word_1_342' title='bbox 1045 4019 1120 4082; x_wconf 86' lang='lat' dir='ltr'><strong>quae</strong></span> <span class='ocrx_word' id='word_1_343' title='bbox 1140 4019 1199 4062; x_wconf 88' lang='lat' dir='ltr'><strong>non</strong></span> <span class='ocrx_word' id='word_1_344' title='bbox 1221 4008 1293 4062; x_wconf 85' lang='lat' dir='ltr'><strong>sunt</strong></span> 
     </span>
    </p>
   </div>
   <div class='ocr_carea' id='block_1_7' title="bbox 0 0 1450 4425">
    <p class='ocr_par' dir='ltr' id='par_1_8' title="bbox 0 0 1450 4425">
     <span class='ocr_line' id='line_1_39' title="bbox 0 0 1450 4425; baseline 0 1"><span class='ocrx_word' id='word_1_345' title='bbox 0 0 1450 4425; x_wconf 95' lang='lat' dir='ltr'><strong> </strong></span> 
     </span>
    </p>
   </div>
  </div>
 </body>
</html>
