2892 4425
437 366 514 411 PARS
535 366 655 409 mm
667 320 688 395 '·
710 367 929 415 HYGEOLOGU
1165 362 1221 416 189

146 476 259 553 mundo
277 472 336 533 dici
355 480 464 548 poaaat.
483 471 559 533 Nam
582 480 699 549 practer
724 490 831 535 oenaua
847 482 1006 553 antemna,
1028 479 1079 553 qui
1102 484 1224 539 externa

147 585 269 647 corpora
299 572 331 629 lu
357 584 412 628 noa
431 568 584 630 influentia
603 572 779 647 recpicinnt,
810 572 943 647 prolecto
973 573 1055 635 adeat
1075 575 1160 637 nabin
1179 579 1224 638 vla

146 668 290 731 mundi
304 682 411 743 corpur
430 669 528 742 lpaurn
544 673 696 744 nentrum,
712 670 834 745 duaque
855 686 978 747 organa,
999 678 1143 749 qnatenus
1162 674 1226 735 rita

148 766 277 845 gautht
295 771 326 826 at
350 764 429 825 hona
450 765 495 825 vel
517 766 595 826 maia
612 766 801 843 dispositione
820 766 1094 829 alliciuntur.·lloc
1115 772 1226 833 nemini

147 864 269 926 &Num
288 868 343 924 eat.
363 862 441 923 Nam
460 865 585 956 qouque
611 866 761 941 experitur
780 880 813 925 aa
831 868 1038 943 peramtaeaaa
1056 874 1121 929 tum
1144 869 1225 929 dein·

146 962 318 1039 ligationem
339 966 371 1020 et
398 960 514 1036 pondua
536 963 647 1037 propril
673 964 826 1039 corporis,
849 968 913 1023 tum
936 966 1129 1024 ratiatentiun
1157 966 1224 1042 plna

105 1102 109 1110 .
147 1059 284 1118 minuare
299 1056 494 1133 superandam
512 1072 603 1135 qnam
617 1061 740 1134 opponit
757 1058 870 1120 actibus
888 1060 1064 1137 voluntatis,
1085 1067 1149 1122 tum
1172 1078 1223 1123 ru·
1327 1055 1332 1072 ‘

148 1156 209 1215 rica
225 1154 414 1231 indigentias,
426 1153 534 1230 qubus
542 1156 701 1231 premitur,
724 1161 756 1215 et
775 1171 902 1232 qnamm
924 1158 1092 1219 sollicitatio
1109 1159 1157 1219 vel
1175 1174 1224 1221 aa·

147 1250 277 1311 tlaiacdo
294 1250 512 1311 incommodum
533 1251 580 1312 vel
602 1250 791 1311 commodum
806 1254 870 1313 olna
894 1258 1003 1315 etatum
1026 1256 1221 1316 oonodtnunt.

149 1345 259 1409 Sanoua
276 1347 435 1424 alnaruodi,
450 1350 501 1425 qul
519 1350 574 1407 toti
594 1350 715 1424 corpori
733 1349 878 1426 inhaeret,
891 1357 922 1411 et
944 1366 997 1427 pro
1009 1348 1122 1412 obiecto
1134 1352 1223 1412 hahet

148 1446 244 1520 ipaurn
262 1460 368 1521 corpur
387 1447 452 1504 rita
464 1444 641 1521 praeditum,
658 1460 763 1508 amana
784 1447 918 1507 internus
938 1450 1001 1507 inre
1021 1449 1202 1509 nominatur.

209 1540 250 1601 Aa
268 1548 417 1617 praeterea
433 1547 478 1602 eet
497 1543 529 1601 ln
551 1542 713 1617 animante,
730 1541 833 1609 saltam
858 1544 1005 1621 warocio,
1034 1544 1159 1605 lacultaa
1178 1560 1223 1605 re·

148 1638 326 1714 producendi
347 1640 528 1699 mnudouea
547 1645 616 1697 ante
635 1638 752 1699 habim
767 1681 778 1717 ,
795 1641 883 1701 atium
903 1656 970 1701 curu
991 1640 1105 1702 oblecta
1122 1656 1223 1703 aarum

149 1734 491 1812 annuutsicpuatquam
507 1736 669 1813 elegantem
681 1739 838 1813 picturam,
851 1744 902 1797 aut
919 1738 1110 1799 artlilcloaum
1127 1738 1225 1801 aedili·

148 1834 227 1893 dum
246 1835 472 1910 conspeximus,
499 1836 588 1894 otium
609 1828 686 1893 com'
701 1832 837 1909 deinceps
861 1834 943 1895 illinc
967 1835 1161 1913 ducedlmua,
1178 1852 1225 1897 aa·

149 1929 282 1990 rumdam
294 1945 394 1990 aarum
404 1932 548 2006 imagines
559 1944 732 1991 revocamus
748 1945 783 1989 ac
797 1930 878 1991 velat
891 1934 921 1989 iu
936 1932 1021 1993 nobis
1034 1936 1105 2007 ipris
1118 1936 1223 1993 lterum

148 2031 332 2086 contuemur.
355 2025 487 2100 ltamquo
511 2041 549 2084 ex
568 2027 619 2100 lla,
633 2041 709 2102 quae
734 2025 868 2087 aenalbua
890 2028 965 2087 alian
993 2031 1223 2105 usurpavimua,

148 2136 357 2196 munuera
379 2128 475 2183 totum
496 2121 659 2182 condamus
682 2123 821 2199 aliquod,
843 2125 891 2183 cui
914 2124 1027 2185 nullum
1049 2130 1224 2202 prototypon

149 2220 324 2296 respondeat
341 2223 373 2280 ln
392 2227 509 2280 nutura.
526 2218 575 2280 Sic
589 2236 638 2280 ex.
659 2236 705 2298 gr.
724 2227 821 2296 panea
834 2220 1015 2280 diversarum
1037 2237 1134 2282 rernm
1147 2237 1225 2283 com·

149 2320 310 2392 muitarum
332 2324 385 2378 aut
403 2319 578 2394 qualitates,
597 2334 675 2395 quaa
691 2318 924 2395 Qrcmntihua
944 2319 1082 2380 subiectis
1102 2323 1223 2399 insunt,

149 2430 209 2474 nna
227 2417 449 2492 coniungimur,
474 2421 561 2492 anua
579 2417 623 2475 ita
645 2421 774 2476 montem
796 2431 940 2491 aureum,
964 2422 1017 2476 aut
1037 2415 1225 2494 aphyogam,

149 2517 202 2572 aut
220 2513 332 2571 alatum
352 2527 461 2587 equum
481 2513 580 2571 animo
602 2512 845 2587 cuuurnplamur.
869 2512 1028 2588 Facultaa,
1052 2525 1127 2588 quae
1151 2515 1225 2572 eiua·

75 2600 91 2620 ⁸
149 2608 230 2668 modi
249 2607 355 2683 duplex
374 2624 483 2669 munus
502 2615 635 2686 ueneat,
653 2611 818 2685 promiscua
837 2611 1014 2687 imploratio
1031 2609 1079 2669 rol
1091 2607 1226 2686 plicatu·

148 2708 197 2765 aiu
213 2706 391 2766 nominatur.
412 2706 546 2779 Quorum
562 2707 715 2766 nominum
733 2721 769 2766 ea
782 2712 828 2768 cat
845 2709 939 2783 origo,
951 2704 1034 2782 'quod
1055 2701 1229 2784 imaginatio
1351 2754 1354 2762 .

149 2803 230 2862 dictu
249 2804 289 2864 alt
304 2807 374 2879 qula
395 2819 494 2864 rerum
514 2804 606 2863 veluti
624 2809 724 2864 cernat
747 2809 776 2863 at
799 2803 934 2879 producit
951 2805 1107 2880 imagines3
1132 2802 1226 2878 phane

149 2901 227 2959 mla
241 2905 339 2960 autem
359 2916 378 2959 a
395 2915 502 2976 macc
526 2893 599 2959 voce
618 2902 764 2976 φακόζα,
781 2905 898 2976 propter
916 2900 1039 2960 undem
1062 2902 1225 2977 rationem,

148 2997 221 3070 quia
240 3011 344 3071 nempe
359 2995 541 3056 obiectorum
563 2998 760 3072 apparitiones
777 2999 808 3056 in
828 2996 912 3056 noble
933 2999 1019 3057 eistat
1038 3013 1073 3058 ac
1093 3003 1223 3058 renovat.
1256 3071 1261 3076 ι

208 3089 267 3151 Sed
284 3092 427 3153 olarluda
443 3087 563 3168 'gradu
589 3109 665 3169 qnae
685 3093 724 3153 dc
752 3094 860 3171 duplici
886 3093 942 3154 hac
970 3094 1108 3156 facultate
1134 3094 1226 3170 expli·

148 3187 244 3247 caum
262 3196 430 3266 caparrum,
453 3189 548 3250 ulhua
566 3190 760 3268 paragraphis
778 3192 950 3252 innuamus.

683 3401 705 3455 l.

175 3588 281 3642 Sanoua
297 3588 429 3642 latemur
447 3584 585 3656 muudi
605 3602 663 3642 non
679 3587 764 3644 dedet
781 3603 847 3643 cum
864 3603 948 3644 censu
959 3585 1197 3659 suadumerltuli,

386 3698 471 3754 poem
487 3683 621 3740 nonnulli
639 3697 800 3756 perparum
817 3683 987 3742 obtrudunt.

207 3875 259 3928 tt.
279 3867 357 3930 Sunt
374 3872 426 3948 qni
451 3873 609 3948 opinantur
635 3828 750 3949 praeta
774 3887 879 3934 warna
904 3881 1088 3936 muneratos
1109 3891 1173 3936 ease
1192 3878 1223 3935 lu

146 3963 232 4024 noble
252 3979 372 4028 anuum
392 3965 520 4046 aliquam
540 3968 802 4047 lundomentaleni,
821 3973 872 4047 qul
891 3973 1022 4032 omnium
1041 3975 1078 4032 sil
1099 3972 1182 4032 radix
1197 3979 1226 4033 ei
