2892 4425
563 294 620 362 ssu
643 317 821 363 orroeonra
1171 311 1223 362 toi

149 431 297 507 corporis,
316 428 395 505 quod
408 431 539 488 conduct
557 430 703 504 seipsam,
723 442 798 503 quas
817 430 892 486 inter
906 425 1069 487 substantia
1087 425 1168 488 iilius
1187 443 1231 487 rc·

150 548 220 591 vers
238 529 361 588 iocatur.
378 527 415 586 Et
432 543 504 586 saue
518 543 586 586 cum
603 529 731 602 spatium
746 527 839 586 metiri
856 525 1009 603 volamus,
1028 525 1107 586 alind
1129 541 1230 586 msera

148 645 208 688 non
229 625 366 701 iacimus,
388 627 445 684 nisi
458 624 539 701 quod
556 625 713 684 distantias
726 639 775 682 eas
793 622 985 700 dimetamus,
999 639 1074 700 qnae
1088 631 1139 684 aut
1155 626 1231 684 inter

148 732 295 784 extremas
306 729 403 798 partas
416 722 634 798 superficierum
648 721 777 780 eiusdem
792 722 940 797 corporis,
954 728 1005 780 aut
1017 724 1094 780 inter
1108 721 1229 798 sumrss·

148 825 207 881 cies
220 821 342 880 atterius
361 822 512 894 corporis,
527 820 608 894 quod
626 819 700 878 iilud
713 817 821 894 ambit,
834 818 1026 879 intercedunt.
1049 819 1231 896 Quapropter

149 922 278 995 spatium
292 918 369 976 resie
382 934 440 976 ooo
454 925 499 976 cst
511 917 622 994 aliquid
642 916 808 976 ahsolutum
829 915 868 975 eh
893 912 964 991 ipsis
987 917 1157 992 corporibus
1183 933 1232 976 ex-

150 1019 281 1076 tensione
306 1014 515 1091 gaudentibus,
544 1015 596 1074 sed
621 1014 765 1074 obiectiue
794 1016 929 1073 consistit
960 1015 989 1072 ia
1021 1015 1092 1090 ipsis
1120 1015 1231 1074 dimen-

151 1113 281 1173 sionibus
302 1115 479 1171 extensionis
492 1113 581 1188 iliius,
608 1119 694 1188 proni
718 1114 792 1170 inter
810 1127 842 1170 se
859 1110 971 1170 distant
991 1119 1020 1172 et
1037 1111 1232 1172 substantiam

151 1213 300 1286 corporis,
314 1209 393 1286 quod
408 1209 554 1286 aiilciuat,
571 1212 731 1269 contineat.
743 1209 814 1284 hut,
829 1211 854 1268 si
868 1191 905 1270 d'e
918 1213 1013 1284 spatio
1034 1225 1091 1268 uon
1107 1211 1232 1287 inurao,

151 1307 203 1366 sed
222 1313 346 1365 esterno
378 1322 474 1366 sermo
500 1314 564 1383 est,
592 1306 860 1367 adimensionibus
890 1309 1077 1366 constituitur
1105 1309 1234 1383 corporis

152 1405 389 1478 circumstantis,
409 1411 496 1479 prout
515 1404 553 1463 ad
567 1420 674 1479 corpus
690 1403 771 1463 aliud
784 1407 859 1464 inter
877 1404 944 1464 ilias
959 1405 1162 1464 collocandum
1190 1419 1234 1464 ra·

153 1501 300 1560 feruntur.
332 1501 465 1561 Vacuum
497 1517 566 1560 vero
594 1501 674 1577 quod
701 1503 777 1562 tumr
801 1518 851 1561 aas
875 1509 1056 1579 superesset,
1080 1503 1105 1562 si
1126 1519 1233 1580 corpas

153 1605 322 1658 nomentum
340 1602 370 1658 ia
389 1599 513 1659 nihilum
533 1599 840 1676 redigereturrrerera
857 1600 929 1660 nihii
944 1608 1000 1678 est,
1021 1608 1050 1661 et
1066 1603 1097 1660 in
1117 1606 1233 1661 tantum

153 1713 306 1757 mensurae
334 1713 427 1773 capax
448 1699 627 1772 concipitur,
650 1699 680 1754 in
709 1703 852 1773 quantum
882 1680 1036 1758 distantiae
1061 1714 1233 1775 corporum,

152 1811 229 1870 quae
248 1793 322 1852 iilud
340 1781 733 1872 intercipiunt„cogitantur,
757 1795 801 1854 vei
821 1797 966 1874 cogitetur
986 1799 1117 1858 extemis
1135 1813 1237 1874 corpo·

155 1893 208 1970 ris,
230 1891 310 1969 quod
329 1893 369 1951 ihi
388 1894 477 1952 iocari
496 1900 604 1968 posset.
730 1943 733 1948 i

214 1989 259 2048 lix
286 1989 342 2047 hac
360 1992 452 2067 spatii
478 1989 569 2048 καίει
589 1992 731 2067 notione,
754 2005 843 2072 qaam
872 1990 1087 2076 apprehendero
1105 1991 1234 2051 solemus

154 2091 185 2146 ia
199 2086 383 2162 corporibus,
397 2086 435 2145 ad
454 2091 548 2164 spotti
561 2090 739 2164 imupr'oort'i
749 2095 921 2164 conseptum
938 2090 1122 2166 assurgimus
1132 2107 1141 2164 3
1153 2089 1232 2164 quod

155 2187 337 2261 concipimus
349 2185 438 2245 veluti
454 2186 848 2262 capacitatem-locandorum
869 2201 1046 2263 corporum,
1061 2187 1125 2247 sine
1138 2192 1236 2247 muta·

156 2285 235 2341 tione
252 2289 306 2341 unt
324 2286 468 2358 terminia,
489 2286 574 2361 eique
593 2266 782 2361 imaginando
802 2286 909 2344 trinam
931 2282 1064 2343 addimus
1085 2284 1237 2343 dimensio·

155 2397 243 2457 nem,
265 2382 468 2459 longitudinis,
491 2382 672 2459 latitudinis,
692 2382 867 2458 altitudinis,
887 2398 922 2441 eo
943 2382 1035 2440 ferme
1055 2381 1157 2458 modo,
1180 2398 1241 2459 quo
1278 2418 1285 2433 =

156 2496 223 2538 eam
251 2485 320 2539 acin
339 2479 583 2555 apprehendimus
607 2484 638 2539 io
664 2486 781 2539 natura.
810 2480 917 2539 Verum
944 2478 992 2537 hic
1017 2485 1173 2554 conceptus
1193 2482 1237 2539 ui·

158 2576 200 2636 hii
230 2577 308 2635 reale
336 2584 421 2637 extra
444 2581 650 2655 cogitationem
673 2580 800 2653 positum
823 2592 926 2636 revera
946 2581 1162 2653 repraesentat3
1184 2576 1235 2636 sed

158 2676 266 2751 partim
277 2692 314 2734 ex
326 2677 443 2734 notione
456 2676 657 2751 possibilitatis
674 2675 840 2753 cuiusdam,
852 2678 957 2751 partim
977 2692 1013 2734 ex
1032 2673 1239 2749 phantesmata

160 2773 385 2849 imaginationis·
392 2776 588 2849 componitur.
605 2774 680 2833 Nam
694 2779 838 2851 quatenus
853 2776 1042 2849 capacitatem
1057 2770 1240 2832 coiiocando·

162 2887 227 2930 rum
248 2887 402 2945 corporum
424 2872 619 2948 amplectitur,
634 2873 675 2930 nil
694 2872 774 2931 aliud
798 2888 898 2949 reapse
915 2872 1045 2947 exhibet,
1067 2872 1122 2929 uisi
1145 2872 1239 2947 ipsam

161 2968 382 3043 possibilitatem
411 2972 497 3043 spatii
532 2970 640 3045 realis,
663 2969 742 3046 quod
771 2972 903 3045 proxime
932 2970 1147 3045 descripsimus.
1176 2968 1239 3027 iloc

125 3092 131 3103 ·
163 3067 226 3139 ipso
237 3067 315 3125 enim
329 3066 407 3141 quod
426 3081 549 3141 corpora
565 3072 634 3124 sunt
653 3066 814 3143 possibilia,
834 3082 867 3125 ac
885 3070 909 3126 si
929 3070 1097 3141 existerent,
1113 3068 1240 3142 spatium

165 3164 240 3222 reale
259 3162 451 3239 praeberent3
468 3166 531 3223 eius
549 3166 694 3238 capacitas
710 3178 762 3224 seu
784 3164 959 3240 possibilitas
976 3170 1071 3223 mente
1090 3162 1242 3223 iniormari

163 3268 268 3335 potest.
296 3260 335 3319 Et
358 3264 497 3337 quoniam
517 3261 666 3337 possibilia
685 3278 808 3338 corpora
821 3262 902 3321 nolio
924 3277 1045 3320 numero
1063 3265 1243 3337 coercentur,

165 3358 274 3417 idcireo
294 3366 340 3417 est
357 3360 436 3435 quod
450 3360 522 3418 haec
542 3364 689 3435 capacitas
711 3368 745 3419 ut
766 3360 881 3420 infinita
901 3360 946 3419 vei
969 3361 1072 3421 meiius
1092 3354 1244 3419 indefinita

165 3457 355 3530 concipiatur.
385 3457 515 3533 itemque
534 3474 601 3517 cum
623 3474 720 3516 rernm
741 3459 934 3534 possibilitas,
955 3465 989 3518 ut
1007 3458 1079 3517 alias
1104 3458 1244 3533 diximus,

157 3552 356 3611 immutabilis
371 3556 411 3612 sit
431 3561 461 3612 et
480 3562 612 3631 aeterna,
629 3556 699 3615 hinc
718 3558 807 3614 etiam
829 3556 862 3615 iit
881 3562 914 3615 ut
932 3558 1078 3631 capacitas
1098 3556 1247 3615 abstracta
1319 3580 1321 3584 ·

166 3666 320 3725 corporum
340 3653 593 3729 collocandorum,
607 3654 724 3730 utquid
739 3661 886 3713 aeteruum
901 3660 931 3712 et
944 3654 1006 3712 sine
1021 3655 1190 3713 mutationis
1207 3653 1248 3711 ui·

165 3749 335 3807 cissitudine
355 3742 595 3826 repraesentetur.
620 3752 770 3829 lienique,
806 3754 875 3827 quie
898 3753 940 3811 sic
959 3754 1106 3827 capacitas
1137 3752 1187 3809 iiia
1216 3751 1246 3807 io

167 3846 360 3921 possibilitate
372 3854 489 3909 mutum
511 3852 640 3925 inspecta
657 3851 695 3908 ab
715 3850 822 3909 actuali
844 3852 997 3909 existentia
1011 3864 1164 3925 corporum
1189 3862 1247 3904 noa

169 3944 293 4019 pendet,
309 3944 417 4005 idcirco
433 3946 570 4023 estquod
590 3952 625 4007 ut
642 3946 775 4008 absoluta
788 3954 817 4007 et
833 3946 920 4007 rebus
941 3946 1044 4007 ceteris
1070 3960 1128 4003 aon
1145 3944 1247 4003 innixa
