2892 4425
249 351 308 403 820
576 354 817 398 unaentstctn
838 355 998 398 sanctatis

194 501 198 506 »
247 467 378 526 beantur
397 465 477 524 enim
496 467 597 524 autin
615 466 749 541 positivo
763 479 841 540 quae
859 463 1018 538 aientibus,
1033 470 1064 524 et
1086 468 1229 542 nepotiana
1251 485 1333 544 qnae

246 561 421 640 negantibus
442 562 563 622 vocibus
582 565 807 638 exprimuntur3
829 569 881 622 aut
898 565 935 644 ¹iu
955 565 1136 640 quiescentia
1160 579 1240 639 qnae
1261 567 1333 626 nui·

247 660 307 719 mm
320 661 467 718 actionem
478 659 536 719 sibi
547 661 710 735 implicant,
720 666 751 717 et
763 662 919 736 operativa
929 675 1006 736 quse
1016 649 1214 736 mentionem
1224 679 1333 738 qnam·

246 756 316 816 dam
336 757 503 832 involvunt,
524 764 578 818 ani
595 759 628 818 in
647 755 776 834 pdpsico
797 764 828 816 et
846 757 992 832 morolio,
1016 765 1104 834 prout
1118 759 1332 833 periecumem
1357 831 1365 848 ι

247 855 377 930 aliquam
396 853 549 932 physicam
568 855 614 915 uei
629 855 768 914 moralem
782 857 947 931 attinguni3
961 861 1014 914 aut
1031 858 1061 914 in
1075 855 1216 916 odsoiaiu
1229 865 1260 916 et
1281 877 1331 918 re·

239 955 398 1030 specim,
426 959 514 1028 prout
531 953 645 1012 uuiium
664 958 718 1012 aut
741 949 867 1028 aiiqdem
895 953 934 1012 ad
958 969 1004 1012 res
1026 959 1138 1012 creans
1161 961 1330 1029 respectum

248 1050 496 1123 ineiudnai.,Nos
519 1058 695 1126 postremam
722 1049 897 1110 divisionem
924 1051 1070 1127 eligimus,
1092 1056 1123 1108 et
1141 1051 1180 1108 ab
1199 1053 1330 1113 atin'bu·
1396 1031 1403 1046 ⁸

248 1151 287 1210 tis
303 1147 446 1209 absolutis
460 1151 505 1210 sio
526 1151 730 1224 auspicamur,
746 1154 780 1208 ιιι
799 1154 914 1208 mnium
932 1164 1008 1225 quae
1028 1152 1102 1209 scitu
1124 1151 1241 1225 potiora
1256 1160 1331 1212 suni

249 1251 418 1308 tractemus.

666 1444 852 1503 Aanrcutus
872 1443 897 1502 1.

405 1642 488 1702 Deua
508 1649 553 1702 cst
572 1643 785 1720 immutabilia,
812 1650 963 1722 aeternas,
990 1647 1158 1706 immensus.

308 1831 427 1907 Triplici
448 1835 631 1910 paragrapho
644 1838 751 1896 trinam
768 1836 845 1896 hanc
859 1839 1085 1914 propositionem
1101 1838 1331 1918 iiiuairabimus,

250 1936 285 1990 oi
302 1929 482 1990 distinctioni
503 1937 533 1991 et
552 1933 678 1992 ciariiati
698 1934 900 1994 consulamus.

775 2145 797 2201 1.

612 2340 688 2392 Deua
704 2340 748 2392 cai
765 2329 970 2393 immutabilia.

312 2535 381 2587 ¹⁵6.
402 2527 494 2586 Deum
516 2526 591 2586 nuiii
610 2542 674 2587 esse
687 2524 850 2589 obnoxium
872 2528 1024 2587 mutationi
1044 2544 1080 2587 ex
1103 2528 1158 2603 iis,
1179 2544 1255 2603 quae
1274 2529 1328 2590 hs·

248 2632 350 2685 otenus
369 2626 516 2700 disputato
530 2631 615 2700 sunt,
632 2625 783 2685 euidenter
798 2625 901 2685 eiueet.
919 2625 993 2685 Nam
1013 2627 1126 2683 interna
1143 2628 1240 2685 omnis
1261 2642 1328 2686 mu·

248 2726 323 2784 tatio
340 2726 465 2783 transitu
479 2723 605 2800 quodam
620 2740 657 2782 ex
674 2739 733 2782 uno
759 2728 838 2782 statu
858 2724 896 2781 ad
917 2723 1007 2782 atium
1027 2726 1204 2781 continetur.
1228 2724 1329 2796 Quare

248 2822 285 2880 iis
299 2825 457 2882 interuenit
475 2822 578 2897 rebus,
592 2837 667 2898 quae
680 2822 764 2880 aliter
777 2837 809 2881 se
822 2821 929 2881 habere
947 2827 1070 2896 possunt
1085 2836 1120 2879 ac
1140 2828 1210 2879 sunt
1230 2829 1260 2880 et
1281 2824 1326 2881 in·

168 2912 172 2915 ’
248 2924 428 2977 crementum
448 2919 494 2977 uei
517 2919 733 2978 decrementum
755 2920 911 2993 accipiunt.
930 2918 1125 2993 Quapropter,
1141 2924 1175 2977 ut
1189 2922 1220 2977 in
1237 2922 1328 2977 tertio

249 3014 423 3089 Onioiogiae
440 3017 537 3089 capite
554 3015 704 3090 diximus,
724 3016 886 3075 subiectum
907 3013 986 3090 quod
1012 3014 1153 3073 mutabile
1176 3021 1242 3091 ast,
1258 3032 1330 3074 eon·

249 3113 421 3187 tingentiam
441 3112 575 3193 'aliquam
600 3112 645 3169 uei
670 3112 768 3187 quoad
796 3098 1000 3187 existentiam,
1022 3110 1067 3170 vei
1096 3111 1199 3171 saliem
1227 3112 1329 3187 quoad

161 3274 164 3282 ,
248 3209 351 3268 modos
366 3251 376 3284 ,
391 3209 497 3284 quibus
517 3207 666 3285 officitur,
685 3226 798 3285 semper
816 3210 957 3286 includit,
972 3225 1007 3268 ae
1027 3207 1135 3267 fluibus
1148 3208 1328 3285 quibusdam

250 3309 445 3381 terminatur,
461 3321 585 3382 quorum
607 3307 700 3366 ueluti
717 3309 881 3366 uariatione
904 3314 1046 3366 mutetur.-
1065 3308 1140 3365 Tum
1161 3308 1251 3366 eiiam
1275 3324 1329 3367 eus

248 3402 389 3463 mutabile
408 3406 616 3479 compositione
629 3404 729 3479 aliqua
744 3411 858 3463 constet
876 3420 994 3463 neeesse
1009 3411 1064 3480 eat,
1084 3402 1187 3463 saliem
1203 3404 1242 3461 ad
1263 3420 1327 3463 mo·

249 3500 431 3560 didcationea
447 3503 526 3577 qood
540 3504 656 3576 attinet,
668 3508 703 3560 ut
717 3486 828 3577 aliquid
841 3502 867 3560 ei
882 3500 1018 3559 accedere
1031 3503 1123 3575 possit
1135 3506 1188 3559 aui
1198 3499 1326 3561 detrahi.

249 3598 290 3659 Αι
309 3601 387 3657 onim
407 3600 468 3659 Deo
491 3600 686 3659 haecomnia
709 3605 890 3675 repugnant.
913 3598 986 3657 Cum
1010 3600 1088 3657 enim
1110 3598 1187 3657 Deus
1211 3600 1253 3657 sit
1273 3615 1328 3657 ens

249 3700 458 3774 necessarium,
479 3698 625 3759 realitate
645 3712 840 3774 omnesquae
863 3699 893 3757 iu
915 3698 979 3772 ipso
998 3703 1079 3772 sunt,
1104 3712 1141 3755 ex
1154 3699 1328 3761 noeoesiiate

248 3804 333 3874 sunt,
348 3814 402 3857 neo
421 3798 482 3857 ulia
501 3795 623 3873 proinde
642 3812 744 3855 earum
765 3795 872 3871 amitti,
889 3801 941 3854 aut
960 3810 1039 3853 nova
1058 3794 1158 3871 aliqua
1179 3793 1328 3853 adscititia

250 3895 388 3969 perfectio
404 3894 524 3969 adiungi
541 3899 645 3968 potest.
661 3892 784 3970 Deinde,
802 3892 881 3953 Deus
898 3890 1030 3953 infinitus
1051 3899 1096 3953 ost
1114 3898 1145 3951 et
1163 3891 1326 3953 undecum-

233 4006 308 4075 *que
327 3993 489 4067 periectos,
510 3984 599 4067 itque
619 3993 660 4051 ito
679 3992 812 4069 quidem,
827 3998 860 4053 ut
880 3990 936 4055 hae
957 3998 1027 4052 nota
1048 3992 1167 4069 spoliari
1187 3996 1322 4068 nequeat.
