2892 4425
427 397 503 439 Pus
526 395 645 439 ditm&
666 410 677 421 ·
699 392 918 439 massamuti
1181 386 1236 439 185

161 506 240 564 enim
260 504 297 563 de
314 505 487 579 perfectiore
505 506 648 581 qualitate
665 501 839 578 tribuenda,
861 500 910 561 sed
928 502 966 561 de
984 508 1086 564 mutua
1104 518 1237 579 pagnan-

161 602 241 662 tibas
261 603 337 661 luter
356 618 389 661 se
407 602 563 677 iungendis
582 602 630 661 bic
651 602 760 678 agitur.
783 600 869 673 Quod
889 598 966 659 ellici
986 614 1089 659 revera
1110 615 1169 657 non
1188 616 1237 676 pa·

160 706 236 772 test,
260 700 316 757 nisi
342 699 583 759 contradictionis
608 698 785 773 principium
812 703 972 757 evertatur.
1001 695 1144 773 Exempla
1171 713 1239 757 vera

161 796 348 872 plantarum,
368 801 398 855 et
414 798 628 871 animantium,
649 810 725 871 quae
743 798 848 855 iterum
867 793 1017 870 obtrudit,
1038 794 1157 853 adrem
1179 810 1238 853 nan

162 892 293 967 iaciunt,
315 900 346 953 et
364 896 499 968 superius
523 894 619 953 soluta
639 899 719 953 sunt.

222 988 317 1049 Obiic.
339 990 394 1049 lll.
417 990 448 1051 Si
472 993 543 1066 qula
564 1006 646 1049 mens
670 995 772 1050 nostra
794 990 945 1066 concipere
969 990 1071 1065 nequit
1091 988 1240 1063 quomodo

163 1090 285 1148 materia
307 1090 432 1163 cogitet,
457 1089 598 1147 continua
620 1084 722 1145 inferri
746 1084 818 1146 uelli
839 1102 876 1145 ns
897 1085 988 1144 Mum
1014 1084 1131 1159 quidem
1155 1100 1240 1159 posse

163 1186 303 1243 materiae
321 1183 490 1244 facultatem
507 1184 656 1261 cogitandi
673 1183 820 1259 tribuere,
841 1184 1052 1258 omnipotentia
1069 1180 1122 1240 Ilei
1142 1183 1240 1241 limiti·

162 1279 219 1339 bns
232 1280 443 1357 intelligentiae
456 1286 591 1356 nostrae,
608 1295 684 1356 quae
697 1280 857 1339 admodum
871 1279 956 1340 linita
973 1286 1034 1355 est,
1048 1282 1238 1339 coerceretur.

163 1380 241 1452 Quin
261 1381 350 1438 etiam
372 1377 431 1437 alia
451 1377 614 1455 permulta,
636 1394 712 1454 qnae
735 1384 800 1437 rata
822 1384 910 1453 sunt,
931 1376 1110 1453 repudianda
1130 1382 1238 1437 meent.

164 1474 240 1535 llam
262 1480 339 1535 cerie
360 1490 420 1535 nun
439 1477 631 1553 intelligimus
650 1492 709 1553 quc
730 1482 816 1551 pacta
836 1478 959 1535 materia
981 1477 1074 1551 possit
1094 1475 1241 1548 attrahere

165 1574 338 1651 nuteriam,
358 1577 529 1650 pracsertim
547 1590 656 1651 magna
675 1576 827 1634 interiecta
847 1574 1006 1649 distantia,
1028 1590 1087 1635 non
1106 1574 1241 1650 intelllgi·

165 1690 232 1733 mus
253 1689 312 1750 qua
336 1680 424 1749 pacta
447 1675 568 1732 materia
590 1676 700 1732 sentiat
719 1688 808 1748 seque
830 1678 947 1731 moveat
972 1677 1023 1731 aut
1046 1670 1241 1731 substantiam

165 1771 390 1831 immaterialem
410 1769 521 1830 alliciat
541 1768 580 1828 ab
599 1785 692 1845 eaque
712 1775 875 1829 moveatur.
897 1768 974 1845 Ergo
998 1768 1075 1828 Deus
1097 1770 1241 1845 impertiri

165 1871 305 1929 materiae
317 1884 377 1927 nan
398 1873 494 1944 posset
508 1867 662 1927 sumitates
681 1867 841 1943 eiusmodi,
855 1866 913 1927 bac
927 1872 1023 1927 numm
1044 1868 1242 1943 experientiae

167 1967 338 2027 reluctatur.

228 2065 318 2140 liesp.
341 2064 566 2145 llaecoblectic
586 2063 701 2123 laborat
720 2063 821 2122 eadem
845 2062 1035 2138 ambiguitate
1056 2060 1241 2136 ct·laliacla,

166 2178 256 2239 quam
270 2178 361 2238 supra
374 2164 552 2223 natavimus.
566 2161 633 2222 Nan
648 2148 726 2220 enim
742 2162 811 2237 quia
825 2160 976 2220 materiam
992 2159 1167 2236 cogitantem
1183 2174 1241 2220 nan

168 2263 367 2338 concipimus,
382 2261 492 2320 idcirco
507 2276 572 2319 eam
592 2259 760 2335 possibilem
781 2274 841 2316 nan
860 2273 924 2316 esse
942 2256 1083 2332 dicimus,
1102 2257 1153 2317 sed
1171 2258 1240 2332 qnia

167 2359 325 2434 cogitatio,
345 2365 445 2433 utpote
461 2373 536 2434 quae
554 2360 651 2417 actim
669 2362 714 2415 est
731 2363 760 2416 et
778 2355 921 2430 simplex,
939 2355 1114 2430 principium
1134 2353 1242 2414 ibidem

166 2460 318 2514 actuosum
341 2461 371 2514 et
383 2456 507 2531 simplex
523 2457 630 2531 exigit,
645 2453 848 2514 essentialibus
864 2454 1001 2512 materiae
1018 2450 1243 2527 proprietatibus

168 2553 288 2610 omnino
308 2560 462 2629 repugnat.
485 2553 545 2612 Nec
568 2552 676 2612 idcima
700 2553 941 2628 omnipotentiam
961 2551 1013 2609 Dei
1035 2549 1244 2625 intelligentiae

168 2655 285 2710 nasaae
305 2649 447 2710 limitibus
469 2654 647 2710 coercemus.
671 2650 746 2709 Nam
771 2649 897 2709 intemur
919 2648 995 2709 ultra
1015 2648 1107 2707 Deum
1129 2645 1244 2706 efficere

167 2761 253 2820 posse
271 2748 356 2823 plara
375 2765 451 2825 quae
470 2756 588 2825 captam
609 2755 743 2808 nasbum
763 2753 957 2825 exsuperant,
979 2747 1065 2806 mado
1083 2759 1244 2821 repugnan-

169 2844 239 2902 tiam
257 2845 314 2904 sibi
331 2863 390 2906 nan
407 2848 574 2924 implicent,
590 2853 621 2906 ai
636 2848 700 2906 inre
712 2863 854 2922 negamus
868 2845 945 2905 effici
960 2861 1044 2921 passe
1055 2845 1197 2903 divinitus
1210 2859 1244 2903 ea

167 2958 246 3018 quae
266 2951 431 3021 repugnant
444 2945 605 3004 evidenter.
626 2945 803 3018 Quodnam
822 2925 1038 3021 ertbiusmodi,
1053 2948 1087 3002 ut
1102 2959 1186 3018 saepe
1200 2941 1244 3001 di·

167 3045 249 3098 ctum
264 3049 324 3117 est,
339 3043 371 3100 in
385 3042 507 3102 obiectis
525 3043 645 3101 divinae
665 3045 811 3118 potentiae
828 3059 886 3102 non
904 3043 1086 3118 continetur;
1100 3055 1159 3100 nan
1176 3041 1247 3116 quia

167 3133 246 3196 Deus
260 3137 412 3200 definitam
431 3142 570 3200 virtutem
592 3139 697 3217 babet,
711 3140 765 3199 sed
784 3142 854 3217 qnia
872 3141 1016 3201 obiectum
1036 3137 1112 3198 ellici
1132 3139 1244 3213 nequit.

232 3233 374 3311 Exempla
396 3243 515 3313 sutem,
538 3253 613 3314 quac
636 3238 764 3298 Laciniae
787 3239 904 3314 subdit,
926 3245 959 3298 ut
983 3240 1011 3296 ln
1036 3251 1117 3296 mare
1138 3234 1245 3311 babet,

169 3337 366 3392 consentanea
388 3343 546 3394 nunaunt.
571 3335 647 3394 Nam
669 3336 707 3395 ad
729 3337 855 3412 primum
873 3336 952 3413 quod
972 3339 1091 3411 abiam,
1113 3335 1167 3394 cisi
1187 3349 1246 3393 non

168 3428 369 3504 intelligamus
388 3448 448 3508 qna
466 3439 555 3506 pacm
573 3434 714 3509 mauric,
736 3433 798 3492 Deo
817 3436 858 3492 sic
877 3433 1010 3508 valente,
1031 3433 1184 3493 maumam
1203 3437 1247 3490 at·

169 3523 269 3584 babai
285 3525 379 3603 (qnod
396 3529 613 3589 concedendum
634 3545 736 3590 revera
753 3546 811 3588 nau
830 3529 909 3606 eat),
924 3538 1022 3590 tamen
1036 3533 1145 3606 optime
1163 3528 1248 3588 intel·

168 3621 288 3700 ligimus
308 3625 338 3684 id
363 3643 547 3703 nequaquam
570 3643 752 3704 repugnare,
774 3629 922 3704 supposita
948 3627 1099 3704 vialique
1122 3628 1247 3702 simplici

167 3731 245 3796 quae
265 3726 419 3784 materiam
439 3725 595 3799 informat,
615 3733 645 3785 et
662 3741 752 3802 qaam
774 3727 994 3803 supponendam
1015 3743 1077 3786 esse
1097 3729 1128 3786 ln
1148 3741 1248 3800 corpu

167 3817 250 3878 ribus
268 3821 341 3880 alias
356 3822 550 3882 ostendimus.
570 3823 705 3884 Alterum
723 3841 796 3883 vera
813 3824 849 3884 de
864 3827 986 3907 materia
1003 3827 1144 3884 sentiente
1164 3839 1199 3882 ac
1217 3839 1249 3882 se

163 3924 323 3994 movente,
344 3920 423 3995 qaod
440 3920 528 3997 dicit,
550 3921 744 3982 falsissimum
766 3929 820 3982 est.
842 3923 876 3982 ln
893 3923 988 3982 brutis
1009 3925 1086 3981 enlm
1107 3936 1165 3979 non
1185 3934 1247 3978 ma-

169 4016 245 4073 teria
266 4019 354 4078 seubt
378 4033 413 4076 ac
438 4025 534 4080 motas
557 4021 615 4080 ciet
637 4027 834 4099 spontaneos,
856 4021 907 4082 sed
928 4021 1105 4096 principium
1129 4015 1248 4094 aliquod
