2892 4425
222 370 259 422 12
545 370 785 415 mss’flfflcu
805 372 964 416 seminus

218 484 308 543 tinnis
322 480 362 541 ab
379 480 559 555 expetentis
577 479 736 555 praem
753 486 799 539 est
818 480 995 541 elemaalum
1010 480 1193 557 empiricam.
1215 481 1301 545 Pure

220 586 300 640 terea
320 579 472 653 impressio
490 576 636 636 aeuslbiln
657 592 709 652 per
731 577 840 637 nulllus
860 576 972 637 iermae
997 578 1178 639 additionem
1200 581 1232 639 lu
1254 582 1303 641 als

221 680 329 737 mlum
352 674 534 752 intelligibile
560 676 693 735 annuenti
718 680 855 751 poterat3
881 680 987 735 natura
1011 676 1157 752 siquidem
1183 680 1303 754 propriu

220 775 341 851 spellari
358 777 471 851 naqult.
487 773 590 833 Flehte
609 776 711 849 igitur,
733 780 767 833 ut
785 772 911 833 fideliter
930 774 1134 833 rationallsrnn
1154 774 1302 853 obtempe

221 879 311 948 raret,
327 872 428 931 amnia
445 885 464 929 ι
483 873 594 931 ratione
615 871 784 930 delineanda
802 873 932 947 putavit3
955 879 1044 948 atque
1061 872 1140 948 iden,
1156 876 1239 933 omui
1253 890 1303 933 ex·

221 976 307 1029 terna
327 969 568 1028 determinatione
592 974 760 1043 summota,
782 970 943 1043 rationem,
970 984 1030 1029 neu
1058 975 1091 1028 ut
1117 970 1302 1045 enmplexum

222 1057 384 1125 termarum
402 1080 453 1124 seu
467 1066 578 1141 legum,
597 1064 705 1140 qulbus
722 1066 860 1140 eogitatia
876 1066 998 1141 regium,
1019 1065 1240 1141 eonelplendam
1254 1082 1304 1127 un·

222 1163 299 1239 luit,
319 1164 371 1223 aad
388 1170 422 1223 ut
440 1166 623 1222 aetiuitntem
640 1164 761 1221 omuino
781 1161 924 1237 liberam,
949 1178 1026 1237 quae
1044 1179 1077 1221 ae
1096 1162 1304 1225 determinaret

222 1264 332 1321 virute
349 1278 404 1322 sua
426 1268 457 1321 et
478 1278 511 1320 se
528 1259 749 1320 determinando
768 1258 880 1319 obieeta
900 1262 1034 1335 propriae
1054 1262 1244 1337 engitatlnuis
1262 1261 1303 1321 ei-

223 1358 357 1437 lingeret
381 1359 457 1418 lline
475 1375 494 1418 a
512 1358 667 1417 muenia
684 1358 836 1431 prinelplls
856 1372 978 1415 exorsus
999 1359 1063 1417 iure
1082 1357 1218 1418 adlisus
1238 1360 1304 1419 illa-

223 1458 332 1516 tionem
348 1441 478 1531 eleuauit,
497 1461 531 1513 ut
547 1453 644 1513 solnm
658 1453 822 1513 subiectum
836 1457 968 1531 cogitans
988 1454 1135 1515 rhenanis
1152 1464 1302 1533 sumptum

225 1551 305 1629 (l’Io
316 1550 417 1630 puro)
435 1558 551 1611 exstare
569 1551 702 1626 diceret,
726 1551 805 1627 quod
822 1558 1018 1628 metatque
1037 1554 1111 1613 slus
1132 1568 1179 1613 res
1202 1570 1304 1615 omnes

225 1665 245 1708 a
263 1665 297 1709 se
315 1650 493 1725 distinctas,
518 1652 671 1724 tamquam
694 1647 797 1713 ludum
823 1649 981 1725 quemdam
1004 1649 1152 1727 idealsm,
1178 1650 1305 1713 labrina—

225 1752 305 1806 retur
326 1748 348 1804 ¹.
370 1746 468 1823 Atque
486 1745 544 1805 has
562 1748 746 1821 potissimum
770 1752 840 1806 sunt
858 1746 914 1807 hae
933 1762 1020 1823 super
1041 1764 1073 1807 re
1092 1749 1235 1809 stultitiae
1255 1750 1304 1809 lau

224 1846 338 1903 minum
357 1844 564 1919 delirantium,
589 1842 696 1918 quium
721 1842 861 1904 sanandis
883 1844 930 1903 uel
953 1851 1012 1904 tren
1035 1844 1197 1923 Anticyras
1219 1862 1304 1923 parm

224 1957 286 2011 nou
304 1948 401 2001 erum.
463 1965 467 1975 ·

286 2048 317 2098 t.
339 2039 382 2097 Ex
405 2038 463 2099 hae
488 2054 620 2099 errorum
647 2038 795 2115 farragine
821 2040 916 2099 solum
944 2038 1028 2099 illum
1051 2038 1098 2098 hle
1122 2040 1303 2116 eripiendum

225 2137 413 2212 assumimus,
432 2138 484 2214 qul
503 2152 660 2212 corporum
678 2138 862 2197 annuntium
878 2139 1011 2214 respicit3
1027 2137 1154 2214 reliquos
1171 2152 1226 2197 suo
1240 2138 1304 2199 loen

226 2233 356 2294 refellere
374 2251 435 2294 unu
456 2238 635 2296 omittemus.
659 2237 769 2295 cantra
788 2235 936 2296 ideallstas
955 2238 1054 2311 ltaque
1072 2240 1232 2312 generatim
1252 2237 1303 2296 nb-

225 2332 362 2390 lentivam
378 2333 479 2393 mnndi
493 2333 655 2392 mitatem
668 2334 781 2392 ratione
795 2332 892 2408 aliqua
907 2331 1141 2408 obfirmablmus,
1152 2348 1211 2391 nou
1225 2334 1305 2409 qunrl

225 2429 290 2502 ipsa
313 2436 398 2507 egent
417 2430 612 2489 demonstrari
633 2428 785 2506 (siqnidem
807 2431 837 2487 ln
859 2429 944 2488 rebus
968 2445 1019 2504 per
1039 2445 1070 2488 se
1089 2431 1180 2504 notis,
1202 2445 1253 2490 ssu
1273 2433 1304 2488 lu

227 2524 313 2585 iactis
330 2529 497 2587 immediate
510 2531 654 2604 perceptis
672 2526 846 2603 reponitur);
867 2527 919 2585 sed
935 2529 1006 2602 quia
1021 2527 1059 2586 ad
1074 2528 1236 2602 pertinaces
1255 2527 1305 2586 hn-

226 2624 320 2684 minas
336 2625 535 2701 coarguendas
552 2625 727 2702 quandoque
750 2632 944 2701 opportunum
962 2631 1006 2684 est
1026 2641 1061 2684 aa
1078 2627 1165 2684 etlam
1187 2627 1303 2684 retinui·

226 2721 325 2780 nando
343 2722 503 2797 declarare,
518 2739 595 2799 quae
616 2739 668 2798 per
687 2740 720 2784 se
737 2724 988 2783 ratiocinationem
1006 2737 1067 2782 uon
1083 2723 1216 2799 exigunt.

285 2992 291 3005 Ι
331 2924 445 2979 Contra
461 2923 615 2980 lusatiam
637 2927 794 2982 eoelslenlin
813 2939 968 2998 corporum
983 2927 1198 2996 propensam.

289 3109 494 3171 alienatae
520 3111 686 3188 largiuntur
713 3115 992 3189 repraesentationes
1021 3111 1107 3171 nobis
1131 3111 1304 3186 obversari,

227 3221 303 3282 quae
322 3206 407 3266 nabis
430 3209 555 3283 eorpora
582 3214 733 3285 tamqnam
757 3226 824 3269 vers
849 3212 996 3270 exstantia
1021 3208 1162 3268 referunt.
1193 3208 1304 3266 Harum

228 3306 525 3379 repraesentationum
554 3306 653 3381 aliqua
672 3312 751 3366 certe
776 3309 850 3366 ratio
874 3307 1023 3365 sufficiens
1044 3304 1223 3379 assignanda
1249 3311 1302 3362 est.

227 3398 386 3460 Percontor
403 3403 493 3478 igitur
515 3419 552 3461 ex
572 3404 664 3478 ipsis:
689 3405 713 3461 si
738 3419 859 3477 corpora
879 3403 962 3461 nulla
984 3407 1065 3477 sunt,
1086 3415 1229 3476 quaenam
1252 3401 1306 3458 erit

227 3513 328 3557 earnm
349 3502 425 3559 ratio
445 3499 617 3559 sufficiens?
638 3501 702 3559 Non
724 3500 783 3560 alin
802 3501 943 3577 proiecto,
963 3501 1020 3558 nisi
1037 3506 1088 3558 eui
1105 3501 1196 3573 ipsius
1216 3500 1305 3558 animi

203 3600 331 3663 ·iunata
350 3599 562 3674 eaninrmatln,
583 3606 636 3660 aut
657 3599 749 3659 libera
769 3600 926 3676 voluntas,
950 3604 1002 3658 aut
1023 3597 1142 3656 divinus
1163 3595 1303 3655 influxus.

228 3695 313 3769 Quod
332 3697 360 3754 sl
377 3696 482 3756 harum
504 3700 593 3756 trium
613 3713 769 3756 cansarum
790 3698 872 3756 nulla
891 3700 962 3755 snite
987 3702 1016 3755 et
1041 3694 1196 3770 prudenter
1217 3693 1305 3768 pbne·

229 3808 354 3852 uamenn
377 3794 421 3852 llll
443 3794 617 3870 explicando
637 3797 730 3871 aptari
751 3801 861 3870 potest,
887 3795 1030 3868 reliquum
1054 3793 1110 3851 erit
1132 3797 1165 3850 ut
1194 3805 1305 3866 reprae-

290 4009 300 4050 1
321 4003 430 4054 risoria
445 4008 582 4056 scientim.
