2892 4425
225 335 284 390 ntt
551 337 792 382 manaremus
812 337 972 382 sarculus

224 451 316 514 Addit
334 455 432 512 autem
453 451 703 532 comparationem
726 465 785 508 non
807 463 870 508 erre
890 447 990 524 allud,
1010 447 1068 508 uisi
1087 447 1232 526 dominam
1253 459 1304 510 at·

223 551 400 624 tentionem3
422 549 673 609 ratiocinationem
694 561 764 608 uero
782 545 897 606 duabus
917 546 1184 623 comparationibus
1203 551 1304 608 couti·

224 648 298 707 neri.
319 647 433 723 Quare,
447 646 487 706 ad
498 662 663 722 summm,
677 647 765 706 unica
784 645 1000 704 anenno-eirea
1018 645 1211 704 mulionem
1230 661 1302 720 npe-

225 744 318 804 rnndo
337 745 480 822 originem
500 743 632 804 idearum
652 742 829 819 suppeditat.

284 841 437 902 Eiusmodi
455 843 555 917 opinio
574 842 629 901 etsi
643 857 661 901 a
674 838 868 899 Gondlllnchll
889 837 1069 898 uhsmdltate
1084 838 1302 915 aliquantulum

225 940 325 1015 distet,
339 945 438 1000 tamen
452 953 558 998 manca
570 937 730 998 admodum
743 943 800 1012 eet,
814 942 844 995 et
856 935 895 996 ad
908 935 1011 994 Lookil
1023 937 1197 996 sensianum
1211 938 1298 997 radit.

225 1037 357 1098 Attentio
376 1039 455 1096 enlm
475 1035 602 1095 imuitas
621 1033 796 1094 secunduma
815 1039 875 1108 ert,
895 1048 970 1109 quae
990 1032 1071 1093 aliud
1090 1032 1205 1094 efficere
1223 1035 1301 1094 ullrll

224 1139 337 1212 potent,
358 1135 415 1192 nisi
435 1139 469 1192 ut
488 1135 619 1193 animum
639 1131 754 1192 obiecto
774 1132 923 1206 proposito
944 1131 1032 1190 eitius
1052 1131 1193 1208 applicet,
1212 1140 1302 1210 atque

225 1232 272 1309 id,
286 1232 366 1310 quod
379 1247 415 1292 oo
429 1233 614 1297 continetur,
627 1229 735 1289 eliciat.
758 1226 788 1288 Sl
806 1231 895 1306 igitur
909 1228 1063 1289 facultates
1077 1245 1178 1289 omues
1197 1230 1235 1290 ad
1255 1237 1301 1291 at·

226 1333 385 1392 tentionem
399 1335 607 1390 revocarentur
621 1326 684 1403 (cui
697 1325 813 1404 quidem
828 1326 891 1386 sola
904 1334 1073 1403 antegraosr
1085 1329 1212 1388 senentio
1225 1329 1300 1406 sit),

226 1429 344 1488 nonnisi
365 1427 515 1487 sensilium
536 1425 716 1484 obiectorum
736 1423 846 1484 circulo
866 1426 994 1500 cognitio
1013 1431 1114 1484 nostra
1130 1423 1301 1484 obvolvere-

227 1531 286 1585 tur.
308 1525 405 1599 Quare
429 1525 556 1582 rationes
578 1521 640 1582 iere
663 1537 783 1598 omnes,
803 1536 879 1598 quae
903 1520 1045 1582 Loclslum
1070 1522 1300 1602 impugnarunt,

228 1619 368 1680 adversus
387 1619 639 1697 Laromiguierum
660 1620 800 1680 militent.

285 1717 382 1794 Atque
401 1717 473 1776 haec
492 1723 595 1776 eontra
607 1718 768 1794 emplrlaml
781 1724 942 1795 systemata
954 1719 1083 1778 innuisse
1105 1716 1249 1792 sufficiat,
1263 1723 1301 1778 ut

227 1815 301 1876 nihil
322 1815 418 1875 dicam
438 1813 476 1874 de
495 1814 610 1874 influxu
631 1815 768 1892 pestifero
787 1831 874 1892 quem
895 1817 946 1876 illa
965 1819 996 1875 iu
1021 1832 1116 1876 mores
1134 1823 1165 1875 et
1183 1817 1302 1892 praxim

228 1911 347 1972 habent.
370 1911 446 1972 Nam
466 1914 492 1972 el
512 1915 641 1974 mendo
653 1919 697 1972 est
716 1912 783 1973 fons
803 1919 833 1973 et
851 1929 988 1990 suprema
1005 1929 1094 1973 causa
1107 1915 1298 1990 cognitionis,

227 2010 390 2070 necessario
411 2012 599 2087 consequitur
620 2016 654 2071 ut
672 2012 713 2069 sit
734 2012 822 2070 etiam
844 2011 1018 2086 principium
1038 2017 1068 2070 et
1087 2010 1187 2088 regula
1210 2026 1299 2088 appe-

228 2106 351 2167 titionis.
373 2106 450 2166 ilinc
467 2111 543 2168 ratio
562 2107 630 2168 linis
649 2108 747 2168 ultimi
767 2123 805 2168 ex
826 2107 974 2184 voluptate
996 2123 1152 2185 corporea,
1172 2113 1202 2168 et
1221 2123 1302 2166 uren-

227 2220 298 2265 sura
321 2203 484 2266 ciliciorum
506 2222 543 2266 ex
566 2205 692 2265 utilitate
715 2203 894 2265 desumenda
920 2210 1024 2281 eruut3
1050 2202 1299 2281 quemadmodum

229 2319 331 2379 reapse
351 2302 412 2364 iere
431 2319 533 2365 omues
552 2304 717 2379 emptu-istae
736 2305 768 2362 vl
789 2303 899 2379 logicae
920 2302 1037 2365 nrlductl
1057 2304 1250 2379 praecipiunt.

638 2511 821 2573 Anniculus
843 2513 882 2572 ll.

499 2702 664 2784 Sortem
685 2704 822 2765 idearum
843 2706 1026 2765 innotonror.

290 2903 358 2954 lit.
380 2896 545 2957 Nobiliores
564 2898 729 2973 philosophi
750 2898 854 2957 mellus
871 2896 908 2957 de
930 2897 1107 2974 praestantia
1125 2897 1216 2957 animi
1233 2912 1299 2956 sen·

227 2994 349 3069 ileum,
361 2995 530 3068 empirismo
544 2998 723 3056 contrariom
740 2995 843 3056 callem
863 2997 1008 3072 inierunt,
1021 2993 1208 3071 idearumrpue
1221 2996 1299 3070 prin·

227 3090 336 3167 cipinm
362 3105 399 3149 ex
424 3093 536 3151 ratione
561 3094 626 3168 ipsa
652 3093 841 3171 repetendum
866 3108 929 3153 esse
955 3092 1076 3153 duxere.
1105 3091 1145 3153 At
1170 3093 1299 3169 plerique

226 3188 297 3247 dum
317 3188 477 3265 empirisml
498 3190 571 3249 vitia
588 3197 709 3268 cavent,
726 3193 859 3268 opposito
879 3206 998 3267 prorsus
1018 3206 1140 3251 ercoesu
1160 3195 1298 3267 peccaut,

226 3289 257 3343 et
276 3286 476 3346 rationalismo
496 3287 575 3347 viam
599 3288 801 3364 aperiunt.·ln
824 3290 926 3364 primis
950 3290 1027 3349 euim
1050 3287 1154 3362 Plato,
1174 3289 1225 3364 qui
1246 3302 1299 3346 ou-

226 3380 374 3459 tologismi
399 3390 500 3445 auctor
522 3390 553 3445 et
577 3388 660 3462 quest
682 3402 789 3462 parens
811 3385 914 3445 haberi
937 3386 1030 3461 solet,
1052 3386 1156 3445 mentis
1178 3382 1258 3443 ideas
1282 3400 1300 3442 a

226 3484 333 3539 natura
353 3480 445 3541 tulere
465 3484 609 3561 ingenitas
628 3486 765 3561 opinatus
785 3490 829 3544 ert
849 3484 879 3543 vi
900 3484 1065 3543 intuitiouls
1083 3481 1235 3542 cuiusdam
1254 3482 1299 3539 in·
1321 3524 1327 3533 .

226 3582 330 3653 nahe,
352 3595 428 3655 quae
448 3584 573 3643 aetemls
593 3598 691 3642 rerum
712 3582 881 3659 archetypis
903 3580 1099 3641 adhiberetur.
1121 3580 1208 3654 Quod
1230 3595 1300 3638 vero

227 3687 325 3732 rerum
347 3679 480 3739 notitiam
501 3680 615 3741 indies
639 3680 761 3756 adipisci
785 3678 955 3755 videamur,
976 3678 1033 3738 hoc
1053 3682 1205 3754 propterea
1230 3692 1300 3736 cou-

226 3772 340 3849 tingere
360 3778 421 3854 alt,
441 3777 520 3855 quod
543 3779 691 3856 cognitio,
712 3793 801 3854 quam
825 3775 913 3835 homo
935 3792 954 3835 a
976 3777 1130 3835 nativitate
1153 3772 1299 3851 pcasldet,

226 3869 265 3929 oh
284 3873 466 3936 iunctionem
483 3878 573 3937 animi
587 3892 656 3935 cum
677 3891 813 3952 corpore,
830 3874 909 3936 velut
929 3873 1098 3951 consepulta
1110 3878 1140 3932 ct
1153 3874 1231 3931 iners
1250 3870 1299 3929 de·

227 3966 355 4049 iitcscat3
370 3972 463 4033 donec
482 3989 618 4035 successu
639 3974 794 4049 temporis,
812 3971 985 4031 adveniente
1002 3969 1297 4046 imprimendorum,
