2892 4425
432 371 510 416 aras
532 370 651 416 tarsos
672 387 683 402 ·
706 355 924 419 esrcaouoara'
1157 365 1212 420 sil
1305 405 1310 417 r

136 479 341 556 Nequaquam,
364 487 394 541 et
414 485 512 542 tameo
532 483 663 542 evolutio
683 482 893 558 intelligentiae
911 494 948 543 ex
966 484 1216 562 sermooedepoa·
1289 505 1293 512 ¹

136 578 299 734 dlssiniternna
315 682 347 735 nt
359 676 526 736 distiuelius
541 677 620 737 hune
632 693 759 750 errorem
775 678 953 752 refellamus,
963 677 1037 736 duas
1051 675 1218 737 stabilimus

134 776 364 848 propositiones:
381 775 406 832 1.
424 775 529 832 mentis
549 775 744 834 evolutionem
759 779 847 835 etiam
865 773 961 851 quoad
985 777 1122 834 veritates
1140 789 1218 834 mere

140 869 335 946 intelligibiles
350 877 380 930 et
398 871 521 930 morales
539 871 651 930 ordinis
663 873 807 932 naturalis
821 871 954 932 absolute
971 887 1030 931 aon
1044 871 1168 948 pendere
1180 887 1218 932 ex

138 982 194 1028 usu
211 970 371 1045 sermonis,
393 969 433 1028 li.
448 969 581 1030 absolute
599 986 659 1030 noa
678 970 804 1047 madore
822 969 861 1030 ab
881 971 1019 1030 exteriori
1040 971 1216 1047 anagisterlo.

268 1369 376 1422 Mentis
396 1367 523 1424 evolutio
545 1365 678 1424 molere
701 1383 759 1424 nnn
778 1367 888 1440 pendet
910 1383 931 1424 o
950 1379 1092 1424 emmone.

210 1562 275 1612 las.
299 1556 385 1614 Prob.
409 1557 510 1617 Sermo
530 1560 624 1634 signis
645 1564 760 1619 eonsiat
784 1558 962 1634 arbitrarlis,
982 1537 1015 1620 et
1034 1574 1094 1617 anu
1114 1563 1220 1618 natura

144 1652 194 1712 sed
211 1652 361 1714 voluntate
373 1655 617 1732 significantibus.
633 1657 710 1734 Ergo
723 1658 804 1717 ideas
820 1659 954 1733 primitus
968 1658 1086 1734 gignere
1101 1657 1221 1715 minium

144 1756 249 1826 potest,
264 1752 316 1810 sed
327 1769 377 1812 eas
392 1757 450 1813 lam
463 1754 582 1815 aliunde
595 1759 708 1832 genitas
722 1755 870 1816 subaudit.
885 1755 1028 1815 Voluntas
1040 1757 1131 1831 enim,
1145 1767 1221 1831 quae

146 1846 242 1904 verbis
265 1865 316 1922 per
334 1867 366 1909 se
382 1851 617 1912 indifferentibus
637 1853 881 1928 significationem
899 1851 1016 1929 alligit,
1040 1850 1220 1912 inmllennm

145 1948 276 2018 sequimi
289 1947 328 2007 ab
350 1965 443 2024 eoque
464 1949 544 2008 ideas
557 1950 762 2024 exprimendas
788 1937 948 2010 mutantur.
972 1951 1009 2009 itt
1024 1966 1096 2009 sane
1113 1950 1139 2009 si
1162 1965 1220 2008 vox

147 2039 238 2115 uem,
258 2059 306 2102 ex.
321 2062 391 2121 gn,
409 2047 439 2104 ln
458 2053 573 2106 tautum
595 2046 679 2106 nobis
698 2047 846 2124 signilleat
865 2061 1031 2122 supremum
1048 2062 1143 2106 rernm
1161 2047 1221 2106 rin·

146 2143 267 2217 ctorem,
279 2143 308 2200 in
326 2151 469 2218 quonium
485 2161 558 2204 sono
574 2145 616 2203 iiii
636 2144 791 2204 articulato
806 2144 950 2203 labiorum
968 2141 1043 2202 bano
1062 2143 1156 2202 ideam
1171 2159 1221 2202 ne·

147 2239 274 2314 eumue,
296 2256 413 2301 aeemse
434 2250 479 2303 est
501 2248 537 2303 ut
559 2244 700 2302 eiusmodi
720 2242 817 2302 ideam
842 2244 901 2301 lam
922 2249 991 2301 ante
1011 2240 1221 2316 possideamus.

148 2333 237 2393 Seous
256 2336 404 2399 sustineret
423 2340 517 2417 legera
538 2341 651 2401 lexioon
671 2340 788 2415 linguae
804 2341 939 2399 euiusvls
955 2340 1071 2415 ignotae
1088 2338 1126 2398 ad
1143 2338 1223 2399 ideas

147 2446 249 2492 omnes
268 2437 300 2493 ia
320 2436 405 2497 oobls
422 2437 603 2499 excitandas.
618 2437 755 2498 Proiecto
774 2438 799 2497 si
818 2436 961 2497 voeabula
979 2438 1104 2513 gignunt
1124 2434 1222 2512 ideas,

147 2545 254 2607 quare,
272 2532 342 2595 dnm
364 2535 437 2610 legis
454 2536 562 2596 libram
581 2538 693 2597 elnensi
713 2536 851 2595 idiomate
871 2551 920 2597 ex.
940 2550 985 2612 gr.
1006 2536 1223 2610 eoasorlptum,

148 2627 223 2687 nibli
244 2632 403 2709 intelligis?
423 2634 511 2712 Quia,
530 2650 700 2710 reponem
724 2640 753 2693 te
774 2635 925 2711 ignoratur
945 2648 1046 2693 eorum
1071 2630 1225 2692 venabulo·

150 2730 426 2807 rnm'sigaiilentim
450 2749 501 2793 seu
524 2734 593 2809 qnia
616 2732 670 2793 tlbl
695 2734 846 2810 cognitum
869 2748 928 2791 noa
953 2737 997 2791 esi
1021 2730 1127 2807 qulbus
1154 2728 1225 2789 ideis

150 2824 293 2886 voeabula
313 2828 364 2888 iila
389 2830 594 2905 respondeant.
620 2830 698 2907 Ergo
720 2828 812 2889 verba
834 2844 884 2905 per
907 2844 938 2888 se
961 2844 1015 2888 aas
1038 2844 1096 2888 non
1120 2826 1227 2888 donent

148 2924 205 2981 nisi
222 2928 327 3002 seipsa,
343 2944 447 3005 nempe
460 2944 566 2988 sonam
580 2944 630 2987 ore
647 2928 808 3005 prolatum,
826 2926 906 2987 ideae
919 2943 1001 3003 vero,
1015 2942 1141 3003 quarum
1157 2930 1227 2987 snut

148 3024 250 3099 sigon,
272 3026 390 3086 aliunde
409 3028 573 3101 oompnmri
597 3026 716 3086 debent.
739 3026 787 3087 Ad
805 3042 866 3085 rem
891 3025 1090 3102 Augustinus:
1118 3050 1131 3075 ι
1152 3024 1226 3085 Cum

153 3145 166 3170 a
191 3122 263 3181 mihi
283 3126 401 3199 signum
424 3124 581 3199 datar,'sl
609 3126 783 3185 nesoieatem
809 3140 856 3183 me
881 3125 994 3182 invenit
1013 3125 1097 3182 ouius
1122 3125 1162 3181 rei
1188 3124 1228 3181 si·

154 3239 167 3263 ·
191 3232 281 3290 guum
295 3222 346 3295 sit,
361 3221 464 3279 dooere
481 3236 527 3279 me
543 3220 616 3279 albii
632 3228 745 3295 potest:
765 3222 791 3280 si
808 3236 878 3281 vero
892 3222 1045 3295 uolentem,
1060 3219 1129 3295 quid
1146 3218 1227 3278 diseo
1293 3240 1295 3245 ’

155 3336 168 3361 ι
191 3328 243 3387 per
256 3317 394 3390 signum?
410 3317 476 3377 Non
492 3320 571 3377 euim
589 3319 661 3378 mibi
679 3334 845 3395 remquam
862 3316 1009 3394 signifieat
1024 3316 1151 3377 ostendit
1166 3332 1230 3377 ver·

154 3412 261 3471 «bam
288 3429 356 3473 eum
377 3415 460 3493 lego,
483 3418 526 3477 Et
552 3418 723 3479 snroboiioe
749 3434 848 3479 eorum
875 3434 936 3480 non
956 3422 1028 3477 sant
1054 3420 1230 3479 immutatae

154 3537 168 3564 a
193 3511 279 3587 (Dan
297 3512 352 3589 lli,
373 3516 435 3588 94).
458 3516 533 3575 Nam
554 3520 580 3577 st
599 3518 742 3595 quaedam
764 3520 892 3594 capitum
912 3517 1043 3592 tegmina
1057 3530 1230 3594 auaeaoaa·

154 3636 167 3661 ι
190 3619 240 3672 tur
253 3610 311 3672 hoo
324 3614 455 3688 nomine,
468 3629 540 3671 num
558 3630 625 3691 ego,
646 3615 703 3675 boe
720 3616 832 3693 audito,
849 3620 902 3675 aut
921 3612 991 3691 quid
1012 3615 1052 3673 sil
1070 3622 1159 3691 eaput
1177 3620 1231 3674 aui

110 3708 116 3717 ‘
155 3733 168 3760 a
190 3709 262 3785 quid
283 3711 344 3769 sint
363 3711 495 3799 tegmina
515 3710 626 3771 dldlell
645 3712 723 3771 liate
740 3714 797 3773 ista
816 3728 973 3789 novernm3
991 3728 1085 3789 neque
1100 3728 1167 3772 enm
1181 3726 1231 3787 np-

154 3832 167 3859 «
191 3808 370 3883 peliareutur
390 3808 429 3867 ab
448 3808 539 3884 aliis,
562 3808 614 3867 sed
638 3825 705 3869 eum
727 3826 745 3868 a
771 3826 818 3869 me
844 3810 1031 3885 riderentur,
1059 3824 1160 3870 eorum
1186 3814 1231 3867 est

152 3930 164 3954 «
189 3906 262 3965 mibi
283 3906 363 3965 laeta
388 3906 503 3965 notitia.
525 3906 639 3965 Etenim
660 3923 728 3967 eum
751 3908 877 3983 primam
898 3910 971 3969 istae
990 3907 1065 3967 duae
1086 3903 1229 3983 syllabae,

154 4028 166 4053 «ι
190 4020 259 4064 eum
279 4004 405 4065 dicimus
423 4004 532 4082 copul,
548 4020 633 4067 aurea
648 4020 728 4065 meas
743 4007 931 4082 impulerant,
952 4010 1014 4065 tam
1033 4004 1142 4064 amiel
1156 4000 1229 4079 uuiti
