2892 4425
445 365 523 412 Dm
545 363 664 412 tium
683 379 694 396 ·
713 363 933 412 michomeri
1171 357 1228 414 283

150 473 318 556 hrdlrldna,
335 479 367 538 et
381 458 460 536 aba
473 491 629 536 onmmnne
641 474 779 558 omnibns
798 477 952 554 reperitur,
973 473 1025 535 aad
1044 477 1228 554 unumquod-

148 593 208 658 qne
222 576 342 654 propria
357 574 512 636 individua
532 551 664 636 realitate
683 577 810 635 onustat.

206 675 262 736 111.
285 673 460 735 Ualaarsble
475 673 618 732 dlreoturu
637 674 739 732 existit
758 673 790 730 ln
809 669 896 730 rebus
909 671 1007 748 quoad
1023 646 1229 750 quiddltatern,

149 789 239 852 quarn
261 771 406 848 lnolodit,
426 786 488 830 uon
505 785 576 830 aero
592 770 691 847 quoad
709 769 937 830 abstractionem
960 784 980 828 a
1002 771 1230 847 proprietatibus

149 869 415 946 iadlrtdoantlbus,
435 883 511 946 qnae
530 883 563 928 aa
578 872 659 928 tenet
675 883 713 926 ex
731 873 813 944 parto
829 866 1003 928 intellectus.
1024 867 1100 928 Nam
1121 869 1180 930 doo
1197 872 1230 930 in

148 967 201 1028 llio
219 965 397 1027 nonslderarl
415 971 555 1042 possam:
573 963 603 1024 id
620 964 700 1042 qood
720 965 898 1041 percipitur,
918 969 949 1024 at
964 965 1069 1026 modus
1083 981 1144 1042 quo
1164 983 1230 1045 per·

148 1066 273 1142 alpltnr3
291 1065 432 1124 nimlrnm
450 1078 498 1123 rea
523 1078 599 1139 qnae
618 1061 820 1140 abstrahitur,
844 1067 874 1122 et
892 1062 1048 1123 abstractio
1070 1064 1144 1139 ipsa.
1165 1063 1231 1125 lam

149 1178 222 1224 vero
240 1164 295 1224 eud
323 1162 398 1223 haee
430 1160 560 1222 seranda
580 1160 721 1237 prooedat
748 1175 767 1220 a
791 1165 907 1237 mente,
928 1163 1023 1237 prima
1042 1166 1142 1221 manen
1161 1177 1231 1224 eon·

149 1259 372 1323 renitoblaotls
392 1262 467 1337 ipsis
481 1266 570 1337 prout
589 1261 621 1318 ln
639 1274 672 1319 aa
690 1263 772 1318 aunt.
790 1257 829 1318 Et
846 1274 917 1319 sane
935 1260 992 1319 nisi
1004 1258 1047 1335 id,
1064 1259 1146 1336 qnod
1158 1275 1230 1329 oon÷

149 1361 259 1436 eluitur
278 1361 312 1420 in
331 1357 493 1420 uuirmsali
515 1357 643 1434 directo,
668 1363 745 1416 esset
769 1355 843 1416 lllnd
863 1358 960 1434 ipsum
982 1355 1061 1433 qnod
1080 1358 1229 1420 invenitur

149 1457 182 1516 la
200 1455 304 1534 rebus,
325 1471 380 1515 nos
402 1469 462 1515 non
484 1469 637 1532 possmus
654 1455 712 1531 insi
728 1453 887 1516 attribuere
905 1453 1072 1530 praedicata
1088 1471 1164 1532 qnae
1182 1459 1229 1516 in-

150 1553 281 1614 dividuis
299 1557 480 1630 competant,
498 1559 530 1612 et
544 1555 611 1613 aioe
630 1568 716 1614 versa
734 1568 772 1612 ex
796 1551 986 1612 attributione
1003 1553 1127 1613 alieuius
1148 1569 1232 1630 prae-

149 1652 240 1713 dieati
262 1651 422 1712 nnlrmsuii
442 1650 543 1729 beta,
563 1666 624 1711 non
645 1635 810 1727 manne*
821 1649 930 1710 interra
947 1650 1024 1710 idom
1042 1650 1230 1712 tribuendum

149 1765 215 1810 ease
236 1747 407 1810 individuis.
429 1747 471 1808 At
490 1763 561 1808 vero
578 1763 632 1808 nos
651 1747 709 1808 boa
728 1749 793 1809 iare
810 1747 950 1826 holmus,
968 1748 1098 1824 dieentes
1115 1763 1163 1809 ex.
1182 1764 1229 1828 gr.

151 1846 247 1908 Homo
270 1850 317 1908 eat
342 1845 482 1907 libmtote
502 1845 663 1924 praeditas
675 1865 689 1921 ;
715 1848 801 1925 atqua·
825 1846 935 1907 Patmos
959 1849 1004 1907 est
1026 1845 1139 1922 borao5
1162 1861 1234 1926 erqo

152 1943 262 2005 Petrus
282 1946 327 2004 eat
348 1943 488 2005 libertate
503 1941 670 2022 praedium
689 1944 726 2003 ln
743 1959 803 2020 quo
818 1943 954 2021 exemplo
972 1944 1103 2004 eamdem
1119 1944 1232 2023 datan,

119 2071 125 2085 x
152 2057 242 2120 quarn
260 2043 420 2104 bhuirnns
439 2041 553 2106 domiai
570 2041 777 2103 universaliter
796 2041 990 2118 oonslderato,
1008 2041 1161 2102 inferimus
1179 2045 1253 2109 trl·,

151 2140 297 2202 hundam
313 2157 378 2203 asso
392 2140 546 2201 individuo
563 2141 672 2217 Petro,·
687 2139 767 2218 quod
785 2139 916 2218 proiecto
934 2137 1040 2198 laisum
1054 2141 1175 2199 omnino
1189 2155 1232 2200 es·

152 2246 209 2318 sat,
226 2242 253 2301 si
270 2242 304 2299 ln
322 2239 476 2301 lndirldno
493 2239 585 2301 Petro
601 2255 662 2299 non
679 2240 861 2299 inveniretur
879 2236 981 2329 eadem
994 2236 1143 2314 quidditas
1156 2254 1232 2315 qaae

152 2334 382 2411 apprehenditur
401 2352 454 2413 per
476 2342 649 2413 ooneeptam
669 2336 798 2397 hominis
817 2338 991 2414 generatim,
1012 2340 1042 2395 et
1060 2336 1145 2396 uulua
1164 2352 1232 2413 pro·

151 2433 248 2509 priam
270 2448 334 2493 esse
350 2432 516 2495 libertatem
533 2434 729 2495 affirmamus.

212 2528 311 2608 Atque
327 2520 404 2592 bueo
418 2532 553 2593 donnino
572 2538 671 2610 aperte
684 2530 811 2592 traditur
829 2546 848 2592 a
865 2530 897 2592 S
911 2530 1038 2608 Tboma,
1056 2529 1106 2591 nbi
1121 2533 1229 2608 lnquit.

58 2676 62 2683 .
156 2650 171 2680 ι
194 2628 269 2692 cum
288 2629 396 2691 dieitur
416 2632 584 2697 auresue
606 2631 800 2709 abshamum,
814 2629 873 2690 dno
890 2629 1103 2707 intelligantur,
1123 2629 1235 2703 scilieet

157 2750 171 2779 ι
193 2728 259 2804 insa
280 2736 386 2790 natnra
406 2733 473 2808 rel,
496 2738 526 2792 et
551 2730 708 2793 absunetio
733 2746 784 2791 sea
810 2728 1025 2793 universalitas.
1050 2729 1118 2805 Ipsa
1142 2731 1233 2806 igitur

157 2847 171 2877 ι
193 2832 312 2905 natura,
333 2829 381 2887 aul
400 2828 508 2889 aoaidlt
527 2830 572 2888 vei
593 2828 716 2907 intelligi
736 2828 783 2889 vel
804 2826 935 2887 abstrahi
958 2826 1005 2886 rel
1024 2828 1148 2887 intentio
1166 2829 1231 2888 nni·

156 2944 171 2974 ι
194 2923 381 3002 venalitatis,
399 2940 459 2985 noa
477 2932 522 2985 est
539 2927 596 2985 nisi
613 2927 646 2985 ln
665 2925 882 3004 singularibos3
899 2926 951 2985 sed
966 2925 1026 2986 hoe·
1039 2928 1137 3003 insum
1152 2927 1234 3005 qued

157 3042 178 3071 a
193 3026 239 3079 ast
257 3021 381 3100 intelllgi
392 3022 439 3082 rel
451 3022 594 3101 abstrahi,
613 3024 660 3084 vel
676 3026 802 3085 intentio
818 3024 1065 3102 universalitatis,
1079 3032 1124 3085 est
1139 3026 1169 3083 ln
1188 3027 1233 3085 in·
1358 3036 1362 3049 '

157 3139 171 3166 ·
193 3116 322 3180 talleoto.
346 3120 386 3181 Et
406 3120 469 3180 hoo
485 3137 641 3198 possumm
659 3122 759 3182 videre
781 3140 833 3200 per
855 3124 1000 3185 similata
1021 3138 1121 3183 sensa.
1145 3122 1234 3184 Visus

157 3236 172 3265 ι
193 3215 272 3274 mim
292 3215 375 3277 videt
390 3217 517 3279 colorem
536 3222 601 3279 sine
619 3222 683 3281 alus
704 3219 803 3281 odore.
822 3220 853 3281 Si
868 3236 938 3298 ergo
955 3228 1114 3298 quaeratur
1131 3220 1182 3281 ubl
1196 3224 1236 3291 sit

158 3334 172 3361 ι
194 3310 287 3391 onlor,
303 3316 356 3391 qai
379 3315 496 3377 videtur
512 3320 577 3377 stne
595 3317 697 3394 odore,
715 3316 905 3379 manitatem
920 3325 965 3380 ost
980 3318 1060 3395 qood
1078 3318 1169 3397 color,
1185 3321 1236 3396 qul

157 3431 171 3460 a
194 3407 327 3490 ridetur,
348 3428 409 3472 non
433 3422 478 3474 est
495 3416 554 3477 nial
573 3417 605 3474 lu
628 3432 726 3497 pomo.
751 3414 806 3475 Sed
825 3415 903 3497 quod
921 3418 961 3476 slt
981 3419 1045 3476 aine
1061 3415 1151 3476 odora
1171 3432 1237 3493 per·

157 3528 172 3557 ι
193 3512 306 3584 eaptus,
327 3509 385 3570 hoo
405 3511 513 3573 oceidit
529 3514 556 3572 ei
574 3530 612 3574 ex
628 3521 712 3590 parte
731 3516 826 3591 visus,
845 3515 874 3571 ln
893 3520 1035 3589 qnantum
1054 3515 1085 3573 la
1105 3516 1175 3575 visu
1192 3521 1238 3575 ast

158 3626 172 3655 ·
195 3606 357 3668 similitudo
382 3610 489 3671 eoloris
514 3618 544 3671 et
572 3628 631 3672 non
652 3612 762 3673 odoris
786 3611 924 3671 Similiter
948 3611 1139 3689 hnmanitas,
1161 3628 1238 3689 quae

158 3726 175 3753 ι
195 3703 389 3786 intelligitur,
410 3724 471 3769 non
497 3715 542 3769 eat
565 3711 623 3770 nisi
648 3714 679 3769 in
700 3710 757 3769 hoo
776 3708 822 3770 vel
850 3709 902 3769 illo
926 3708 1065 3787 homine,
1088 3708 1139 3768 sed
1158 3708 1238 3784 qood

157 3824 172 3851 ι
194 3799 365 3865 humanitas
393 3806 631 3884 apprehendatur
655 3809 719 3868 sina
745 3805 974 3868 individualibus
999 3804 1237 3883 eondltiouibas,

158 3921 172 3949 ι
195 3898 275 3974 qnod
294 3908 341 3961 est
358 3904 453 3979 ipsam
474 3904 605 3965 abstraiu
628 3903 675 3981 (ad
693 3904 772 3981 qnod
795 3907 925 3983 sequitur
945 3906 1069 3964 hundo
1087 3903 1238 3983 universa·

159 4022 173 4049 ιι
196 3996 313 4078 litatis),
330 4001 440 4064 aonidit
456 4002 633 4065 humanitati
651 4002 813 4066 mondum
831 4002 909 4083 qood
925 4002 1081 4081 percipitur
1088 3990 1136 4061 'ab
1155 4000 1239 4064 latei·
