2892 4425
447 402 525 447 usus
546 402 665 446 sursus
685 416 697 431 ·
720 401 934 446 essenonoorn
1171 397 1222 451 iti

154 519 222 573 tum
242 513 348 589 speciei
368 510 565 589 relinquatur3
591 516 679 587 utque
697 513 739 571 itu
761 510 836 570 dixit
858 509 1055 588 Augustinus:
1082 512 1166 573 uobis
1185 516 1228 574 vi·

149 627 221 669 uere
238 626 305 669 cum
322 608 479 669 arboribus
496 614 527 668 et
538 606 681 686 fructetis
697 624 848 669 rumorum
863 614 907 669 ert
921 612 943 667 ¹.
963 610 996 669 lu
1015 608 1072 670 hoo
1085 626 1173 673 sensu
1187 615 1229 671 vi·

135 709 292 769 ,talitntem
312 706 360 765 hic
376 708 548 783 accipimus,
570 706 663 784 deque
680 723 716 766 ea
735 706 846 784 aliquid
865 710 1032 767 summatim
1050 707 1224 769 delibamus.

211 813 262 864 bt.
285 804 436 881 vegetatio
455 820 509 880 pro
531 799 643 864 oblecto
660 806 740 863 eirca
758 804 835 881 quod
857 810 1036 880 exerceatur,
1056 804 1145 865 habet
1163 822 1227 867 cor·

143 918 204 978 pus
224 903 320 977 ipsum
341 902 484 977 principio
503 903 582 961 ultae
600 901 803 978 iulormainm‚
824 918 915 979 eaque
934 901 972 961 ud
993 903 1180 964 nutritionem
1197 911 1227 964 et

145 999 399 1077 reprodnctionem
420 998 578 1058 reducitur.
595 998 672 1059 Nam
691 1015 815 1075 corpora
826 999 909 1060 uitali
924 1001 955 1058 vi
975 998 1118 1076 praedita,
1132 1004 1227 1062 conti·

144 1113 208 1157 uuu
226 1096 354 1173 quadam
373 1102 404 1156 et
424 1098 540 1155 iuterna
559 1098 689 1157 motione
707 1094 888 1172 alliciuntur,
907 1112 966 1174 qua
989 1095 1128 1157 elimentu
1147 1100 1228 1159 intus

145 1201 285 1272 susceptu
309 1194 366 1255 sibi
393 1193 558 1255 assimilant
581 1209 633 1254 sen
660 1195 691 1252 lu
716 1195 863 1271 propriam
889 1192 1084 1255 substafflam
1109 1209 1229 1254 conuer-

146 1297 225 1353 tunt.
243 1292 289 1352 Ex
307 1305 366 1368 qno
384 1290 420 1351 tit
437 1298 471 1351 nt
487 1292 656 1367 particulas,
670 1306 745 1368 quas
766 1290 972 1367 transpirando
990 1292 1139 1368 amittunt,
1154 1293 1227 1353 ussi·

147 1390 207 1451 duc
224 1394 407 1466 restaurent3
428 1396 492 1449 tum
511 1392 600 1448 ctiam
619 1404 652 1448 sc
671 1388 710 1449 ad
729 1391 947 1449 convenientem
967 1394 1076 1449 statum
1098 1390 1227 1465 partium

147 1504 270 1550 suornm
290 1489 468 1547 incremento
488 1493 690 1565 promoveant,
711 1487 804 1546 donec
820 1487 859 1547 ad
879 1486 1006 1547 dubium
1027 1489 1161 1564 propriae
1175 1504 1229 1549 nu·

147 1592 233 1646 turne
253 1583 359 1643 molem
383 1582 576 1643 adducantur.
597 1582 635 1642 iit
652 1586 789 1660 quonlam
811 1584 952 1645 eiusmodi
974 1586 1072 1645 auctio
1094 1600 1154 1646 non
1173 1586 1228 1646 ali·

146 1690 194 1743 ter
213 1682 249 1743 tir
264 1684 321 1742 nisi
344 1683 533 1742 conversione
551 1682 682 1741 alimenti
700 1684 732 1741 in
752 1682 946 1744 substantiam
964 1685 1028 1745 aliti
1054 1688 1085 1743 et
1108 1700 1159 1761 per
1178 1685 1229 1745 et-

148 1780 219 1839 dem
241 1795 374 1858 omaus,
395 1778 503 1856 quibus
523 1780 683 1855 gmmudm
704 1776 826 1840 nutritio
848 1780 1016 1860 perlinitur3
1042 1780 1112 1843 binc
1131 1788 1228 1844 estut

149 1893 211 1937 nou
231 1876 400 1938 ιᾱιιιιιιιιιι·
418 1884 569 1955 uunquam
587 1876 705 1938 diversa
726 1879 867 1955 operatio,
892 1878 1044 1941 ediverso
1066 1878 1227 1941 uirtutedl·

149 1990 292 2051 ιιιιιιιιι,
315 1974 368 2035 sed
391 1990 461 2034 cum
478 1975 638 2035 nutritione
660 1976 726 2051 ipsa
746 1974 951 2035 contundatur.
973 1976 1053 2036 llaec
1069 1978 1147 2037 euim
1168 1992 1229 2037 uua

149 2071 309 2149 euduoquc
328 2073 375 2132 ris
403 2078 434 2132 ct
462 2087 568 2149 oorpus
594 2072 649 2132 alit
674 2078 704 2132 et
726 2072 831 2133 alendo
854 2078 961 2149 auget,
992 2074 1018 2132 si
1041 2074 1171 2133 nondum
1191 2074 1230 2136 ad

149 2171 309 2250 minctum
327 2172 462 2248 pmprlae
478 2176 642 2231 structurae
658 2174 769 2232 statum
781 2171 955 2248 pervenerit.
969 2169 1054 2245 Quod
1067 2170 1228 2233 secuudum

149 2271 283 2333 odicium
305 2286 363 2330 uon
383 2270 468 2330 aliter
490 2275 628 2347 praestat,
648 2272 704 2330 nisi
723 2271 933 2330 asslmilationa
954 2271 1073 2329 maioris
1096 2271 1226 2332 alimenti

150 2385 241 2447 quero
259 2368 296 2428 ud
315 2368 393 2428 solas
411 2374 509 2444 partes
532 2369 655 2427 amusas
675 2366 845 2427 reficiendas
865 2369 1059 2427 necessarium
1082 2366 1167 2427 iuret.

211 2466 289 2526 ilinc
311 2473 431 2542 apparet
451 2464 620 2524 dliimcntia
641 2481 717 2542 quae
739 2464 893 2524 intercedit
916 2467 993 2525 luter
1014 2466 1227 2525 incrementum

150 2564 233 2643 qnod
259 2565 403 2639 recipiunt
430 2579 551 2639 corpora
577 2562 665 2623 bruta
682 2578 734 2622 seu
761 2563 950 2639 lnorgunlca‚
972 2568 1001 2621 et
1017 2564 1228 2622 incrementum

149 2661 230 2740 quod
252 2663 367 2737 proprie
386 2659 420 2719 dt
440 2662 471 2717 iu
491 2659 670 2720 virentibus.
693 2659 768 2719 llum
791 2660 898 2719 inillis
920 2663 1040 2720 materie
1062 2661 1149 2719 brute
1167 2676 1228 2720 aru·

151 2758 300 2836 plilioatur
315 2765 345 2817 et
363 2759 468 2816 crescit
486 2774 544 2816 non
565 2775 616 2834 per
633 2773 677 2834 se,
698 2757 762 2834 sed,
776 2764 809 2816 ut
827 2757 883 2817 dici
904 2758 988 2834 solet,
1003 2773 1060 2834 per
1073 2755 1229 2832 coctilem

150 2861 297 2932 qnatenus
328 2857 466 2914 nimirum
488 2854 721 2915 additamentum
746 2855 817 2914 iilud
837 2869 894 2914 nou
927 2857 1083 2932 requiritur
1104 2869 1121 2912 a
1142 2860 1229 2914 nain·

153 2955 206 3014 rali
227 2951 393 3012 eonditioue
411 2951 556 3030 subiecti,
576 2953 628 3012 sed
649 2953 769 3012 iortniio
794 2967 911 3012 accessu
932 2969 1075 3012 novarum
1102 2955 1229 3028 partium

151 3052 330 3126 supervenit.
354 3049 464 3108 Deinde
487 3053 584 3112 auctio
605 3053 636 3110 in
656 3067 691 3110 ea
708 3050 840 3126 procedit
865 3067 915 3126 per
937 3067 1045 3110 meram
1065 3053 1230 3128 iuoeiopori·

155 3148 262 3206 tionem
282 3147 490 3222 particularum
508 3163 584 3224 quse
602 3147 747 3224 prioribus
768 3148 925 3208 adduntur.
944 3147 993 3208 Sic
1007 3149 1112 3209 accidit
1132 3151 1161 3207 iu
1177 3147 1233 3207 lor·

153 3247 283 3305 matione
304 3252 333 3305 et
353 3248 531 3306 incremento
553 3248 771 3325 crystallorum,
786 3247 836 3308 ubi
861 3251 982 3307 materie
1004 3249 1159 3306 sucorescit
1176 3246 1233 3306 bac

152 3350 268 3403 tautum
288 3347 401 3404 ratione
423 3346 502 3421 quod
525 3353 622 3421 portes
644 3347 776 3420 partibus
798 3347 1084 3422 superimponentur.
1109 3344 1149 3404 At
1169 3359 1234 3403 cor-

153 3457 225 3515 pora
243 3443 376 3501 virentia
391 3441 608 3518 amplificentur
620 3459 673 3518 per
691 3445 837 3502 internam
854 3445 1067 3518 susceptionem
1086 3441 1230 3517 alimenti,

152 3537 231 3613 qnod
252 3538 429 3615 applicatum
447 3539 693 3615 distributumque
712 3541 837 3616 siugulis
855 3538 987 3615 partibus
1005 3539 1116 3598 alendis
1137 3542 1167 3598 iu
1188 3555 1233 3599 cs·

154 3634 288 3695 rumdem
309 3635 504 3697 substantiam
522 3639 712 3696 conuertitur.
733 3635 818 3697 Unde
833 3638 974 3697 eiusmodi
994 3639 1116 3697 nutritio
1135 3637 1233 3696 vitalis

151 3730 272 3792 dicitur.
294 3733 427 3810 itemquo
444 3737 536 3809 entia,
554 3751 630 3810 qnae
652 3736 713 3794 vito
731 3733 880 3810 fruuntur,
902 3737 1112 3795 incrementum
1132 3751 1182 3810 per
1202 3750 1234 3793 se

153 3834 324 3906 requirunt,
338 3833 369 3889 in
383 3839 524 3906 quantum
542 3831 674 3892 uidelicet
686 3832 725 3906 ed
741 3833 844 3892 molem
859 3841 888 3892 et
902 3830 1077 3892 soliditatem
1098 3833 1234 3907 proprius

216 4049 223 4090 ι
241 4043 320 4090 serm
334 4044 363 4092 ti
376 4043 414 4092 Dr
428 4043 502 4094 Verb.
514 4047 603 4108 apori.
