<?xml version="1.0" encoding="UTF-8"?>
<!DOCTYPE html PUBLIC "-//W3C//DTD XHTML 1.0 Transitional//EN"
    "http://www.w3.org/TR/xhtml1/DTD/xhtml1-transitional.dtd">
<html xmlns="http://www.w3.org/1999/xhtml" xml:lang="en" lang="en">
 <head>
  <title>
</title>
<meta http-equiv="Content-Type" content="text/html;charset=utf-8" />
  <meta name='ocr-system' content='tesseract 3.04.00' />
  <meta name='ocr-capabilities' content='ocr_page ocr_carea ocr_par ocr_line ocrx_word'/>
</head>
<body>
  <div class='ocr_page' id='page_1' title='image "./institutionesph01libegoog_0387.png"; bbox 0 0 2892 4425; ppageno 0'>
   <div class='ocr_carea' id='block_1_1' title="bbox 196 364 1218 570">
    <p class='ocr_par' dir='ltr' id='par_1_1' title="bbox 196 364 1218 570">
     <span class='ocr_line' id='line_1_1' title="bbox 450 364 1217 424; baseline -0.009 0"><span class='ocrx_word' id='word_1_1' title='bbox 450 379 529 424; x_wconf 77' lang='lat' dir='ltr'><strong>rure</strong></span> <span class='ocrx_word' id='word_1_2' title='bbox 552 376 654 423; x_wconf 78' lang='lat' dir='ltr'><strong>nun</strong></span> <span class='ocrx_word' id='word_1_3' title='bbox 673 390 687 407; x_wconf 92' lang='lat'><strong>·</strong></span> <span class='ocrx_word' id='word_1_4' title='bbox 707 372 907 421; x_wconf 73' lang='lat' dir='ltr'><strong>coenonocu</strong></span> <span class='ocrx_word' id='word_1_5' title='bbox 1161 364 1217 418; x_wconf 75' lang='lat' dir='ltr'><strong>iun</strong></span> 
     </span>
     <span class='ocr_line' id='line_1_2' title="bbox 196 483 1218 570; baseline -0.011 -16"><span class='ocrx_word' id='word_1_6' title='bbox 196 493 260 555; x_wconf 82' lang='lat' dir='ltr'><strong>lem</strong></span> <span class='ocrx_word' id='word_1_7' title='bbox 280 506 335 570; x_wconf 84' lang='lat' dir='ltr'><strong>nge</strong></span> <span class='ocrx_word' id='word_1_8' title='bbox 354 494 386 551; x_wconf 92' lang='lat' dir='ltr'><strong>in</strong></span> <span class='ocrx_word' id='word_1_9' title='bbox 403 490 548 550; x_wconf 84' lang='lat' dir='ltr'><strong>mimcuio</strong></span> <span class='ocrx_word' id='word_1_10' title='bbox 568 488 681 548; x_wconf 75' lang='lat' dir='ltr'><strong>inicitur</strong></span> <span class='ocrx_word' id='word_1_11' title='bbox 700 488 813 547; x_wconf 79' lang='lat' dir='ltr'><strong>innocui</strong></span> <span class='ocrx_word' id='word_1_12' title='bbox 834 488 929 562; x_wconf 80' lang='lat' dir='ltr'><strong>potest</strong></span> <span class='ocrx_word' id='word_1_13' title='bbox 948 483 996 544; x_wconf 83' lang='lat' dir='ltr'><strong>vci</strong></span> <span class='ocrx_word' id='word_1_14' title='bbox 1018 500 1055 543; x_wconf 84' lang='lat' dir='ltr'><strong>ex</strong></span> <span class='ocrx_word' id='word_1_15' title='bbox 1073 498 1218 543; x_wconf 88' lang='lat' dir='ltr'><strong>commen·</strong></span> 
     </span>
    </p>
   </div>
   <div class='ocr_carea' id='block_1_2' title="bbox 138 582 1218 1052">
    <p class='ocr_par' dir='ltr' id='par_1_2' title="bbox 138 582 1218 1052">
     <span class='ocr_line' id='line_1_3' title="bbox 138 582 1218 664; baseline -0.01 -12"><span class='ocrx_word' id='word_1_16' title='bbox 138 592 395 664; x_wconf 82' lang='lat' dir='ltr'><strong>titiunnrrutione,</strong></span> <span class='ocrx_word' id='word_1_17' title='bbox 411 594 556 664; x_wconf 73' lang='lat' dir='ltr'><strong>qnatenus</strong></span> <span class='ocrx_word' id='word_1_18' title='bbox 568 600 719 662; x_wconf 79' lang='lat' dir='ltr'><strong>nunonem</strong></span> <span class='ocrx_word' id='word_1_19' title='bbox 741 583 890 659; x_wconf 63' lang='lat' dir='ltr'><strong>occiderim</strong></span> <span class='ocrx_word' id='word_1_20' title='bbox 911 582 956 641; x_wconf 86' lang='lat' dir='ltr'><strong>rei</strong></span> <span class='ocrx_word' id='word_1_21' title='bbox 975 598 1013 641; x_wconf 85' lang='lat' dir='ltr'><strong>ex</strong></span> <span class='ocrx_word' id='word_1_22' title='bbox 1035 582 1218 659; x_wconf 73' lang='lat' dir='ltr'><strong>ignoratione</strong></span> 
     </span>
     <span class='ocr_line' id='line_1_4' title="bbox 138 680 1217 763; baseline -0.012 -12"><span class='ocrx_word' id='word_1_23' title='bbox 138 704 306 761; x_wconf 80' lang='lat' dir='ltr'><strong>cousumm,</strong></span> <span class='ocrx_word' id='word_1_24' title='bbox 320 692 465 763; x_wconf 80' lang='lat' dir='ltr'><strong>quotenus</strong></span> <span class='ocrx_word' id='word_1_25' title='bbox 484 684 594 744; x_wconf 80' lang='lat' dir='ltr'><strong>tectum</strong></span> <span class='ocrx_word' id='word_1_26' title='bbox 615 681 748 742; x_wconf 85' lang='lat' dir='ltr'><strong>uutnmie</strong></span> <span class='ocrx_word' id='word_1_27' title='bbox 764 682 815 755; x_wconf 81' lang='lat' dir='ltr'><strong>sit,</strong></span> <span class='ocrx_word' id='word_1_28' title='bbox 829 686 869 755; x_wconf 88' lang='lat' dir='ltr'><strong>et,</strong></span> <span class='ocrx_word' id='word_1_29' title='bbox 884 680 1029 755; x_wconf 71' lang='lat' dir='ltr'><strong>opinionis</strong></span> <span class='ocrx_word' id='word_1_30' title='bbox 1043 694 1152 753; x_wconf 88' lang='lat' dir='ltr'><strong>errore,</strong></span> <span class='ocrx_word' id='word_1_31' title='bbox 1167 693 1217 738; x_wconf 82' lang='lat' dir='ltr'><strong>eu-</strong></span> 
     </span>
     <span class='ocr_line' id='line_1_5' title="bbox 139 776 1216 861; baseline -0.01 -15"><span class='ocrx_word' id='word_1_32' title='bbox 139 785 324 861; x_wconf 83' lang='lat' dir='ltr'><strong>pomutureie</strong></span> <span class='ocrx_word' id='word_1_33' title='bbox 343 783 486 858; x_wconf 73' lang='lat' dir='ltr'><strong>ducetur,</strong></span> <span class='ocrx_word' id='word_1_34' title='bbox 507 782 553 841; x_wconf 85' lang='lat' dir='ltr'><strong>rei</strong></span> <span class='ocrx_word' id='word_1_35' title='bbox 572 797 608 841; x_wconf 85' lang='lat' dir='ltr'><strong>cx</strong></span> <span class='ocrx_word' id='word_1_36' title='bbox 628 782 794 857; x_wconf 75' lang='lat' dir='ltr'><strong>pruentigiis</strong></span> <span class='ocrx_word' id='word_1_37' title='bbox 817 778 1004 853; x_wconf 84' lang='lat' dir='ltr'><strong>doemonum,</strong></span> <span class='ocrx_word' id='word_1_38' title='bbox 1025 784 1170 854; x_wconf 72' lang='lat' dir='ltr'><strong>quuoenne</strong></span> <span class='ocrx_word' id='word_1_39' title='bbox 1183 776 1216 835; x_wconf 78' lang='lat' dir='ltr'><strong>iri</strong></span> 
     </span>
     <span class='ocr_line' id='line_1_6' title="bbox 139 876 1218 958; baseline -0.009 -16"><span class='ocrx_word' id='word_1_40' title='bbox 139 882 217 942; x_wconf 81' lang='lat' dir='ltr'><strong>inim</strong></span> <span class='ocrx_word' id='word_1_41' title='bbox 234 898 289 958; x_wconf 90' lang='lat' dir='ltr'><strong>pro</strong></span> <span class='ocrx_word' id='word_1_42' title='bbox 309 881 387 939; x_wconf 83' lang='lat' dir='ltr'><strong>reric</strong></span> <span class='ocrx_word' id='word_1_43' title='bbox 405 877 565 938; x_wconf 82' lang='lat' dir='ltr'><strong>obtrudunt</strong></span> <span class='ocrx_word' id='word_1_44' title='bbox 587 883 640 938; x_wconf 83' lang='lat' dir='ltr'><strong>cut</strong></span> <span class='ocrx_word' id='word_1_45' title='bbox 666 876 786 953; x_wconf 85' lang='lat' dir='ltr'><strong>eiiqnod</strong></span> <span class='ocrx_word' id='word_1_46' title='bbox 807 878 929 953; x_wconf 83' lang='lat' dir='ltr'><strong>gignunt</strong></span> <span class='ocrx_word' id='word_1_47' title='bbox 951 889 1040 950; x_wconf 80' lang='lat' dir='ltr'><strong>supro</strong></span> <span class='ocrx_word' id='word_1_48' title='bbox 1054 876 1131 933; x_wconf 84' lang='lat' dir='ltr'><strong>rirce</strong></span> <span class='ocrx_word' id='word_1_49' title='bbox 1151 886 1218 932; x_wconf 82' lang='lat' dir='ltr'><strong>ceu·</strong></span> 
     </span>
     <span class='ocr_line' id='line_1_7' title="bbox 140 974 1217 1052; baseline -0.009 -13"><span class='ocrx_word' id='word_1_50' title='bbox 140 988 240 1040; x_wconf 83' lang='lat' dir='ltr'><strong>rorum</strong></span> <span class='ocrx_word' id='word_1_51' title='bbox 260 977 487 1038; x_wconf 71' lang='lat' dir='ltr'><strong>mundanorum.</strong></span> <span class='ocrx_word' id='word_1_52' title='bbox 511 975 566 1036; x_wconf 79' lang='lat' dir='ltr'><strong>ilie</strong></span> <span class='ocrx_word' id='word_1_53' title='bbox 580 978 679 1052; x_wconf 70' lang='lat' dir='ltr'><strong>itaque</strong></span> <span class='ocrx_word' id='word_1_54' title='bbox 694 974 832 1051; x_wconf 81' lang='lat' dir='ltr'><strong>pericniie</strong></span> <span class='ocrx_word' id='word_1_55' title='bbox 850 976 893 1034; x_wconf 81' lang='lat' dir='ltr'><strong>uio</strong></span> <span class='ocrx_word' id='word_1_56' title='bbox 911 974 1093 1049; x_wconf 80' lang='lat' dir='ltr'><strong>potissimum</strong></span> <span class='ocrx_word' id='word_1_57' title='bbox 1114 985 1217 1031; x_wconf 88' lang='lat' dir='ltr'><strong>occur·</strong></span> 
     </span>
    </p>
   </div>
   <div class='ocr_carea' id='block_1_3' title="bbox 141 1080 1235 1247">
    <p class='ocr_par' dir='ltr' id='par_1_3' title="bbox 141 1080 1235 1247">
     <span class='ocr_line' id='line_1_8' title="bbox 141 1080 1235 1247; baseline -0.009 -14"><span class='ocrx_word' id='word_1_58' title='bbox 141 1080 342 1247; x_wconf 47' lang='lat' dir='ltr'><strong>rmssnmum,</strong></span> <span class='ocrx_word' id='word_1_59' title='bbox 361 1177 395 1231; x_wconf 88' lang='lat' dir='ltr'><strong>nt</strong></span> <span class='ocrx_word' id='word_1_60' title='bbox 416 1171 503 1232; x_wconf 85' lang='lat' dir='ltr'><strong>reuiie</strong></span> <span class='ocrx_word' id='word_1_61' title='bbox 521 1175 644 1231; x_wconf 84' lang='lat' dir='ltr'><strong>eventue</strong></span> <span class='ocrx_word' id='word_1_62' title='bbox 661 1186 681 1228; x_wconf 87' lang='lat' dir='ltr'><strong>u</strong></span> <span class='ocrx_word' id='word_1_63' title='bbox 697 1169 896 1228; x_wconf 85' lang='lat' dir='ltr'><strong>commentitio</strong></span> <span class='ocrx_word' id='word_1_64' title='bbox 918 1167 1127 1242; x_wconf 78' lang='lat' dir='ltr'><strong>distinguntur,</strong></span> <span class='ocrx_word' id='word_1_65' title='bbox 1149 1166 1235 1225; x_wconf 81' lang='lat' dir='ltr'><strong>nuui&#39;</strong></span> 
     </span>
    </p>
   </div>
   <div class='ocr_carea' id='block_1_4' title="bbox 133 1261 1346 3398">
    <p class='ocr_par' dir='ltr' id='par_1_4' title="bbox 136 1261 1217 1640">
     <span class='ocr_line' id='line_1_9' title="bbox 138 1261 1217 1345; baseline -0.009 -14"><span class='ocrx_word' id='word_1_66' title='bbox 138 1270 324 1331; x_wconf 77' lang='lat' dir='ltr'><strong>recedebunt</strong></span> <span class='ocrx_word' id='word_1_67' title='bbox 345 1285 396 1344; x_wconf 86' lang='lat' dir='ltr'><strong>eu,</strong></span> <span class='ocrx_word' id='word_1_68' title='bbox 417 1282 493 1345; x_wconf 81' lang='lat' dir='ltr'><strong>quoe</strong></span> <span class='ocrx_word' id='word_1_69' title='bbox 515 1282 570 1343; x_wconf 91' lang='lat' dir='ltr'><strong>pro</strong></span> <span class='ocrx_word' id='word_1_70' title='bbox 589 1268 668 1327; x_wconf 78' lang='lat' dir='ltr'><strong>voris</strong></span> <span class='ocrx_word' id='word_1_71' title='bbox 695 1266 781 1327; x_wconf 78' lang='lat' dir='ltr'><strong>notu</strong></span> <span class='ocrx_word' id='word_1_72' title='bbox 797 1264 945 1325; x_wconf 78' lang='lat' dir='ltr'><strong>mstorioir</strong></span> <span class='ocrx_word' id='word_1_73' title='bbox 962 1261 1126 1325; x_wconf 83' lang='lat' dir='ltr'><strong>iudiouudie</strong></span> <span class='ocrx_word' id='word_1_74' title='bbox 1147 1266 1217 1322; x_wconf 78' lang='lat' dir='ltr'><strong>tunt</strong></span> 
     </span>
     <span class='ocr_line' id='line_1_10' title="bbox 136 1360 1215 1441; baseline -0.008 -13"><span class='ocrx_word' id='word_1_75' title='bbox 136 1368 257 1429; x_wconf 73' lang='lat' dir='ltr'><strong>nuditu.</strong></span> <span class='ocrx_word' id='word_1_76' title='bbox 275 1368 394 1441; x_wconf 85' lang='lat' dir='ltr'><strong>Quotiec</strong></span> <span class='ocrx_word' id='word_1_77' title='bbox 413 1367 490 1425; x_wconf 89' lang='lat' dir='ltr'><strong>enim</strong></span> <span class='ocrx_word' id='word_1_78' title='bbox 511 1366 685 1425; x_wconf 75' lang='lat' dir='ltr'><strong>auctoritate</strong></span> <span class='ocrx_word' id='word_1_79' title='bbox 701 1364 787 1439; x_wconf 86' lang='lat' dir='ltr'><strong>piene</strong></span> <span class='ocrx_word' id='word_1_80' title='bbox 806 1363 957 1424; x_wconf 86' lang='lat' dir='ltr'><strong>homiuum</strong></span> <span class='ocrx_word' id='word_1_81' title='bbox 976 1361 1034 1422; x_wconf 89' lang='lat' dir='ltr'><strong>iide</strong></span> <span class='ocrx_word' id='word_1_82' title='bbox 1058 1360 1215 1437; x_wconf 88' lang='lat' dir='ltr'><strong>dignorum</strong></span> 
     </span>
     <span class='ocr_line' id='line_1_11' title="bbox 136 1456 1215 1539; baseline -0.007 -14"><span class='ocrx_word' id='word_1_83' title='bbox 136 1464 208 1525; x_wconf 83' lang='lat' dir='ltr'><strong>inuti</strong></span> <span class='ocrx_word' id='word_1_84' title='bbox 227 1467 358 1525; x_wconf 81' lang='lat' dir='ltr'><strong>numetio</strong></span> <span class='ocrx_word' id='word_1_85' title='bbox 377 1462 561 1538; x_wconf 82' lang='lat' dir='ltr'><strong>obiirmutur,</strong></span> <span class='ocrx_word' id='word_1_86' title='bbox 581 1461 689 1522; x_wconf 78' lang='lat' dir='ltr'><strong>inicum</strong></span> <span class='ocrx_word' id='word_1_87' title='bbox 702 1462 771 1521; x_wconf 93' lang='lat' dir='ltr'><strong>duci</strong></span> <span class='ocrx_word' id='word_1_88' title='bbox 786 1461 887 1539; x_wconf 88' lang='lat' dir='ltr'><strong>nequit</strong></span> <span class='ocrx_word' id='word_1_89' title='bbox 907 1462 978 1537; x_wconf 84' lang='lat' dir='ltr'><strong>quin</strong></span> <span class='ocrx_word' id='word_1_90' title='bbox 1004 1474 1073 1520; x_wconf 85' lang='lat' dir='ltr'><strong>vcro</strong></span> <span class='ocrx_word' id='word_1_91' title='bbox 1088 1456 1215 1519; x_wconf 80' lang='lat' dir='ltr'><strong>evidenti</strong></span> 
     </span>
     <span class='ocr_line' id='line_1_12' title="bbox 136 1562 1170 1640; baseline -0.008 -18"><span class='ocrx_word' id='word_1_92' title='bbox 136 1562 330 1640; x_wconf 86' lang='lat' dir='ltr'><strong>reirugemnr.</strong></span> <span class='ocrx_word' id='word_1_93' title='bbox 1166 1592 1170 1599; x_wconf 88' lang='lat'><em>-</em></span> 
     </span>
    </p>

    <p class='ocr_par' dir='ltr' id='par_1_5' title="bbox 133 1658 1346 3398">
     <span class='ocr_line' id='line_1_13' title="bbox 194 1658 1346 1736; baseline -0.002 -17"><span class='ocrx_word' id='word_1_94' title='bbox 194 1658 351 1719; x_wconf 78' lang='lat' dir='ltr'><strong>litantem</strong></span> <span class='ocrx_word' id='word_1_95' title='bbox 369 1658 408 1717; x_wconf 83' lang='lat' dir='ltr'><strong>ub</strong></span> <span class='ocrx_word' id='word_1_96' title='bbox 424 1658 531 1720; x_wconf 88' lang='lat' dir='ltr'><strong>ciieotu</strong></span> <span class='ocrx_word' id='word_1_97' title='bbox 548 1658 675 1719; x_wconf 82' lang='lat' dir='ltr'><strong>uutnmii</strong></span> <span class='ocrx_word' id='word_1_98' title='bbox 697 1658 934 1734; x_wconf 62' lang='lat' dir='ltr'><strong>discriminant,</strong></span> <span class='ocrx_word' id='word_1_99' title='bbox 957 1658 1076 1736; x_wconf 74' lang='lat' dir='ltr'><strong>adiungi</strong></span> <span class='ocrx_word' id='word_1_100' title='bbox 1098 1660 1215 1718; x_wconf 74' lang='lat' dir='ltr'><strong>unimus</strong></span> <span class='ocrx_word' id='word_1_101' title='bbox 1342 1702 1346 1710; x_wconf 89' lang='lat'><em>.</em></span> 
     </span>
     <span class='ocr_line' id='line_1_14' title="bbox 133 1756 1216 1834; baseline 0 -17"><span class='ocrx_word' id='word_1_102' title='bbox 133 1756 221 1817; x_wconf 84' lang='lat' dir='ltr'><strong>debet</strong></span> <span class='ocrx_word' id='word_1_103' title='bbox 237 1757 276 1817; x_wconf 85' lang='lat' dir='ltr'><strong>od</strong></span> <span class='ocrx_word' id='word_1_104' title='bbox 292 1774 327 1817; x_wconf 89' lang='lat' dir='ltr'><strong>cu</strong></span> <span class='ocrx_word' id='word_1_105' title='bbox 344 1772 420 1833; x_wconf 80' lang='lat' dir='ltr'><strong>quoe</strong></span> <span class='ocrx_word' id='word_1_106' title='bbox 437 1756 593 1817; x_wconf 82' lang='lat' dir='ltr'><strong>tectionem</strong></span> <span class='ocrx_word' id='word_1_107' title='bbox 610 1758 651 1817; x_wconf 88' lang='lat' dir='ltr'><strong>rei</strong></span> <span class='ocrx_word' id='word_1_108' title='bbox 669 1763 700 1817; x_wconf 88' lang='lat' dir='ltr'><strong>ct</strong></span> <span class='ocrx_word' id='word_1_109' title='bbox 719 1772 890 1834; x_wconf 80' lang='lat' dir='ltr'><strong>cunuemm,</strong></span> <span class='ocrx_word' id='word_1_110' title='bbox 909 1772 985 1834; x_wconf 85' lang='lat' dir='ltr'><strong>qnue</strong></span> <span class='ocrx_word' id='word_1_111' title='bbox 1002 1759 1216 1833; x_wconf 81' lang='lat' dir='ltr'><strong>interveniunt,</strong></span> 
     </span>
     <span class='ocr_line' id='line_1_15' title="bbox 133 1854 1219 1932; baseline 0.002 -20"><span class='ocrx_word' id='word_1_112' title='bbox 133 1854 252 1931; x_wconf 82' lang='lat' dir='ltr'><strong>pienum</strong></span> <span class='ocrx_word' id='word_1_113' title='bbox 273 1857 407 1927; x_wconf 85' lang='lat' dir='ltr'><strong>notitinm</strong></span> <span class='ocrx_word' id='word_1_114' title='bbox 427 1855 621 1932; x_wconf 74' lang='lat' dir='ltr'><strong>suppeditent.</strong></span> <span class='ocrx_word' id='word_1_115' title='bbox 647 1856 677 1916; x_wconf 86' lang='lat' dir='ltr'><strong>Si</strong></span> <span class='ocrx_word' id='word_1_116' title='bbox 697 1858 775 1915; x_wconf 89' lang='lat' dir='ltr'><strong>enim</strong></span> <span class='ocrx_word' id='word_1_117' title='bbox 795 1855 920 1917; x_wconf 83' lang='lat' dir='ltr'><strong>eiicctne</strong></span> <span class='ocrx_word' id='word_1_118' title='bbox 942 1858 981 1916; x_wconf 81' lang='lat' dir='ltr'><strong>nit</strong></span> <span class='ocrx_word' id='word_1_119' title='bbox 1001 1856 1157 1932; x_wconf 81' lang='lat' dir='ltr'><strong>eiusmodi,</strong></span> <span class='ocrx_word' id='word_1_120' title='bbox 1184 1861 1219 1916; x_wconf 91' lang='lat' dir='ltr'><strong>ut</strong></span> 
     </span>
     <span class='ocr_line' id='line_1_16' title="bbox 134 1951 1215 2030; baseline 0 -18"><span class='ocrx_word' id='word_1_121' title='bbox 134 1956 275 2012; x_wconf 79' lang='lat' dir='ltr'><strong>virtutem</strong></span> <span class='ocrx_word' id='word_1_122' title='bbox 292 1951 435 2012; x_wconf 83' lang='lat' dir='ltr'><strong>infinitum</strong></span> <span class='ocrx_word' id='word_1_123' title='bbox 452 1952 491 2011; x_wconf 86' lang='lat' dir='ltr'><strong>ud</strong></span> <span class='ocrx_word' id='word_1_124' title='bbox 509 1954 556 2013; x_wconf 82' lang='lat' dir='ltr'><strong>eui</strong></span> <span class='ocrx_word' id='word_1_125' title='bbox 576 1953 796 2029; x_wconf 86' lang='lat' dir='ltr'><strong>productionem</strong></span> <span class='ocrx_word' id='word_1_126' title='bbox 823 1953 972 2030; x_wconf 82' lang='lat' dir='ltr'><strong>postuiet3</strong></span> <span class='ocrx_word' id='word_1_127' title='bbox 992 1953 1072 2013; x_wconf 89' lang='lat' dir='ltr'><strong>hnud</strong></span> <span class='ocrx_word' id='word_1_128' title='bbox 1092 1953 1215 2014; x_wconf 88' lang='lat' dir='ltr'><strong>dubium</strong></span> 
     </span>
     <span class='ocr_line' id='line_1_17' title="bbox 133 2046 1218 2127; baseline 0 -18"><span class='ocrx_word' id='word_1_129' title='bbox 133 2055 181 2109; x_wconf 82' lang='lat' dir='ltr'><strong>ert</strong></span> <span class='ocrx_word' id='word_1_130' title='bbox 192 2052 265 2125; x_wconf 80' lang='lat' dir='ltr'><strong>quin</strong></span> <span class='ocrx_word' id='word_1_131' title='bbox 286 2049 362 2109; x_wconf 71' lang='lat' dir='ltr'><strong>Deus</strong></span> <span class='ocrx_word' id='word_1_132' title='bbox 379 2053 505 2127; x_wconf 83' lang='lat' dir='ltr'><strong>intercit,</strong></span> <span class='ocrx_word' id='word_1_133' title='bbox 523 2066 558 2111; x_wconf 86' lang='lat' dir='ltr'><strong>oc</strong></span> <span class='ocrx_word' id='word_1_134' title='bbox 576 2051 751 2111; x_wconf 74' lang='lat' dir='ltr'><strong>miraculum</strong></span> <span class='ocrx_word' id='word_1_135' title='bbox 771 2054 800 2109; x_wconf 91' lang='lat' dir='ltr'><strong>in</strong></span> <span class='ocrx_word' id='word_1_136' title='bbox 820 2053 899 2111; x_wconf 85' lang='lat' dir='ltr'><strong>veris</strong></span> <span class='ocrx_word' id='word_1_137' title='bbox 915 2050 1017 2111; x_wconf 80' lang='lat' dir='ltr'><strong>heberi</strong></span> <span class='ocrx_word' id='word_1_138' title='bbox 1035 2050 1147 2110; x_wconf 81' lang='lat' dir='ltr'><strong>debent.</strong></span> <span class='ocrx_word' id='word_1_139' title='bbox 1165 2046 1218 2109; x_wconf 86' lang='lat' dir='ltr'><strong>Sin&#39;</strong></span> 
     </span>
     <span class='ocr_line' id='line_1_18' title="bbox 133 2146 1217 2226; baseline 0 -19"><span class='ocrx_word' id='word_1_140' title='bbox 133 2146 258 2207; x_wconf 81' lang='lat' dir='ltr'><strong>eiieetur</strong></span> <span class='ocrx_word' id='word_1_141' title='bbox 278 2150 318 2209; x_wconf 85' lang='lat' dir='ltr'><strong>eit</strong></span> <span class='ocrx_word' id='word_1_142' title='bbox 340 2148 427 2226; x_wconf 78' lang='lat' dir='ltr'><strong>tuiis,</strong></span> <span class='ocrx_word' id='word_1_143' title='bbox 451 2154 486 2208; x_wconf 92' lang='lat' dir='ltr'><strong>nt</strong></span> <span class='ocrx_word' id='word_1_144' title='bbox 504 2147 635 2207; x_wconf 82' lang='lat' dir='ltr'><strong>cbcoiute</strong></span> <span class='ocrx_word' id='word_1_145' title='bbox 656 2148 694 2207; x_wconf 86' lang='lat' dir='ltr'><strong>eb</strong></span> <span class='ocrx_word' id='word_1_146' title='bbox 710 2148 810 2226; x_wconf 83' lang='lat' dir='ltr'><strong>uiiqnn</strong></span> <span class='ocrx_word' id='word_1_147' title='bbox 834 2146 962 2208; x_wconf 82' lang='lat' dir='ltr'><strong>nummii</strong></span> <span class='ocrx_word' id='word_1_148' title='bbox 981 2162 1070 2207; x_wconf 82' lang='lat' dir='ltr'><strong>ceusu</strong></span> <span class='ocrx_word' id='word_1_149' title='bbox 1095 2146 1217 2225; x_wconf 77' lang='lat' dir='ltr'><strong>produci</strong></span> 
     </span>
     <span class='ocr_line' id='line_1_19' title="bbox 134 2244 1217 2322; baseline 0.002 -20"><span class='ocrx_word' id='word_1_150' title='bbox 134 2246 244 2320; x_wconf 77' lang='lat' dir='ltr'><strong>poerit3</strong></span> <span class='ocrx_word' id='word_1_151' title='bbox 255 2248 328 2303; x_wconf 90' lang='lat' dir='ltr'><strong>tnnc</strong></span> <span class='ocrx_word' id='word_1_152' title='bbox 337 2244 490 2321; x_wconf 70' lang='lat' dir='ltr'><strong>diiigenter</strong></span> <span class='ocrx_word' id='word_1_153' title='bbox 503 2245 745 2306; x_wconf 79' lang='lat' dir='ltr'><strong>considerandum</strong></span> <span class='ocrx_word' id='word_1_154' title='bbox 758 2251 814 2322; x_wconf 82' lang='lat' dir='ltr'><strong>eet,</strong></span> <span class='ocrx_word' id='word_1_155' title='bbox 831 2253 932 2306; x_wconf 88' lang='lat' dir='ltr'><strong>utrum</strong></span> <span class='ocrx_word' id='word_1_156' title='bbox 950 2245 1092 2305; x_wconf 84' lang='lat' dir='ltr'><strong>eiusmodi</strong></span> <span class='ocrx_word' id='word_1_157' title='bbox 1109 2260 1217 2304; x_wconf 81' lang='lat' dir='ltr'><strong>consue</strong></span> 
     </span>
     <span class='ocr_line' id='line_1_20' title="bbox 135 2341 1215 2419; baseline 0.002 -20"><span class='ocrx_word' id='word_1_158' title='bbox 135 2355 174 2400; x_wconf 85' lang='lat' dir='ltr'><strong>en</strong></span> <span class='ocrx_word' id='word_1_159' title='bbox 196 2342 272 2402; x_wconf 84' lang='lat' dir='ltr'><strong>nituc</strong></span> <span class='ocrx_word' id='word_1_160' title='bbox 292 2357 368 2419; x_wconf 84' lang='lat' dir='ltr'><strong>quoe</strong></span> <span class='ocrx_word' id='word_1_161' title='bbox 386 2343 512 2418; x_wconf 78' lang='lat' dir='ltr'><strong>imperes</strong></span> <span class='ocrx_word' id='word_1_162' title='bbox 539 2345 600 2402; x_wconf 81' lang='lat' dir='ltr'><strong>rint</strong></span> <span class='ocrx_word' id='word_1_163' title='bbox 619 2347 650 2402; x_wconf 90' lang='lat' dir='ltr'><strong>iu</strong></span> <span class='ocrx_word' id='word_1_164' title='bbox 677 2359 747 2404; x_wconf 77' lang='lat' dir='ltr'><strong>cusu</strong></span> <span class='ocrx_word' id='word_1_165' title='bbox 767 2343 819 2402; x_wconf 94' lang='lat' dir='ltr'><strong>iiio</strong></span> <span class='ocrx_word' id='word_1_166' title='bbox 843 2342 982 2419; x_wconf 86' lang='lat' dir='ltr'><strong>pecuiiuri</strong></span> <span class='ocrx_word' id='word_1_167' title='bbox 1011 2341 1215 2402; x_wconf 84' lang='lat' dir='ltr'><strong>udhibeeutnr.</strong></span> 
     </span>
     <span class='ocr_line' id='line_1_21' title="bbox 134 2435 1217 2518; baseline 0.001 -19"><span class='ocrx_word' id='word_1_168' title='bbox 134 2439 213 2499; x_wconf 78' lang='lat' dir='ltr'><strong>itum</strong></span> <span class='ocrx_word' id='word_1_169' title='bbox 236 2441 262 2498; x_wconf 83' lang='lat' dir='ltr'><strong>ei</strong></span> <span class='ocrx_word' id='word_1_170' title='bbox 284 2455 391 2501; x_wconf 79' lang='lat' dir='ltr'><strong>consue</strong></span> <span class='ocrx_word' id='word_1_171' title='bbox 409 2441 558 2501; x_wconf 75' lang='lat' dir='ltr'><strong>nuturulee</strong></span> <span class='ocrx_word' id='word_1_172' title='bbox 574 2435 742 2518; x_wconf 76' lang='lat' dir='ltr'><strong>adhibitae,</strong></span> <span class='ocrx_word' id='word_1_173' title='bbox 759 2441 877 2502; x_wconf 87' lang='lat' dir='ltr'><strong>eiicctui</strong></span> <span class='ocrx_word' id='word_1_174' title='bbox 894 2439 1071 2518; x_wconf 83' lang='lat' dir='ltr'><strong>precnteudo</strong></span> <span class='ocrx_word' id='word_1_175' title='bbox 1091 2443 1217 2516; x_wconf 85' lang='lat' dir='ltr'><strong>impurcc</strong></span> 
     </span>
     <span class='ocr_line' id='line_1_22' title="bbox 135 2536 1218 2616; baseline 0.003 -20"><span class='ocrx_word' id='word_1_176' title='bbox 135 2536 224 2613; x_wconf 83' lang='lat' dir='ltr'><strong>piene</strong></span> <span class='ocrx_word' id='word_1_177' title='bbox 237 2545 318 2614; x_wconf 84' lang='lat' dir='ltr'><strong>cunt,</strong></span> <span class='ocrx_word' id='word_1_178' title='bbox 332 2538 463 2615; x_wconf 84' lang='lat' dir='ltr'><strong>proiecto</strong></span> <span class='ocrx_word' id='word_1_179' title='bbox 480 2555 602 2600; x_wconf 81' lang='lat' dir='ltr'><strong>cuneum</strong></span> <span class='ocrx_word' id='word_1_180' title='bbox 619 2543 775 2616; x_wconf 74' lang='lat' dir='ltr'><strong>superioris</strong></span> <span class='ocrx_word' id='word_1_181' title='bbox 793 2539 904 2599; x_wconf 75' lang='lat' dir='ltr'><strong>ordinis</strong></span> <span class='ocrx_word' id='word_1_182' title='bbox 923 2554 1027 2614; x_wconf 80' lang='lat' dir='ltr'><strong>nempe</strong></span> <span class='ocrx_word' id='word_1_183' title='bbox 1045 2553 1218 2615; x_wconf 81' lang='lat' dir='ltr'><strong>supermun-</strong></span> 
     </span>
     <span class='ocr_line' id='line_1_23' title="bbox 135 2633 1217 2713; baseline 0.004 -21"><span class='ocrx_word' id='word_1_184' title='bbox 135 2633 245 2694; x_wconf 84' lang='lat' dir='ltr'><strong>duuum</strong></span> <span class='ocrx_word' id='word_1_185' title='bbox 265 2636 442 2696; x_wconf 84' lang='lat' dir='ltr'><strong>intercedere</strong></span> <span class='ocrx_word' id='word_1_186' title='bbox 461 2636 580 2713; x_wconf 88' lang='lat' dir='ltr'><strong>putcbit.</strong></span> <span class='ocrx_word' id='word_1_187' title='bbox 607 2636 664 2697; x_wconf 85' lang='lat' dir='ltr'><strong>Sed</strong></span> <span class='ocrx_word' id='word_1_188' title='bbox 684 2636 722 2697; x_wconf 85' lang='lat' dir='ltr'><strong>ud</strong></span> <span class='ocrx_word' id='word_1_189' title='bbox 744 2638 800 2697; x_wconf 85' lang='lat' dir='ltr'><strong>hoc</strong></span> <span class='ocrx_word' id='word_1_190' title='bbox 817 2636 1037 2698; x_wconf 74' lang='lat' dir='ltr'><strong>diiudicandum</strong></span> <span class='ocrx_word' id='word_1_191' title='bbox 1063 2651 1149 2712; x_wconf 83' lang='lat' dir='ltr'><strong>eecpe</strong></span> <span class='ocrx_word' id='word_1_192' title='bbox 1173 2653 1217 2696; x_wconf 90' lang='lat' dir='ltr'><strong>re·</strong></span> 
     </span>
     <span class='ocr_line' id='line_1_24' title="bbox 135 2733 1219 2825; baseline 0.006 -33"><span class='ocrx_word' id='word_1_193' title='bbox 135 2749 204 2825; x_wconf 82' lang='lat' dir='ltr'><strong>rum</strong></span> <span class='ocrx_word' id='word_1_194' title='bbox 229 2733 419 2812; x_wconf 72' lang='lat' dir='ltr'><strong>physicumm</strong></span> <span class='ocrx_word' id='word_1_195' title='bbox 440 2737 568 2813; x_wconf 89' lang='lat' dir='ltr'><strong>peritiu,</strong></span> <span class='ocrx_word' id='word_1_196' title='bbox 593 2743 716 2796; x_wconf 85' lang='lat' dir='ltr'><strong>numme</strong></span> <span class='ocrx_word' id='word_1_197' title='bbox 736 2733 865 2796; x_wconf 84' lang='lat' dir='ltr'><strong>studium</strong></span> <span class='ocrx_word' id='word_1_198' title='bbox 882 2751 898 2812; x_wconf 92' lang='lat'><strong>,·</strong></span> <span class='ocrx_word' id='word_1_199' title='bbox 912 2744 941 2796; x_wconf 90' lang='lat' dir='ltr'><strong>et</strong></span> <span class='ocrx_word' id='word_1_200' title='bbox 964 2736 1086 2813; x_wconf 83' lang='lat' dir='ltr'><strong>iugum,</strong></span> <span class='ocrx_word' id='word_1_201' title='bbox 1112 2735 1219 2812; x_wconf 75' lang='lat' dir='ltr'><strong>quibus</strong></span> 
     </span>
     <span class='ocr_line' id='line_1_25' title="bbox 135 2832 1220 2912; baseline 0.005 -23"><span class='ocrx_word' id='word_1_202' title='bbox 135 2832 198 2890; x_wconf 82' lang='lat' dir='ltr'><strong>eius</strong></span> <span class='ocrx_word' id='word_1_203' title='bbox 212 2847 317 2902; x_wconf 69' lang='lat' dir='ltr'><strong>cursus</strong></span> <span class='ocrx_word' id='word_1_204' title='bbox 334 2833 482 2911; x_wconf 89' lang='lat' dir='ltr'><strong>dirigitur,</strong></span> <span class='ocrx_word' id='word_1_205' title='bbox 494 2833 639 2909; x_wconf 81' lang='lat' dir='ltr'><strong>pmtundu</strong></span> <span class='ocrx_word' id='word_1_206' title='bbox 653 2837 781 2912; x_wconf 79' lang='lat' dir='ltr'><strong>cognitio</strong></span> <span class='ocrx_word' id='word_1_207' title='bbox 802 2837 966 2900; x_wconf 79' lang='lat' dir='ltr'><strong>nocecsnriu</strong></span> <span class='ocrx_word' id='word_1_208' title='bbox 984 2836 1050 2894; x_wconf 83' lang='lat' dir='ltr'><strong>erit.</strong></span> <span class='ocrx_word' id='word_1_209' title='bbox 1064 2835 1145 2908; x_wconf 78' lang='lat' dir='ltr'><strong>Quae</strong></span> <span class='ocrx_word' id='word_1_210' title='bbox 1158 2837 1220 2912; x_wconf 88' lang='lat' dir='ltr'><strong>qui·</strong></span> 
     </span>
     <span class='ocr_line' id='line_1_26' title="bbox 134 2928 1219 3009; baseline 0.006 -21"><span class='ocrx_word' id='word_1_211' title='bbox 134 2928 203 2988; x_wconf 87' lang='lat' dir='ltr'><strong>dem</strong></span> <span class='ocrx_word' id='word_1_212' title='bbox 220 2933 349 3007; x_wconf 78' lang='lat' dir='ltr'><strong>cognitio</strong></span> <span class='ocrx_word' id='word_1_213' title='bbox 365 2947 424 2990; x_wconf 92' lang='lat' dir='ltr'><strong>non</strong></span> <span class='ocrx_word' id='word_1_214' title='bbox 442 2932 620 2992; x_wconf 82' lang='lat' dir='ltr'><strong>uniroreuiis</strong></span> <span class='ocrx_word' id='word_1_215' title='bbox 642 2949 706 2992; x_wconf 82' lang='lat' dir='ltr'><strong>cese</strong></span> <span class='ocrx_word' id='word_1_216' title='bbox 724 2933 832 3009; x_wconf 88' lang='lat' dir='ltr'><strong>debet,</strong></span> <span class='ocrx_word' id='word_1_217' title='bbox 854 2935 896 2993; x_wconf 80' lang='lat' dir='ltr'><strong>itu</strong></span> <span class='ocrx_word' id='word_1_218' title='bbox 919 2940 953 2993; x_wconf 84' lang='lat' dir='ltr'><strong>ut</strong></span> <span class='ocrx_word' id='word_1_219' title='bbox 975 2935 1076 2994; x_wconf 81' lang='lat' dir='ltr'><strong>ornnes</strong></span> <span class='ocrx_word' id='word_1_220' title='bbox 1098 2936 1219 2994; x_wconf 90' lang='lat' dir='ltr'><strong>omnino</strong></span> 
     </span>
     <span class='ocr_line' id='line_1_27' title="bbox 133 3028 1218 3106; baseline 0.004 -20"><span class='ocrx_word' id='word_1_221' title='bbox 133 3041 240 3087; x_wconf 78' lang='lat' dir='ltr'><strong>cousus</strong></span> <span class='ocrx_word' id='word_1_222' title='bbox 266 3030 297 3086; x_wconf 94' lang='lat' dir='ltr'><strong>in</strong></span> <span class='ocrx_word' id='word_1_223' title='bbox 319 3028 430 3088; x_wconf 87' lang='lat' dir='ltr'><strong>mundo</strong></span> <span class='ocrx_word' id='word_1_224' title='bbox 451 3035 599 3089; x_wconf 80' lang='lat' dir='ltr'><strong>exetomeu</strong></span> <span class='ocrx_word' id='word_1_225' title='bbox 622 3030 861 3106; x_wconf 81' lang='lat' dir='ltr'><strong>comprehendet.</strong></span> <span class='ocrx_word' id='word_1_226' title='bbox 891 3030 926 3090; x_wconf 95' lang='lat' dir='ltr'><strong>id</strong></span> <span class='ocrx_word' id='word_1_227' title='bbox 949 3034 1026 3090; x_wconf 89' lang='lat' dir='ltr'><strong>enim</strong></span> <span class='ocrx_word' id='word_1_228' title='bbox 1050 3029 1218 3091; x_wconf 75' lang='lat' dir='ltr'><strong>adiectum</strong></span> 
     </span>
     <span class='ocr_line' id='line_1_28' title="bbox 134 3123 1216 3205; baseline 0.006 -23"><span class='ocrx_word' id='word_1_229' title='bbox 134 3123 210 3184; x_wconf 90' lang='lat' dir='ltr'><strong>iiiud</strong></span> <span class='ocrx_word' id='word_1_230' title='bbox 233 3124 424 3186; x_wconf 81' lang='lat' dir='ltr'><strong>indicendum</strong></span> <span class='ocrx_word' id='word_1_231' title='bbox 443 3142 502 3186; x_wconf 92' lang='lat' dir='ltr'><strong>nou</strong></span> <span class='ocrx_word' id='word_1_232' title='bbox 522 3129 701 3204; x_wconf 79' lang='lat' dir='ltr'><strong>requiritur,</strong></span> <span class='ocrx_word' id='word_1_233' title='bbox 723 3135 753 3187; x_wconf 90' lang='lat' dir='ltr'><strong>et</strong></span> <span class='ocrx_word' id='word_1_234' title='bbox 779 3127 934 3188; x_wconf 88' lang='lat' dir='ltr'><strong>ridiouium</strong></span> <span class='ocrx_word' id='word_1_235' title='bbox 964 3135 1039 3188; x_wconf 75' lang='lat' dir='ltr'><strong>ercet</strong></span> <span class='ocrx_word' id='word_1_236' title='bbox 1057 3129 1216 3205; x_wconf 84' lang='lat' dir='ltr'><strong>postniurc.</strong></span> 
     </span>
     <span class='ocr_line' id='line_1_29' title="bbox 134 3219 1220 3303; baseline 0.006 -23"><span class='ocrx_word' id='word_1_237' title='bbox 134 3219 203 3280; x_wconf 82' lang='lat' dir='ltr'><strong>Nou</strong></span> <span class='ocrx_word' id='word_1_238' title='bbox 227 3224 306 3281; x_wconf 89' lang='lat' dir='ltr'><strong>cuim</strong></span> <span class='ocrx_word' id='word_1_239' title='bbox 325 3222 364 3282; x_wconf 87' lang='lat' dir='ltr'><strong>ud</strong></span> <span class='ocrx_word' id='word_1_240' title='bbox 385 3223 458 3282; x_wconf 90' lang='lat' dir='ltr'><strong>iiiud</strong></span> <span class='ocrx_word' id='word_1_241' title='bbox 477 3224 694 3301; x_wconf 89' lang='lat' dir='ltr'><strong>producendum</strong></span> <span class='ocrx_word' id='word_1_242' title='bbox 717 3241 820 3284; x_wconf 75' lang='lat' dir='ltr'><strong>omncs</strong></span> <span class='ocrx_word' id='word_1_243' title='bbox 844 3228 1112 3302; x_wconf 66' lang='lat' dir='ltr'><strong>omnicoetum,</strong></span> <span class='ocrx_word' id='word_1_244' title='bbox 1135 3232 1220 3303; x_wconf 89' lang='lat' dir='ltr'><strong>quot·</strong></span> 
     </span>
     <span class='ocr_line' id='line_1_30' title="bbox 133 3320 1219 3398; baseline 0.007 -22"><span class='ocrx_word' id='word_1_245' title='bbox 133 3322 208 3393; x_wconf 81' lang='lat' dir='ltr'><strong>quot</strong></span> <span class='ocrx_word' id='word_1_246' title='bbox 229 3321 260 3377; x_wconf 92' lang='lat' dir='ltr'><strong>in</strong></span> <span class='ocrx_word' id='word_1_247' title='bbox 284 3320 394 3379; x_wconf 89' lang='lat' dir='ltr'><strong>mundo</strong></span> <span class='ocrx_word' id='word_1_248' title='bbox 415 3327 546 3398; x_wconf 75' lang='lat' dir='ltr'><strong>exstent,</strong></span> <span class='ocrx_word' id='word_1_249' title='bbox 564 3327 634 3382; x_wconf 79' lang='lat' dir='ltr'><strong>eunt</strong></span> <span class='ocrx_word' id='word_1_250' title='bbox 654 3321 829 3398; x_wconf 87' lang='lat' dir='ltr'><strong>uppiicutue,</strong></span> <span class='ocrx_word' id='word_1_251' title='bbox 851 3322 902 3382; x_wconf 82' lang='lat' dir='ltr'><strong>sed</strong></span> <span class='ocrx_word' id='word_1_252' title='bbox 922 3324 1080 3384; x_wconf 83' lang='lat' dir='ltr'><strong>nonouiiue</strong></span> <span class='ocrx_word' id='word_1_253' title='bbox 1103 3323 1219 3384; x_wconf 84' lang='lat' dir='ltr'><strong>domtu-</strong></span> 
     </span>
    </p>
   </div>
   <div class='ocr_carea' id='block_1_5' title="bbox 133 3415 1339 3498">
    <p class='ocr_par' dir='ltr' id='par_1_6' title="bbox 133 3415 1339 3498">
     <span class='ocr_line' id='line_1_31' title="bbox 133 3415 1339 3498; baseline 0.007 -24"><span class='ocrx_word' id='word_1_254' title='bbox 133 3420 198 3474; x_wconf 84' lang='lat' dir='ltr'><strong>xut.</strong></span> <span class='ocrx_word' id='word_1_255' title='bbox 218 3415 331 3476; x_wconf 85' lang='lat' dir='ltr'><strong>iiururn</strong></span> <span class='ocrx_word' id='word_1_256' title='bbox 349 3419 440 3494; x_wconf 89' lang='lat' dir='ltr'><strong>igitur</strong></span> <span class='ocrx_word' id='word_1_257' title='bbox 458 3434 635 3495; x_wconf 78' lang='lat' dir='ltr'><strong>cuneorum,</strong></span> <span class='ocrx_word' id='word_1_258' title='bbox 658 3435 736 3495; x_wconf 82' lang='lat' dir='ltr'><strong>quun</strong></span> <span class='ocrx_word' id='word_1_259' title='bbox 756 3435 859 3496; x_wconf 78' lang='lat' dir='ltr'><strong>reapse</strong></span> <span class='ocrx_word' id='word_1_260' title='bbox 881 3419 1094 3498; x_wconf 73' lang='lat' dir='ltr'><strong>ictericorum,</strong></span> <span class='ocrx_word' id='word_1_261' title='bbox 1115 3421 1220 3481; x_wconf 82' lang='lat' dir='ltr'><strong>idoneo</strong></span> <span class='ocrx_word' id='word_1_262' title='bbox 1334 3433 1339 3442; x_wconf 86' lang='lat'>·</span> 
     </span>
    </p>
   </div>
   <div class='ocr_carea' id='block_1_6' title="bbox 134 3513 1221 4083">
    <p class='ocr_par' dir='ltr' id='par_1_7' title="bbox 134 3513 1221 3670">
     <span class='ocr_line' id='line_1_32' title="bbox 134 3513 1221 3594; baseline 0.006 -23"><span class='ocrx_word' id='word_1_263' title='bbox 134 3515 265 3590; x_wconf 84' lang='lat' dir='ltr'><strong>cognitio</strong></span> <span class='ocrx_word' id='word_1_264' title='bbox 283 3513 406 3591; x_wconf 82' lang='lat' dir='ltr'><strong>suiiieit,</strong></span> <span class='ocrx_word' id='word_1_265' title='bbox 423 3521 458 3576; x_wconf 89' lang='lat' dir='ltr'><strong>ut</strong></span> <span class='ocrx_word' id='word_1_266' title='bbox 475 3515 619 3577; x_wconf 83' lang='lat' dir='ltr'><strong>iudicetur</strong></span> <span class='ocrx_word' id='word_1_267' title='bbox 630 3523 731 3576; x_wconf 89' lang='lat' dir='ltr'><strong>utrum</strong></span> <span class='ocrx_word' id='word_1_268' title='bbox 749 3515 871 3576; x_wconf 80' lang='lat' dir='ltr'><strong>ciiectnn</strong></span> <span class='ocrx_word' id='word_1_269' title='bbox 890 3517 999 3577; x_wconf 78' lang='lat' dir='ltr'><strong>eisdem</strong></span> <span class='ocrx_word' id='word_1_270' title='bbox 1015 3516 1134 3578; x_wconf 78' lang='lat' dir='ltr'><strong>attribui</strong></span> <span class='ocrx_word' id='word_1_271' title='bbox 1153 3535 1221 3594; x_wconf 83' lang='lat' dir='ltr'><strong>pos·</strong></span> 
     </span>
     <span class='ocr_line' id='line_1_33' title="bbox 135 3611 298 3670; baseline 0.006 -1"><span class='ocrx_word' id='word_1_272' title='bbox 135 3611 178 3669; x_wconf 78' lang='lat' dir='ltr'><strong>rit</strong></span> <span class='ocrx_word' id='word_1_273' title='bbox 195 3625 269 3669; x_wconf 88' lang='lat' dir='ltr'><strong>uecn</strong></span> <span class='ocrx_word' id='word_1_274' title='bbox 289 3654 298 3670; x_wconf 94' lang='lat'><strong><em>.</em></strong></span> 
     </span>
    </p>

    <p class='ocr_par' dir='ltr' id='par_1_8' title="bbox 134 3627 1220 4083">
     <span class='ocr_line' id='line_1_34' title="bbox 193 3627 1217 3789; baseline 0.006 -23"><span class='ocrx_word' id='word_1_275' title='bbox 193 3627 327 3784; x_wconf 51' lang='lat' dir='ltr'><strong>Benigne</strong></span> <span class='ocrx_word' id='word_1_276' title='bbox 343 3716 377 3769; x_wconf 86' lang='lat' dir='ltr'><strong>nt</strong></span> <span class='ocrx_word' id='word_1_277' title='bbox 392 3713 464 3770; x_wconf 91' lang='lat' dir='ltr'><strong>certi</strong></span> <span class='ocrx_word' id='word_1_278' title='bbox 479 3711 648 3788; x_wconf 81' lang='lat' dir='ltr'><strong>reddemur,</strong></span> <span class='ocrx_word' id='word_1_279' title='bbox 665 3713 705 3773; x_wconf 85' lang='lat' dir='ltr'><strong>ibi</strong></span> <span class='ocrx_word' id='word_1_280' title='bbox 719 3713 832 3772; x_wconf 84' lang='lat' dir='ltr'><strong>nuiium</strong></span> <span class='ocrx_word' id='word_1_281' title='bbox 850 3713 919 3772; x_wconf 83' lang='lat' dir='ltr'><strong>muii</strong></span> <span class='ocrx_word' id='word_1_282' title='bbox 934 3714 1054 3789; x_wconf 82' lang='lat' dir='ltr'><strong>spirituc</strong></span> <span class='ocrx_word' id='word_1_283' title='bbox 1070 3713 1217 3773; x_wconf 80' lang='lat' dir='ltr'><strong>iniieoinm</strong></span> 
     </span>
     <span class='ocr_line' id='line_1_35' title="bbox 134 3807 1220 3905; baseline 0.006 -43"><span class='ocrx_word' id='word_1_284' title='bbox 134 3808 292 3864; x_wconf 84' lang='lat' dir='ltr'><strong>uetemtori</strong></span> <span class='ocrx_word' id='word_1_285' title='bbox 309 3807 398 3868; x_wconf 88' lang='lat' dir='ltr'><strong>eiicui</strong></span> <span class='ocrx_word' id='word_1_286' title='bbox 421 3809 594 3905; x_wconf 68' lang='lat' dir='ltr'><strong>opituinntie</strong></span> <span class='ocrx_word' id='word_1_287' title='bbox 613 3809 797 3886; x_wconf 79' lang='lat' dir='ltr'><strong>iuteriuiuee,</strong></span> <span class='ocrx_word' id='word_1_288' title='bbox 823 3826 842 3869; x_wconf 86' lang='lat' dir='ltr'><strong>u</strong></span> <span class='ocrx_word' id='word_1_289' title='bbox 865 3810 927 3869; x_wconf 84' lang='lat' dir='ltr'><strong>lico</strong></span> <span class='ocrx_word' id='word_1_290' title='bbox 944 3811 1061 3888; x_wconf 86' lang='lat' dir='ltr'><strong>quidem</strong></span> <span class='ocrx_word' id='word_1_291' title='bbox 1086 3827 1145 3869; x_wconf 92' lang='lat' dir='ltr'><strong>non</strong></span> <span class='ocrx_word' id='word_1_292' title='bbox 1163 3813 1220 3870; x_wconf 80' lang='lat' dir='ltr'><strong>ius·</strong></span> 
     </span>
     <span class='ocr_line' id='line_1_36' title="bbox 134 3901 1219 3981; baseline 0.006 -22"><span class='ocrx_word' id='word_1_293' title='bbox 134 3915 200 3960; x_wconf 82' lang='lat' dir='ltr'><strong>eum</strong></span> <span class='ocrx_word' id='word_1_294' title='bbox 216 3901 268 3961; x_wconf 80' lang='lat' dir='ltr'><strong>ced</strong></span> <span class='ocrx_word' id='word_1_295' title='bbox 286 3906 475 3981; x_wconf 73' lang='lat' dir='ltr'><strong>permissum,</strong></span> <span class='ocrx_word' id='word_1_296' title='bbox 497 3905 655 3967; x_wconf 85' lang='lat' dir='ltr'><strong>ridendum</strong></span> <span class='ocrx_word' id='word_1_297' title='bbox 676 3909 732 3966; x_wconf 89' lang='lat' dir='ltr'><strong>erit</strong></span> <span class='ocrx_word' id='word_1_298' title='bbox 752 3914 850 3968; x_wconf 89' lang='lat' dir='ltr'><strong>utrum</strong></span> <span class='ocrx_word' id='word_1_299' title='bbox 871 3909 940 3968; x_wconf 84' lang='lat' dir='ltr'><strong>inde</strong></span> <span class='ocrx_word' id='word_1_300' title='bbox 962 3923 1043 3968; x_wconf 86' lang='lat' dir='ltr'><strong>error</strong></span> <span class='ocrx_word' id='word_1_301' title='bbox 1061 3907 1219 3966; x_wconf 82' lang='lat' dir='ltr'><strong>invincibi-</strong></span> 
     </span>
     <span class='ocr_line' id='line_1_37' title="bbox 135 3997 1215 4083; baseline 0.006 -27"><span class='ocrx_word' id='word_1_302' title='bbox 135 3997 174 4058; x_wconf 80' lang='lat' dir='ltr'><strong>iiu</strong></span> <span class='ocrx_word' id='word_1_303' title='bbox 193 4006 359 4061; x_wconf 77' lang='lat' dir='ltr'><strong>nuuoutur.</strong></span> <span class='ocrx_word' id='word_1_304' title='bbox 379 4001 410 4062; x_wconf 88' lang='lat' dir='ltr'><strong>Si</strong></span> <span class='ocrx_word' id='word_1_305' title='bbox 427 4005 506 4064; x_wconf 82' lang='lat' dir='ltr'><strong>enim</strong></span> <span class='ocrx_word' id='word_1_306' title='bbox 530 4002 643 4064; x_wconf 77' lang='lat' dir='ltr'><strong>iactum</strong></span> <span class='ocrx_word' id='word_1_307' title='bbox 664 4007 708 4064; x_wconf 84' lang='lat' dir='ltr'><strong>cic</strong></span> <span class='ocrx_word' id='word_1_308' title='bbox 731 4007 888 4083; x_wconf 86' lang='lat' dir='ltr'><strong>contingit,</strong></span> <span class='ocrx_word' id='word_1_309' title='bbox 913 4014 944 4066; x_wconf 92' lang='lat' dir='ltr'><strong>nt</strong></span> <span class='ocrx_word' id='word_1_310' title='bbox 968 4004 1049 4065; x_wconf 88' lang='lat' dir='ltr'><strong>nniiu</strong></span> <span class='ocrx_word' id='word_1_311' title='bbox 1076 4001 1215 4080; x_wconf 84' lang='lat' dir='ltr'><strong>praebent</strong></span> 
     </span>
    </p>
   </div>
   <div class='ocr_carea' id='block_1_7' title="bbox 0 0 1451 4425">
    <p class='ocr_par' dir='ltr' id='par_1_9' title="bbox 0 0 1451 4425">
     <span class='ocr_line' id='line_1_38' title="bbox 0 0 1451 4425; baseline 0 0"><span class='ocrx_word' id='word_1_312' title='bbox 0 0 1451 4425; x_wconf 95' lang='lat' dir='ltr'><strong> </strong></span> 
     </span>
    </p>
   </div>
  </div>
 </body>
</html>
