<?xml version="1.0" encoding="UTF-8"?>
<!DOCTYPE html PUBLIC "-//W3C//DTD XHTML 1.0 Transitional//EN"
    "http://www.w3.org/TR/xhtml1/DTD/xhtml1-transitional.dtd">
<html xmlns="http://www.w3.org/1999/xhtml" xml:lang="en" lang="en">
 <head>
  <title>
</title>
<meta http-equiv="Content-Type" content="text/html;charset=utf-8" />
  <meta name='ocr-system' content='tesseract 3.04.00' />
  <meta name='ocr-capabilities' content='ocr_page ocr_carea ocr_par ocr_line ocrx_word'/>
</head>
<body>
  <div class='ocr_page' id='page_1' title='image "./institutionesph01libegoog_0190.png"; bbox 0 0 2892 4425; ppageno 0'>
   <div class='ocr_carea' id='block_1_1' title="bbox 216 353 964 404">
    <p class='ocr_par' dir='ltr' id='par_1_1' title="bbox 216 353 964 404">
     <span class='ocr_line' id='line_1_1' title="bbox 216 353 964 404; baseline -0.004 0"><span class='ocrx_word' id='word_1_1' title='bbox 216 353 272 404; x_wconf 78' lang='lat' dir='ltr'><strong>iai</strong></span> <span class='ocrx_word' id='word_1_2' title='bbox 544 357 767 402; x_wconf 64' lang='lat' dir='ltr'><strong>mersamine</strong></span> <span class='ocrx_word' id='word_1_3' title='bbox 788 355 964 402; x_wconf 73' lang='lat' dir='ltr'><strong>cananitis</strong></span> 
     </span>
    </p>
   </div>
   <div class='ocr_carea' id='block_1_2' title="bbox 210 448 1290 1217">
    <p class='ocr_par' dir='ltr' id='par_1_2' title="bbox 211 448 1195 546">
     <span class='ocr_line' id='line_1_2' title="bbox 211 448 1195 546; baseline 0.001 -20"><span class='ocrx_word' id='word_1_4' title='bbox 211 466 362 546; x_wconf 81' lang='lat' dir='ltr'><strong>possibilia</strong></span> <span class='ocrx_word' id='word_1_5' title='bbox 381 466 513 526; x_wconf 87' lang='lat' dir='ltr'><strong>ordinem</strong></span> <span class='ocrx_word' id='word_1_6' title='bbox 537 481 595 524; x_wconf 93' lang='lat' dir='ltr'><strong>non</strong></span> <span class='ocrx_word' id='word_1_7' title='bbox 620 461 795 544; x_wconf 80' lang='lat' dir='ltr'><strong>involvunt,</strong></span> <span class='ocrx_word' id='word_1_8' title='bbox 823 470 879 528; x_wconf 87' lang='lat' dir='ltr'><strong>ulei</strong></span> <span class='ocrx_word' id='word_1_9' title='bbox 903 467 941 527; x_wconf 87' lang='lat' dir='ltr'><strong>ad</strong></span> <span class='ocrx_word' id='word_1_10' title='bbox 965 467 1096 528; x_wconf 85' lang='lat' dir='ltr'><strong>divinam</strong></span> <span class='ocrx_word' id='word_1_11' title='bbox 1114 448 1195 527; x_wconf 48' lang='lat' dir='ltr'><strong>den</strong></span> 
     </span>
    </p>

    <p class='ocr_par' dir='ltr' id='par_1_3' title="bbox 211 563 1198 739">
     <span class='ocr_line' id='line_1_3' title="bbox 211 563 1198 642; baseline 0 -18"><span class='ocrx_word' id='word_1_12' title='bbox 211 582 230 624; x_wconf 89' lang='lat' dir='ltr'><strong>a</strong></span> <span class='ocrx_word' id='word_1_13' title='bbox 252 579 312 642; x_wconf 86' lang='lat' dir='ltr'><strong>qna</strong></span> <span class='ocrx_word' id='word_1_14' title='bbox 334 579 389 623; x_wconf 87' lang='lat' dir='ltr'><strong>ceu</strong></span> <span class='ocrx_word' id='word_1_15' title='bbox 413 563 451 623; x_wconf 88' lang='lat' dir='ltr'><strong>ab</strong></span> <span class='ocrx_word' id='word_1_16' title='bbox 475 563 634 640; x_wconf 85' lang='lat' dir='ltr'><strong>exemplari</strong></span> <span class='ocrx_word' id='word_1_17' title='bbox 656 579 793 640; x_wconf 86' lang='lat' dir='ltr'><strong>supremo</strong></span> <span class='ocrx_word' id='word_1_18' title='bbox 809 567 1010 642; x_wconf 84' lang='lat' dir='ltr'><strong>continentur3</strong></span> <span class='ocrx_word' id='word_1_19' title='bbox 1029 569 1116 642; x_wconf 87' lang='lat' dir='ltr'><strong>atque</strong></span> <span class='ocrx_word' id='word_1_20' title='bbox 1136 565 1198 624; x_wconf 86' lang='lat' dir='ltr'><strong>ideo</strong></span> 
     </span>
     <span class='ocr_line' id='line_1_4' title="bbox 211 660 1194 739; baseline -0.001 -18"><span class='ocrx_word' id='word_1_21' title='bbox 211 661 345 721; x_wconf 83' lang='lat' dir='ltr'><strong>divinum</strong></span> <span class='ocrx_word' id='word_1_22' title='bbox 365 660 545 720; x_wconf 87' lang='lat' dir='ltr'><strong>intellectum</strong></span> <span class='ocrx_word' id='word_1_23' title='bbox 569 661 625 720; x_wconf 90' lang='lat' dir='ltr'><strong>boc</strong></span> <span class='ocrx_word' id='word_1_24' title='bbox 644 662 730 720; x_wconf 62' lang='lat' dir='ltr'><strong>mmo</strong></span> <span class='ocrx_word' id='word_1_25' title='bbox 753 669 866 722; x_wconf 85' lang='lat' dir='ltr'><strong>tantum</strong></span> <span class='ocrx_word' id='word_1_26' title='bbox 887 663 1080 738; x_wconf 85' lang='lat' dir='ltr'><strong>praecedunt,</strong></span> <span class='ocrx_word' id='word_1_27' title='bbox 1101 679 1194 739; x_wconf 74' lang='lat' dir='ltr'><strong>quemn</strong></span> 
     </span>
    </p>

    <p class='ocr_par' dir='ltr' id='par_1_4' title="bbox 210 757 1218 1029">
     <span class='ocr_line' id='line_1_5' title="bbox 210 757 1196 834; baseline 0.001 -17"><span class='ocrx_word' id='word_1_28' title='bbox 210 757 280 817; x_wconf 88' lang='lat' dir='ltr'><strong>dum</strong></span> <span class='ocrx_word' id='word_1_29' title='bbox 301 760 372 818; x_wconf 77' lang='lat' dir='ltr'><strong>sads</strong></span> <span class='ocrx_word' id='word_1_30' title='bbox 388 758 548 816; x_wconf 76' lang='lat' dir='ltr'>luculenter</span> <span class='ocrx_word' id='word_1_31' title='bbox 569 757 793 834; x_wconf 71' lang='lat' dir='ltr'><strong>explicavimus.</strong></span> <span class='ocrx_word' id='word_1_32' title='bbox 817 759 980 823; x_wconf 84' lang='lat' dir='ltr'><strong>Transmisl</strong></span> <span class='ocrx_word' id='word_1_33' title='bbox 999 765 1097 819; x_wconf 85' lang='lat' dir='ltr'><strong>autem</strong></span> <span class='ocrx_word' id='word_1_34' title='bbox 1116 764 1196 819; x_wconf 75' lang='lat' dir='ltr'><strong>nater</strong></span> 
     </span>
     <span class='ocr_line' id='line_1_6' title="bbox 210 855 1190 932; baseline 0 -16"><span class='ocrx_word' id='word_1_35' title='bbox 210 858 297 932; x_wconf 83' lang='lat' dir='ltr'><strong>qula,</strong></span> <span class='ocrx_word' id='word_1_36' title='bbox 311 872 380 916; x_wconf 90' lang='lat' dir='ltr'><strong>eum</strong></span> <span class='ocrx_word' id='word_1_37' title='bbox 401 855 566 931; x_wconf 88' lang='lat' dir='ltr'><strong>possibilia,</strong></span> <span class='ocrx_word' id='word_1_38' title='bbox 583 871 620 916; x_wconf 87' lang='lat' dir='ltr'><strong>ac</strong></span> <span class='ocrx_word' id='word_1_39' title='bbox 640 855 761 931; x_wconf 75' lang='lat' dir='ltr'><strong>proinde</strong></span> <span class='ocrx_word' id='word_1_40' title='bbox 775 859 838 932; x_wconf 86' lang='lat' dir='ltr'><strong>ipsa</strong></span> <span class='ocrx_word' id='word_1_41' title='bbox 852 859 977 917; x_wconf 81' lang='lat' dir='ltr'><strong>essendo</strong></span> <span class='ocrx_word' id='word_1_42' title='bbox 995 863 1024 916; x_wconf 90' lang='lat' dir='ltr'><strong>et</strong></span> <span class='ocrx_word' id='word_1_43' title='bbox 1040 859 1086 917; x_wconf 88' lang='lat' dir='ltr'><strong>vis</strong></span> <span class='ocrx_word' id='word_1_44' title='bbox 1099 857 1190 917; x_wconf 87' lang='lat' dir='ltr'><strong>libera</strong></span> 
     </span>
     <span class='ocr_line' id='line_1_7' title="bbox 210 953 1218 1029; baseline -0.002 -17"><span class='ocrx_word' id='word_1_45' title='bbox 210 960 293 1012; x_wconf 88' lang='lat' dir='ltr'><strong>turae</strong></span> <span class='ocrx_word' id='word_1_46' title='bbox 312 953 464 1012; x_wconf 87' lang='lat' dir='ltr'><strong>rationalis</strong></span> <span class='ocrx_word' id='word_1_47' title='bbox 476 955 516 1012; x_wconf 85' lang='lat' dir='ltr'><strong>sit</strong></span> <span class='ocrx_word' id='word_1_48' title='bbox 535 953 704 1028; x_wconf 83' lang='lat' dir='ltr'><strong>imperiecta</strong></span> <span class='ocrx_word' id='word_1_49' title='bbox 722 953 866 1029; x_wconf 87' lang='lat' dir='ltr'><strong>quaedam</strong></span> <span class='ocrx_word' id='word_1_50' title='bbox 884 956 1008 1014; x_wconf 87' lang='lat' dir='ltr'><strong>imitatio</strong></span> <span class='ocrx_word' id='word_1_51' title='bbox 1022 959 1145 1014; x_wconf 88' lang='lat' dir='ltr'><strong>naturae</strong></span> <span class='ocrx_word' id='word_1_52' title='bbox 1159 954 1218 1013; x_wconf 81' lang='lat' dir='ltr'><strong>dim</strong></span> 
     </span>
    </p>

    <p class='ocr_par' dir='ltr' id='par_1_5' title="bbox 210 1050 1290 1217">
     <span class='ocr_line' id='line_1_8' title="bbox 211 1050 1290 1127; baseline -0.002 -19"><span class='ocrx_word' id='word_1_53' title='bbox 211 1065 246 1108; x_wconf 86' lang='lat' dir='ltr'><strong>aa</strong></span> <span class='ocrx_word' id='word_1_54' title='bbox 261 1052 371 1126; x_wconf 85' lang='lat' dir='ltr'><strong>omniu,</strong></span> <span class='ocrx_word' id='word_1_55' title='bbox 390 1066 465 1126; x_wconf 82' lang='lat' dir='ltr'><strong>quae</strong></span> <span class='ocrx_word' id='word_1_56' title='bbox 483 1051 551 1109; x_wconf 92' lang='lat' dir='ltr'><strong>inde</strong></span> <span class='ocrx_word' id='word_1_57' title='bbox 565 1050 738 1127; x_wconf 89' lang='lat' dir='ltr'><strong>procedunt,</strong></span> <span class='ocrx_word' id='word_1_58' title='bbox 753 1058 862 1110; x_wconf 87' lang='lat' dir='ltr'><strong>remote</strong></span> <span class='ocrx_word' id='word_1_59' title='bbox 876 1052 979 1111; x_wconf 86' lang='lat' dir='ltr'><strong>saltem</strong></span> <span class='ocrx_word' id='word_1_60' title='bbox 999 1053 1029 1110; x_wconf 92' lang='lat' dir='ltr'><strong>in</strong></span> <span class='ocrx_word' id='word_1_61' title='bbox 1043 1058 1178 1110; x_wconf 86' lang='lat' dir='ltr'><strong>naturam</strong></span> <span class='ocrx_word' id='word_1_62' title='bbox 1197 1052 1290 1126; x_wconf 71' lang='lat' dir='ltr'><strong>ipsa...</strong></span> 
     </span>
     <span class='ocr_line' id='line_1_9' title="bbox 210 1146 939 1217; baseline 0.007 -11"><span class='ocrx_word' id='word_1_63' title='bbox 210 1147 341 1207; x_wconf 86' lang='lat' dir='ltr'><strong>divinam</strong></span> <span class='ocrx_word' id='word_1_64' title='bbox 360 1146 566 1217; x_wconf 86' lang='lat' dir='ltr'><strong>relnnduntur.</strong></span> <span class='ocrx_word' id='word_1_65' title='bbox 935 1178 939 1186; x_wconf 59' lang='lat'><em>¹</em></span> 
     </span>
    </p>
   </div>
   <div class='ocr_carea' id='block_1_3' title="bbox 628 1297 898 1403">
    <p class='ocr_par' dir='ltr' id='par_1_6' title="bbox 628 1297 898 1403">
     <span class='ocr_line' id='line_1_10' title="bbox 628 1297 898 1403; baseline 0.004 -1"><span class='ocrx_word' id='word_1_66' title='bbox 628 1343 811 1403; x_wconf 78' lang='lat' dir='ltr'><strong>Anarennus</strong></span> <span class='ocrx_word' id='word_1_67' title='bbox 831 1342 871 1403; x_wconf 91' lang='lat'><strong>11.</strong></span> <span class='ocrx_word' id='word_1_68' title='bbox 884 1297 898 1308; x_wconf 44' lang='grc'><strong>“</strong></span> 
     </span>
    </p>
   </div>
   <div class='ocr_carea' id='block_1_4' title="bbox 533 1536 968 1602">
    <p class='ocr_par' dir='ltr' id='par_1_7' title="bbox 533 1536 968 1602">
     <span class='ocr_line' id='line_1_11' title="bbox 533 1536 968 1602; baseline 0 -2"><span class='ocrx_word' id='word_1_69' title='bbox 533 1536 577 1600; x_wconf 84' lang='lat' dir='ltr'><strong>De</strong></span> <span class='ocrx_word' id='word_1_70' title='bbox 598 1541 727 1602; x_wconf 63' lang='lat' dir='ltr'><strong>ucenae</strong></span> <span class='ocrx_word' id='word_1_71' title='bbox 749 1547 778 1602; x_wconf 90' lang='lat' dir='ltr'><strong>et</strong></span> <span class='ocrx_word' id='word_1_72' title='bbox 800 1543 968 1602; x_wconf 73' lang='lat' dir='ltr'><strong>ecuimaa.</strong></span> 
     </span>
    </p>
   </div>
   <div class='ocr_carea' id='block_1_5' title="bbox 209 1725 1290 2197">
    <p class='ocr_par' dir='ltr' id='par_1_8' title="bbox 209 1725 1290 2197">
     <span class='ocr_line' id='line_1_12' title="bbox 272 1725 1289 1813; baseline 0.003 -24"><span class='ocrx_word' id='word_1_73' title='bbox 272 1738 323 1791; x_wconf 76' lang='lat' dir='ltr'><strong>ao.</strong></span> <span class='ocrx_word' id='word_1_74' title='bbox 344 1725 380 1788; x_wconf 89' lang='lat' dir='ltr'><strong>ln</strong></span> <span class='ocrx_word' id='word_1_75' title='bbox 394 1727 481 1813; x_wconf 78' lang='lat' dir='ltr'><strong>rebus</strong></span> <span class='ocrx_word' id='word_1_76' title='bbox 495 1729 688 1790; x_wconf 70' lang='lat' dir='ltr'><strong>existentibus</strong></span> <span class='ocrx_word' id='word_1_77' title='bbox 704 1729 956 1810; x_wconf 85' lang='lat' dir='ltr'><strong>contemplandis,</strong></span> <span class='ocrx_word' id='word_1_78' title='bbox 975 1746 1051 1808; x_wconf 83' lang='lat' dir='ltr'><strong>quae</strong></span> <span class='ocrx_word' id='word_1_79' title='bbox 1064 1738 1115 1791; x_wconf 88' lang='lat' dir='ltr'><strong>aut</strong></span> <span class='ocrx_word' id='word_1_80' title='bbox 1134 1745 1219 1791; x_wconf 82' lang='lat' dir='ltr'><strong>sensu</strong></span> <span class='ocrx_word' id='word_1_81' title='bbox 1237 1739 1289 1793; x_wconf 91' lang='lat' dir='ltr'><strong>aui</strong></span> 
     </span>
     <span class='ocr_line' id='line_1_13' title="bbox 210 1813 1288 1905; baseline 0.001 -18"><span class='ocrx_word' id='word_1_82' title='bbox 210 1813 391 1888; x_wconf 83' lang='lat' dir='ltr'><strong>conscientia</strong></span> <span class='ocrx_word' id='word_1_83' title='bbox 407 1835 460 1888; x_wconf 91' lang='lat' dir='ltr'><strong>aut</strong></span> <span class='ocrx_word' id='word_1_84' title='bbox 482 1829 596 1887; x_wconf 78' lang='lat' dir='ltr'><strong>radone</strong></span> <span class='ocrx_word' id='word_1_85' title='bbox 617 1829 811 1905; x_wconf 75' lang='lat' dir='ltr'><strong>pertingimus</strong></span> <span class='ocrx_word' id='word_1_86' title='bbox 827 1831 857 1904; x_wconf 80' lang='lat'><strong>¹,</strong></span> <span class='ocrx_word' id='word_1_87' title='bbox 870 1827 931 1888; x_wconf 91' lang='lat' dir='ltr'><strong>duo</strong></span> <span class='ocrx_word' id='word_1_88' title='bbox 949 1829 1126 1888; x_wconf 89' lang='lat' dir='ltr'><strong>considerari</strong></span> <span class='ocrx_word' id='word_1_89' title='bbox 1149 1835 1288 1905; x_wconf 83' lang='lat' dir='ltr'><strong>possunt:</strong></span> 
     </span>
     <span class='ocr_line' id='line_1_14' title="bbox 211 1925 1287 2002; baseline 0.002 -20"><span class='ocrx_word' id='word_1_90' title='bbox 211 1926 366 1983; x_wconf 75' lang='lat' dir='ltr'><strong>existentia</strong></span> <span class='ocrx_word' id='word_1_91' title='bbox 386 1929 439 1984; x_wconf 91' lang='lat' dir='ltr'><strong>aut</strong></span> <span class='ocrx_word' id='word_1_92' title='bbox 457 1927 593 1984; x_wconf 77' lang='lat' dir='ltr'><strong>essentia</strong></span> <span class='ocrx_word' id='word_1_93' title='bbox 622 1925 676 1986; x_wconf 83' lang='lat' dir='ltr'><strong>Vel</strong></span> <span class='ocrx_word' id='word_1_94' title='bbox 696 1928 774 1984; x_wconf 80' lang='lat' dir='ltr'><strong>euim</strong></span> <span class='ocrx_word' id='word_1_95' title='bbox 796 1928 960 2002; x_wconf 76' lang='lat' dir='ltr'><strong>cogitamus</strong></span> <span class='ocrx_word' id='word_1_96' title='bbox 984 1942 1018 1986; x_wconf 89' lang='lat' dir='ltr'><strong>aa</strong></span> <span class='ocrx_word' id='word_1_97' title='bbox 1045 1932 1132 2001; x_wconf 89' lang='lat' dir='ltr'><strong>prout</strong></span> <span class='ocrx_word' id='word_1_98' title='bbox 1152 1926 1287 2001; x_wconf 77' lang='lat' dir='ltr'><strong>suntid,</strong></span> 
     </span>
     <span class='ocr_line' id='line_1_15' title="bbox 209 2005 1289 2099; baseline 0.003 -20"><span class='ocrx_word' id='word_1_99' title='bbox 209 2020 289 2097; x_wconf 88' lang='lat' dir='ltr'><strong>qnod</strong></span> <span class='ocrx_word' id='word_1_100' title='bbox 307 2028 425 2082; x_wconf 82' lang='lat' dir='ltr'><strong>suntet</strong></span> <span class='ocrx_word' id='word_1_101' title='bbox 440 2034 499 2080; x_wconf 92' lang='lat' dir='ltr'><strong>non</strong></span> <span class='ocrx_word' id='word_1_102' title='bbox 513 2021 613 2099; x_wconf 83' lang='lat' dir='ltr'><strong>allud,</strong></span> <span class='ocrx_word' id='word_1_103' title='bbox 635 2005 681 2080; x_wconf 82' lang='lat' dir='ltr'><strong>vel</strong></span> <span class='ocrx_word' id='word_1_104' title='bbox 699 2029 787 2098; x_wconf 81' lang='lat' dir='ltr'><strong>prout</strong></span> <span class='ocrx_word' id='word_1_105' title='bbox 800 2029 884 2082; x_wconf 83' lang='lat' dir='ltr'><strong>extra</strong></span> <span class='ocrx_word' id='word_1_106' title='bbox 904 2025 1112 2099; x_wconf 75' lang='lat' dir='ltr'><strong>cogitationem</strong></span> <span class='ocrx_word' id='word_1_107' title='bbox 1132 2029 1200 2082; x_wconf 89' lang='lat' dir='ltr'><strong>actu</strong></span> <span class='ocrx_word' id='word_1_108' title='bbox 1219 2029 1289 2082; x_wconf 89' lang='lat' dir='ltr'><strong>sunt</strong></span> 
     </span>
     <span class='ocr_line' id='line_1_16' title="bbox 209 2118 1290 2197; baseline 0.004 -21"><span class='ocrx_word' id='word_1_109' title='bbox 209 2119 240 2176; x_wconf 89' lang='lat' dir='ltr'><strong>in</strong></span> <span class='ocrx_word' id='word_1_110' title='bbox 258 2120 371 2194; x_wconf 79' lang='lat' dir='ltr'><strong>seipsis.</strong></span> <span class='ocrx_word' id='word_1_111' title='bbox 388 2118 420 2178; x_wconf 90' lang='lat' dir='ltr'><strong>Sl</strong></span> <span class='ocrx_word' id='word_1_112' title='bbox 440 2118 496 2178; x_wconf 91' lang='lat' dir='ltr'><strong>boo</strong></span> <span class='ocrx_word' id='word_1_113' title='bbox 513 2119 674 2180; x_wconf 87' lang='lat' dir='ltr'><strong>secundum</strong></span> <span class='ocrx_word' id='word_1_114' title='bbox 694 2120 857 2197; x_wconf 83' lang='lat' dir='ltr'><strong>cogitamus</strong></span> <span class='ocrx_word' id='word_1_115' title='bbox 871 2121 1042 2179; x_wconf 83' lang='lat' dir='ltr'><strong>existentiae</strong></span> <span class='ocrx_word' id='word_1_116' title='bbox 1055 2121 1202 2188; x_wconf 89' lang='lat' dir='ltr'><strong>notionem</strong></span> <span class='ocrx_word' id='word_1_117' title='bbox 1220 2137 1290 2180; x_wconf 82' lang='lat' dir='ltr'><strong>cun·</strong></span> 
     </span>
    </p>
   </div>
   <div class='ocr_carea' id='block_1_6' title="bbox 209 2217 1395 2295">
    <p class='ocr_par' dir='ltr' id='par_1_9' title="bbox 209 2217 1395 2295">
     <span class='ocr_line' id='line_1_17' title="bbox 209 2217 1395 2295; baseline 0.002 -20"><span class='ocrx_word' id='word_1_118' title='bbox 209 2218 354 2294; x_wconf 84' lang='lat' dir='ltr'><strong>cipimus,</strong></span> <span class='ocrx_word' id='word_1_119' title='bbox 376 2234 453 2294; x_wconf 84' lang='lat' dir='ltr'><strong>quae</strong></span> <span class='ocrx_word' id='word_1_120' title='bbox 471 2220 525 2277; x_wconf 91' lang='lat' dir='ltr'><strong>etsi</strong></span> <span class='ocrx_word' id='word_1_121' title='bbox 544 2217 723 2278; x_wconf 84' lang='lat' dir='ltr'><strong>delinitionis</strong></span> <span class='ocrx_word' id='word_1_122' title='bbox 751 2234 809 2278; x_wconf 93' lang='lat' dir='ltr'><strong>non</strong></span> <span class='ocrx_word' id='word_1_123' title='bbox 831 2219 951 2294; x_wconf 86' lang='lat' dir='ltr'><strong>indiga,</strong></span> <span class='ocrx_word' id='word_1_124' title='bbox 974 2218 1098 2279; x_wconf 81' lang='lat' dir='ltr'><strong>describi</strong></span> <span class='ocrx_word' id='word_1_125' title='bbox 1123 2225 1220 2277; x_wconf 80' lang='lat' dir='ltr'><strong>tanim</strong></span> <span class='ocrx_word' id='word_1_126' title='bbox 1242 2235 1292 2295; x_wconf 73' lang='lat' dir='ltr'><strong>pu⁴</strong></span> <span class='ocrx_word' id='word_1_127' title='bbox 1391 2284 1395 2295; x_wconf 36' lang='grc' dir='ltr'>Ι</span> 
     </span>
    </p>
   </div>
   <div class='ocr_carea' id='block_1_7' title="bbox 209 2315 1293 3858">
    <p class='ocr_par' dir='ltr' id='par_1_10' title="bbox 209 2315 1293 3070">
     <span class='ocr_line' id='line_1_18' title="bbox 209 2315 1290 2392; baseline 0.002 -19"><span class='ocrx_word' id='word_1_128' title='bbox 209 2319 280 2373; x_wconf 84' lang='lat' dir='ltr'><strong>test:</strong></span> <span class='ocrx_word' id='word_1_129' title='bbox 295 2315 451 2375; x_wconf 78' lang='lat' dir='ltr'><strong>actualitas</strong></span> <span class='ocrx_word' id='word_1_130' title='bbox 470 2331 531 2392; x_wconf 84' lang='lat' dir='ltr'><strong>qua</strong></span> <span class='ocrx_word' id='word_1_131' title='bbox 550 2332 598 2375; x_wconf 84' lang='lat' dir='ltr'><strong>res</strong></span> <span class='ocrx_word' id='word_1_132' title='bbox 616 2318 648 2375; x_wconf 89' lang='lat' dir='ltr'><strong>in</strong></span> <span class='ocrx_word' id='word_1_133' title='bbox 668 2332 700 2375; x_wconf 89' lang='lat' dir='ltr'><strong>se</strong></span> <span class='ocrx_word' id='word_1_134' title='bbox 712 2323 797 2376; x_wconf 86' lang='lat' dir='ltr'><strong>extra</strong></span> <span class='ocrx_word' id='word_1_135' title='bbox 816 2323 960 2391; x_wconf 83' lang='lat' dir='ltr'><strong>mentem,</strong></span> <span class='ocrx_word' id='word_1_136' title='bbox 981 2331 1031 2376; x_wconf 90' lang='lat' dir='ltr'><strong>scu</strong></span> <span class='ocrx_word' id='word_1_137' title='bbox 1053 2318 1082 2373; x_wconf 92' lang='lat' dir='ltr'><strong>in</strong></span> <span class='ocrx_word' id='word_1_138' title='bbox 1102 2315 1204 2375; x_wconf 89' lang='lat' dir='ltr'><strong>urdine</strong></span> <span class='ocrx_word' id='word_1_139' title='bbox 1219 2316 1290 2376; x_wconf 89' lang='lat' dir='ltr'><strong>reali</strong></span> 
     </span>
     <span class='ocr_line' id='line_1_19' title="bbox 210 2412 1293 2490; baseline 0.003 -20"><span class='ocrx_word' id='word_1_140' title='bbox 210 2413 333 2472; x_wconf 87' lang='lat' dir='ltr'><strong>sistitur.</strong></span> <span class='ocrx_word' id='word_1_141' title='bbox 347 2412 397 2473; x_wconf 88' lang='lat' dir='ltr'><strong>Sin</strong></span> <span class='ocrx_word' id='word_1_142' title='bbox 417 2429 488 2473; x_wconf 81' lang='lat' dir='ltr'><strong>vero</strong></span> <span class='ocrx_word' id='word_1_143' title='bbox 505 2420 672 2489; x_wconf 81' lang='lat' dir='ltr'><strong>spectamus</strong></span> <span class='ocrx_word' id='word_1_144' title='bbox 689 2416 839 2490; x_wconf 80' lang='lat' dir='ltr'><strong>primum,</strong></span> <span class='ocrx_word' id='word_1_145' title='bbox 856 2414 998 2473; x_wconf 86' lang='lat' dir='ltr'><strong>essentiae</strong></span> <span class='ocrx_word' id='word_1_146' title='bbox 1010 2420 1183 2489; x_wconf 86' lang='lat' dir='ltr'><strong>conceptum</strong></span> <span class='ocrx_word' id='word_1_147' title='bbox 1206 2413 1293 2473; x_wconf 80' lang='lat' dir='ltr'><strong>habc-</strong></span> 
     </span>
     <span class='ocr_line' id='line_1_20' title="bbox 209 2509 1292 2598; baseline 0.002 -31"><span class='ocrx_word' id='word_1_148' title='bbox 209 2524 292 2585; x_wconf 83' lang='lat' dir='ltr'><strong>mus3</strong></span> <span class='ocrx_word' id='word_1_149' title='bbox 315 2526 391 2586; x_wconf 82' lang='lat' dir='ltr'><strong>qnae</strong></span> <span class='ocrx_word' id='word_1_150' title='bbox 406 2510 487 2569; x_wconf 91' lang='lat' dir='ltr'><strong>aliud</strong></span> <span class='ocrx_word' id='word_1_151' title='bbox 499 2526 558 2569; x_wconf 95' lang='lat' dir='ltr'><strong>non</strong></span> <span class='ocrx_word' id='word_1_152' title='bbox 579 2518 624 2570; x_wconf 83' lang='lat' dir='ltr'><strong>est</strong></span> <span class='ocrx_word' id='word_1_153' title='bbox 640 2511 820 2588; x_wconf 85' lang='lat' dir='ltr'><strong>quidquam,</strong></span> <span class='ocrx_word' id='word_1_154' title='bbox 846 2512 902 2570; x_wconf 87' lang='lat' dir='ltr'><strong>uisi</strong></span> <span class='ocrx_word' id='word_1_155' title='bbox 927 2509 1037 2585; x_wconf 87' lang='lat' dir='ltr'><strong>idque</strong></span> <span class='ocrx_word' id='word_1_156' title='bbox 1061 2510 1236 2598; x_wconf 68' lang='lat' dir='ltr'><strong>aliquidaut</strong></span> <span class='ocrx_word' id='word_1_157' title='bbox 1261 2510 1292 2569; x_wconf 90' lang='lat' dir='ltr'><strong>ld</strong></span> 
     </span>
     <span class='ocr_line' id='line_1_21' title="bbox 210 2604 1293 2685; baseline 0.005 -22"><span class='ocrx_word' id='word_1_158' title='bbox 210 2604 289 2680; x_wconf 83' lang='lat' dir='ltr'><strong>quod</strong></span> <span class='ocrx_word' id='word_1_159' title='bbox 308 2612 363 2665; x_wconf 88' lang='lat' dir='ltr'><strong>est.</strong></span> <span class='ocrx_word' id='word_1_160' title='bbox 379 2608 476 2680; x_wconf 85' lang='lat' dir='ltr'><strong>Quare</strong></span> <span class='ocrx_word' id='word_1_161' title='bbox 488 2624 507 2667; x_wconf 90' lang='lat' dir='ltr'><strong>a</strong></span> <span class='ocrx_word' id='word_1_162' title='bbox 520 2606 551 2665; x_wconf 88' lang='lat' dir='ltr'><strong>S.</strong></span> <span class='ocrx_word' id='word_1_163' title='bbox 568 2608 682 2667; x_wconf 83' lang='lat' dir='ltr'><strong>Thomu</strong></span> <span class='ocrx_word' id='word_1_164' title='bbox 705 2610 844 2684; x_wconf 87' lang='lat' dir='ltr'><strong>appellari</strong></span> <span class='ocrx_word' id='word_1_165' title='bbox 859 2608 949 2668; x_wconf 87' lang='lat' dir='ltr'><strong>solet:</strong></span> <span class='ocrx_word' id='word_1_166' title='bbox 968 2606 1048 2684; x_wconf 81' lang='lat' dir='ltr'><strong>pund</strong></span> <span class='ocrx_word' id='word_1_167' title='bbox 1066 2607 1141 2685; x_wconf 80' lang='lat' dir='ltr'><strong>quid</strong></span> <span class='ocrx_word' id='word_1_168' title='bbox 1160 2613 1215 2683; x_wconf 81' lang='lat' dir='ltr'><strong>est,</strong></span> <span class='ocrx_word' id='word_1_169' title='bbox 1241 2614 1293 2668; x_wconf 87' lang='lat' dir='ltr'><strong>aut</strong></span> 
     </span>
     <span class='ocr_line' id='line_1_22' title="bbox 209 2702 1288 2785; baseline 0.006 -26"><span class='ocrx_word' id='word_1_170' title='bbox 209 2705 299 2762; x_wconf 84' lang='lat' dir='ltr'><strong>etium</strong></span> <span class='ocrx_word' id='word_1_171' title='bbox 321 2702 485 2779; x_wconf 79' lang='lat' dir='ltr'><strong>puldds&#39;tuc.</strong></span> <span class='ocrx_word' id='word_1_172' title='bbox 510 2703 644 2777; x_wconf 85' lang='lat' dir='ltr'><strong>Quodsi</strong></span> <span class='ocrx_word' id='word_1_173' title='bbox 668 2705 829 2783; x_wconf 87' lang='lat' dir='ltr'><strong>longiorem</strong></span> <span class='ocrx_word' id='word_1_174' title='bbox 849 2708 912 2766; x_wconf 88' lang='lat' dir='ltr'><strong>elus</strong></span> <span class='ocrx_word' id='word_1_175' title='bbox 934 2706 1162 2767; x_wconf 71' lang='lat' dir='ltr'><strong>declarationem</strong></span> <span class='ocrx_word' id='word_1_176' title='bbox 1183 2708 1288 2785; x_wconf 90' lang='lat' dir='ltr'><strong>cnpls,</strong></span> 
     </span>
     <span class='ocr_line' id='line_1_23' title="bbox 210 2801 1290 2885; baseline 0.007 -27"><span class='ocrx_word' id='word_1_177' title='bbox 210 2802 365 2859; x_wconf 63' lang='lat' dir='ltr'><strong>meantium</strong></span> <span class='ocrx_word' id='word_1_178' title='bbox 386 2801 466 2861; x_wconf 88' lang='lat' dir='ltr'><strong>diues</strong></span> <span class='ocrx_word' id='word_1_179' title='bbox 486 2817 549 2861; x_wconf 82' lang='lat' dir='ltr'><strong>asse</strong></span> <span class='ocrx_word' id='word_1_180' title='bbox 572 2802 603 2860; x_wconf 91' lang='lat' dir='ltr'><strong>id</strong></span> <span class='ocrx_word' id='word_1_181' title='bbox 622 2802 701 2880; x_wconf 81' lang='lat' dir='ltr'><strong>qnod</strong></span> <span class='ocrx_word' id='word_1_182' title='bbox 722 2805 764 2862; x_wconf 89' lang='lat' dir='ltr'><strong>lta</strong></span> <span class='ocrx_word' id='word_1_183' title='bbox 789 2806 830 2861; x_wconf 91' lang='lat' dir='ltr'><strong>rel</strong></span> <span class='ocrx_word' id='word_1_184' title='bbox 849 2806 990 2881; x_wconf 83' lang='lat' dir='ltr'><strong>cuiusque</strong></span> <span class='ocrx_word' id='word_1_185' title='bbox 1010 2811 1054 2865; x_wconf 85' lang='lat' dir='ltr'><strong>est</strong></span> <span class='ocrx_word' id='word_1_186' title='bbox 1077 2808 1290 2885; x_wconf 69' lang='lat' dir='ltr'><strong>propriumne</strong></span> 
     </span>
     <span class='ocr_line' id='line_1_24' title="bbox 210 2888 1290 2978; baseline 0.006 -22"><span class='ocrx_word' id='word_1_187' title='bbox 210 2911 275 2956; x_wconf 87' lang='lat' dir='ltr'><strong>eam</strong></span> <span class='ocrx_word' id='word_1_188' title='bbox 294 2896 384 2956; x_wconf 87' lang='lat' dir='ltr'><strong>iaciat</strong></span> <span class='ocrx_word' id='word_1_189' title='bbox 402 2912 466 2956; x_wconf 87' lang='lat' dir='ltr'><strong>esse</strong></span> <span class='ocrx_word' id='word_1_190' title='bbox 491 2898 521 2955; x_wconf 87' lang='lat' dir='ltr'><strong>id</strong></span> <span class='ocrx_word' id='word_1_191' title='bbox 538 2898 619 2973; x_wconf 84' lang='lat' dir='ltr'><strong>quod</strong></span> <span class='ocrx_word' id='word_1_192' title='bbox 638 2906 684 2958; x_wconf 83' lang='lat' dir='ltr'><strong>esi</strong></span> <span class='ocrx_word' id='word_1_193' title='bbox 700 2906 731 2959; x_wconf 91' lang='lat' dir='ltr'><strong>et</strong></span> <span class='ocrx_word' id='word_1_194' title='bbox 748 2914 807 2958; x_wconf 90' lang='lat' dir='ltr'><strong>non</strong></span> <span class='ocrx_word' id='word_1_195' title='bbox 824 2900 925 2976; x_wconf 86' lang='lat' dir='ltr'><strong>aliud,</strong></span> <span class='ocrx_word' id='word_1_196' title='bbox 948 2916 982 2961; x_wconf 88' lang='lat' dir='ltr'><strong>ac</strong></span> <span class='ocrx_word' id='word_1_197' title='bbox 1002 2904 1065 2962; x_wconf 85' lang='lat' dir='ltr'><strong>sinc</strong></span> <span class='ocrx_word' id='word_1_198' title='bbox 1084 2916 1143 2978; x_wconf 83' lang='lat' dir='ltr'><strong>qno</strong></span> <span class='ocrx_word' id='word_1_199' title='bbox 1164 2888 1211 2962; x_wconf 85' lang='lat' dir='ltr'><strong>rea</strong></span> <span class='ocrx_word' id='word_1_200' title='bbox 1236 2917 1290 2962; x_wconf 89' lang='lat' dir='ltr'><strong>nec</strong></span> 
     </span>
     <span class='ocr_line' id='line_1_25' title="bbox 209 2996 632 3070; baseline 0.007 -18"><span class='ocrx_word' id='word_1_201' title='bbox 209 3000 310 3053; x_wconf 84' lang='lat' dir='ltr'><strong>extare</strong></span> <span class='ocrx_word' id='word_1_202' title='bbox 326 3009 379 3053; x_wconf 89' lang='lat' dir='ltr'><strong>uec</strong></span> <span class='ocrx_word' id='word_1_203' title='bbox 397 2996 512 3070; x_wconf 85' lang='lat' dir='ltr'><strong>concipi</strong></span> <span class='ocrx_word' id='word_1_204' title='bbox 526 3001 632 3069; x_wconf 86' lang='lat' dir='ltr'><strong>potest.</strong></span> 
     </span>
    </p>

    <p class='ocr_par' dir='ltr' id='par_1_11' title="bbox 209 3087 1293 3858">
     <span class='ocr_line' id='line_1_26' title="bbox 271 3087 1291 3172; baseline 0.008 -23"><span class='ocrx_word' id='word_1_205' title='bbox 271 3099 321 3150; x_wconf 74' lang='lat' dir='ltr'><strong>xi.</strong></span> <span class='ocrx_word' id='word_1_206' title='bbox 342 3087 493 3153; x_wconf 55' lang='lat' dir='ltr'><strong>&amp;candae</strong></span> <span class='ocrx_word' id='word_1_207' title='bbox 511 3094 571 3153; x_wconf 85' lang='lat' dir='ltr'><strong>dici</strong></span> <span class='ocrx_word' id='word_1_208' title='bbox 591 3094 686 3156; x_wconf 90' lang='lat' dir='ltr'><strong>solent</strong></span> <span class='ocrx_word' id='word_1_209' title='bbox 704 3110 769 3155; x_wconf 86' lang='lat' dir='ltr'><strong>csse</strong></span> <span class='ocrx_word' id='word_1_210' title='bbox 789 3096 1001 3171; x_wconf 78' lang='lat' dir='ltr'><strong>immutabiles,</strong></span> <span class='ocrx_word' id='word_1_211' title='bbox 1018 3095 1226 3172; x_wconf 76' lang='lat' dir='ltr'><strong>indivisibiles,</strong></span> <span class='ocrx_word' id='word_1_212' title='bbox 1242 3114 1291 3157; x_wconf 88' lang='lat' dir='ltr'><strong>ue·</strong></span> 
     </span>
     <span class='ocr_line' id='line_1_27' title="bbox 212 3190 1290 3273; baseline 0.006 -25"><span class='ocrx_word' id='word_1_213' title='bbox 212 3193 322 3250; x_wconf 73' lang='lat' dir='ltr'><strong>ternuc.</strong></span> <span class='ocrx_word' id='word_1_214' title='bbox 351 3190 553 3251; x_wconf 78' lang='lat' dir='ltr'><strong>immutabiles</strong></span> <span class='ocrx_word' id='word_1_215' title='bbox 581 3192 719 3270; x_wconf 87' lang='lat' dir='ltr'><strong>quidem,</strong></span> <span class='ocrx_word' id='word_1_216' title='bbox 749 3197 819 3271; x_wconf 86' lang='lat' dir='ltr'><strong>quia</strong></span> <span class='ocrx_word' id='word_1_217' title='bbox 850 3198 880 3253; x_wconf 92' lang='lat' dir='ltr'><strong>in</strong></span> <span class='ocrx_word' id='word_1_218' title='bbox 907 3196 1112 3255; x_wconf 78' lang='lat' dir='ltr'><strong>murculentla</strong></span> <span class='ocrx_word' id='word_1_219' title='bbox 1138 3202 1290 3273; x_wconf 83' lang='lat' dir='ltr'><strong>notarum,</strong></span> 
     </span>
     <span class='ocr_line' id='line_1_28' title="bbox 210 3287 1291 3370; baseline 0.004 -22"><span class='ocrx_word' id='word_1_220' title='bbox 210 3287 316 3364; x_wconf 87' lang='lat' dir='ltr'><strong>qulbus</strong></span> <span class='ocrx_word' id='word_1_221' title='bbox 333 3294 479 3363; x_wconf 76' lang='lat' dir='ltr'><strong>cumbunt,</strong></span> <span class='ocrx_word' id='word_1_222' title='bbox 500 3292 644 3367; x_wconf 82' lang='lat' dir='ltr'><strong>aluenni,</strong></span> <span class='ocrx_word' id='word_1_223' title='bbox 666 3298 700 3351; x_wconf 91' lang='lat' dir='ltr'><strong>ut</strong></span> <span class='ocrx_word' id='word_1_224' title='bbox 721 3292 885 3353; x_wconf 86' lang='lat' dir='ltr'><strong>aliter&#39;esse</strong></span> <span class='ocrx_word' id='word_1_225' title='bbox 905 3308 963 3352; x_wconf 91' lang='lat' dir='ltr'><strong>non</strong></span> <span class='ocrx_word' id='word_1_226' title='bbox 985 3296 1109 3370; x_wconf 85' lang='lat' dir='ltr'><strong>possint,</strong></span> <span class='ocrx_word' id='word_1_227' title='bbox 1129 3297 1200 3370; x_wconf 86' lang='lat' dir='ltr'><strong>quin</strong></span> <span class='ocrx_word' id='word_1_228' title='bbox 1222 3310 1291 3354; x_wconf 88' lang='lat' dir='ltr'><strong>con-</strong></span> 
     </span>
     <span class='ocr_line' id='line_1_29' title="bbox 210 3385 1293 3468; baseline 0.006 -24"><span class='ocrx_word' id='word_1_229' title='bbox 210 3385 379 3445; x_wconf 84' lang='lat' dir='ltr'><strong>tradiciorla</strong></span> <span class='ocrx_word' id='word_1_230' title='bbox 398 3394 624 3464; x_wconf 77' lang='lat' dir='ltr'><strong>consequantur.</strong></span> <span class='ocrx_word' id='word_1_231' title='bbox 644 3388 693 3449; x_wconf 88' lang='lat' dir='ltr'><strong>Sic</strong></span> <span class='ocrx_word' id='word_1_232' title='bbox 712 3392 893 3468; x_wconf 85' lang='lat' dir='ltr'><strong>triangulum</strong></span> <span class='ocrx_word' id='word_1_233' title='bbox 910 3394 981 3467; x_wconf 87' lang='lat' dir='ltr'><strong>cisi,</strong></span> <span class='ocrx_word' id='word_1_234' title='bbox 1002 3398 1089 3468; x_wconf 89' lang='lat' dir='ltr'><strong>prout</strong></span> <span class='ocrx_word' id='word_1_235' title='bbox 1112 3395 1141 3451; x_wconf 87' lang='lat' dir='ltr'><strong>in</strong></span> <span class='ocrx_word' id='word_1_236' title='bbox 1158 3392 1211 3451; x_wconf 89' lang='lat' dir='ltr'><strong>tall</strong></span> <span class='ocrx_word' id='word_1_237' title='bbox 1231 3408 1293 3450; x_wconf 88' lang='lat' dir='ltr'><strong>ma·</strong></span> 
     </span>
     <span class='ocr_line' id='line_1_30' title="bbox 210 3476 1291 3566; baseline 0.005 -25"><span class='ocrx_word' id='word_1_238' title='bbox 210 3486 285 3543; x_wconf 86' lang='lat' dir='ltr'><strong>teria</strong></span> <span class='ocrx_word' id='word_1_239' title='bbox 304 3490 334 3543; x_wconf 87' lang='lat' dir='ltr'><strong>et</strong></span> <span class='ocrx_word' id='word_1_240' title='bbox 357 3483 488 3544; x_wconf 89' lang='lat' dir='ltr'><strong>subiecto</strong></span> <span class='ocrx_word' id='word_1_241' title='bbox 504 3492 559 3562; x_wconf 83' lang='lat' dir='ltr'><strong>est,</strong></span> <span class='ocrx_word' id='word_1_242' title='bbox 583 3489 690 3546; x_wconf 85' lang='lat' dir='ltr'><strong>mutari</strong></span> <span class='ocrx_word' id='word_1_243' title='bbox 709 3484 802 3564; x_wconf 86' lang='lat' dir='ltr'><strong>possit</strong></span> <span class='ocrx_word' id='word_1_244' title='bbox 821 3476 980 3566; x_wconf 72' lang='lat' dir='ltr'><strong>(quaoenns</strong></span> <span class='ocrx_word' id='word_1_245' title='bbox 1001 3491 1115 3549; x_wconf 84' lang='lat' dir='ltr'><strong>actione</strong></span> <span class='ocrx_word' id='word_1_246' title='bbox 1136 3488 1291 3549; x_wconf 86' lang='lat' dir='ltr'><strong>cuiusdam</strong></span> 
     </span>
     <span class='ocr_line' id='line_1_31' title="bbox 209 3578 1290 3663; baseline 0.002 -22"><span class='ocrx_word' id='word_1_247' title='bbox 209 3583 323 3658; x_wconf 87' lang='lat' dir='ltr'><strong>agentis</strong></span> <span class='ocrx_word' id='word_1_248' title='bbox 342 3582 529 3660; x_wconf 85' lang='lat' dir='ltr'><strong>destruatur,</strong></span> <span class='ocrx_word' id='word_1_249' title='bbox 554 3584 669 3660; x_wconf 87' lang='lat' dir='ltr'><strong>ullaque</strong></span> <span class='ocrx_word' id='word_1_250' title='bbox 697 3578 794 3663; x_wconf 81' lang='lat' dir='ltr'><strong>figura</strong></span> <span class='ocrx_word' id='word_1_251' title='bbox 818 3588 881 3645; x_wconf 88' lang='lat' dir='ltr'><strong>clus</strong></span> <span class='ocrx_word' id='word_1_252' title='bbox 908 3585 973 3645; x_wconf 92' lang='lat' dir='ltr'><strong>loco</strong></span> <span class='ocrx_word' id='word_1_253' title='bbox 997 3586 1169 3663; x_wconf 86' lang='lat' dir='ltr'><strong>succedat);</strong></span> <span class='ocrx_word' id='word_1_254' title='bbox 1191 3591 1290 3645; x_wconf 88' lang='lat' dir='ltr'><strong>iarnen</strong></span> 
     </span>
     <span class='ocr_line' id='line_1_32' title="bbox 210 3680 1290 3759; baseline 0.003 -22"><span class='ocrx_word' id='word_1_255' title='bbox 210 3680 241 3737; x_wconf 90' lang='lat' dir='ltr'><strong>in</strong></span> <span class='ocrx_word' id='word_1_256' title='bbox 262 3695 317 3739; x_wconf 86' lang='lat' dir='ltr'><strong>suo</strong></span> <span class='ocrx_word' id='word_1_257' title='bbox 336 3686 477 3757; x_wconf 85' lang='lat' dir='ltr'><strong>conceptu</strong></span> <span class='ocrx_word' id='word_1_258' title='bbox 497 3688 527 3740; x_wconf 89' lang='lat' dir='ltr'><strong>ct</strong></span> <span class='ocrx_word' id='word_1_259' title='bbox 550 3684 579 3740; x_wconf 93' lang='lat' dir='ltr'><strong>ln</strong></span> <span class='ocrx_word' id='word_1_260' title='bbox 603 3684 704 3759; x_wconf 88' lang='lat' dir='ltr'><strong>notis,</strong></span> <span class='ocrx_word' id='word_1_261' title='bbox 727 3682 834 3759; x_wconf 89' lang='lat' dir='ltr'><strong>qulbus</strong></span> <span class='ocrx_word' id='word_1_262' title='bbox 859 3684 1012 3759; x_wconf 67' lang='lat' dir='ltr'><strong>canescit,</strong></span> <span class='ocrx_word' id='word_1_263' title='bbox 1043 3685 1151 3743; x_wconf 86' lang='lat' dir='ltr'><strong>variari</strong></span> <span class='ocrx_word' id='word_1_264' title='bbox 1176 3683 1290 3758; x_wconf 85' lang='lat' dir='ltr'><strong>nequit,</strong></span> 
     </span>
     <span class='ocr_line' id='line_1_33' title="bbox 209 3778 1293 3858; baseline 0.003 -23"><span class='ocrx_word' id='word_1_265' title='bbox 209 3780 281 3853; x_wconf 82' lang='lat' dir='ltr'><strong>quin</strong></span> <span class='ocrx_word' id='word_1_266' title='bbox 296 3778 383 3837; x_wconf 89' lang='lat' dir='ltr'><strong>simul</strong></span> <span class='ocrx_word' id='word_1_267' title='bbox 399 3780 438 3839; x_wconf 92' lang='lat' dir='ltr'><strong>slt</strong></span> <span class='ocrx_word' id='word_1_268' title='bbox 453 3780 635 3857; x_wconf 88' lang='lat' dir='ltr'><strong>triangulum</strong></span> <span class='ocrx_word' id='word_1_269' title='bbox 650 3786 680 3840; x_wconf 87' lang='lat' dir='ltr'><strong>et</strong></span> <span class='ocrx_word' id='word_1_270' title='bbox 698 3797 757 3839; x_wconf 93' lang='lat' dir='ltr'><strong>non</strong></span> <span class='ocrx_word' id='word_1_271' title='bbox 773 3782 965 3858; x_wconf 84' lang='lat' dir='ltr'><strong>triangulum,</strong></span> <span class='ocrx_word' id='word_1_272' title='bbox 980 3781 1058 3857; x_wconf 81' lang='lat' dir='ltr'><strong>quod</strong></span> <span class='ocrx_word' id='word_1_273' title='bbox 1075 3785 1227 3857; x_wconf 87' lang='lat' dir='ltr'><strong>repugnat.</strong></span> <span class='ocrx_word' id='word_1_274' title='bbox 1246 3780 1293 3838; x_wconf 89' lang='lat' dir='ltr'><strong>ln·</strong></span> 
     </span>
    </p>
   </div>
   <div class='ocr_carea' id='block_1_8' title="bbox 210 3909 1293 4055">
    <p class='ocr_par' dir='ltr' id='par_1_12' title="bbox 210 3909 1293 4055">
     <span class='ocr_line' id='line_1_34' title="bbox 270 3909 1293 3977; baseline 0 -19"><span class='ocrx_word' id='word_1_275' title='bbox 270 3917 280 3957; x_wconf 89' lang='lat' dir='ltr'><strong>i</strong></span> <span class='ocrx_word' id='word_1_276' title='bbox 299 3911 375 3960; x_wconf 85' lang='lat' dir='ltr'><strong>sensu</strong></span> <span class='ocrx_word' id='word_1_277' title='bbox 393 3910 495 3974; x_wconf 84' lang='lat' dir='ltr'><strong>quidem</strong></span> <span class='ocrx_word' id='word_1_278' title='bbox 512 3924 628 3975; x_wconf 85' lang='lat' dir='ltr'><strong>corpora;</strong></span> <span class='ocrx_word' id='word_1_279' title='bbox 644 3912 794 3963; x_wconf 83' lang='lat' dir='ltr'><strong>couscientia</strong></span> <span class='ocrx_word' id='word_1_280' title='bbox 811 3926 855 3963; x_wconf 91' lang='lat' dir='ltr'><strong>nos</strong></span> <span class='ocrx_word' id='word_1_281' title='bbox 870 3916 1015 3977; x_wconf 84' lang='lat' dir='ltr'><strong>nostrasque</strong></span> <span class='ocrx_word' id='word_1_282' title='bbox 1031 3912 1173 3962; x_wconf 85' lang='lat' dir='ltr'><strong>allectiones</strong></span> <span class='ocrx_word' id='word_1_283' title='bbox 1190 3909 1293 3975; x_wconf 87' lang='lat' dir='ltr'><strong>percipi·</strong></span> 
     </span>
     <span class='ocr_line' id='line_1_35' title="bbox 210 3992 1070 4055; baseline 0.006 -17"><span class='ocrx_word' id='word_1_284' title='bbox 210 4002 279 4053; x_wconf 78' lang='lat' dir='ltr'><strong>mna3</strong></span> <span class='ocrx_word' id='word_1_285' title='bbox 294 3992 388 4045; x_wconf 80' lang='lat' dir='ltr'><strong>ratione</strong></span> <span class='ocrx_word' id='word_1_286' title='bbox 402 4006 461 4043; x_wconf 80' lang='lat' dir='ltr'><strong>raro</strong></span> <span class='ocrx_word' id='word_1_287' title='bbox 475 4006 513 4043; x_wconf 82' lang='lat' dir='ltr'><strong>rea</strong></span> <span class='ocrx_word' id='word_1_288' title='bbox 534 3993 603 4055; x_wconf 84' lang='lat' dir='ltr'><strong>llius,</strong></span> <span class='ocrx_word' id='word_1_289' title='bbox 622 4006 688 4055; x_wconf 86' lang='lat' dir='ltr'><strong>quae</strong></span> <span class='ocrx_word' id='word_1_290' title='bbox 702 3993 911 4045; x_wconf 84' lang='lat' dir='ltr'><strong>deruouslraiione</strong></span> <span class='ocrx_word' id='word_1_291' title='bbox 922 3994 1070 4044; x_wconf 87' lang='lat' dir='ltr'><strong>inieruntnr.</strong></span> 
     </span>
    </p>
   </div>
   <div class='ocr_carea' id='block_1_9' title="bbox 0 0 1450 4425">
    <p class='ocr_par' dir='ltr' id='par_1_13' title="bbox 0 0 1450 4425">
     <span class='ocr_line' id='line_1_36' title="bbox 0 0 1450 4425; baseline 0 0"><span class='ocrx_word' id='word_1_292' title='bbox 0 0 1450 4425; x_wconf 95' lang='lat' dir='ltr'><strong> </strong></span> 
     </span>
    </p>
   </div>
  </div>
 </body>
</html>
