2892 4425
234 339 292 392 ttl
559 345 800 388 umarnvstcnn
822 345 982 388 srsutsnvs

231 471 302 533 prae
320 456 424 514 ceteris
444 455 651 528 coniiciamus,
666 456 740 512 satis
760 452 892 528 proiectu
905 468 965 512 nun
979 459 1024 512 est
1046 453 1310 529 (quemadmodum

232 553 322 612 vallet
340 550 506 630 condiliacl
527 567 640 628 organa
659 567 799 612 sensuum
824 552 861 611 ad
881 550 965 611 illam
988 555 1120 612 converti
1141 559 1228 629 atque
1253 558 1310 615 tm·

233 652 381 726 pressione
394 649 474 709 attici
487 651 641 710 vividiore.
664 649 756 725 Saepe
776 652 854 710 enim
868 649 1013 710 obiectum
1031 650 1110 726 quud
1128 654 1307 730 cogitamus,

232 749 264 807 in
284 749 434 808 sensilium
447 765 571 808 numero
584 764 644 808 uon
658 747 798 824 hebetum
814 755 901 824 atque
921 748 987 806 ideo
1007 763 1066 807 oon
1086 756 1132 807 est
1147 749 1306 824 eiusmodi,
1381 749 1384 756 “

233 849 313 910 utin
326 861 429 905 sensus
442 849 590 905 incurrere
603 848 696 921 possit
715 852 745 905 et
764 847 796 903 in
811 848 930 922 organis
944 847 1164 922 impressionem
1179 861 1307 905 exerere.

181 988 186 996 .
234 943 319 1019 Quod
339 946 365 1002 al
383 943 517 1002 sensibus
536 943 722 1018 obversetur,
739 949 836 1002 tamen
859 945 915 1002 nisi
935 945 1052 1020 energia
1066 939 1157 1002 ammi
1178 943 1216 1002 ad
1235 944 1308 1003 illud

234 1042 490 1119 contemplandum
505 1047 624 1101 actuose
635 1041 787 1117 flectatur,
803 1043 932 1100 senentio
946 1043 1027 1100 omui
1048 1043 1207 1100 amotione
1226 1057 1309 1116 pror-

235 1157 286 1200 sus
305 1139 484 1200 destituitur.
507 1140 545 1199 lit
564 1156 595 1198 re
615 1155 686 1199 sune
700 1154 890 1216 vera,‘quam
908 1155 994 1216 saepo
1014 1141 1172 1198 intervenit
1191 1147 1223 1198 ut
1242 1155 1308 1198 sen·

236 1238 284 1298 stit
303 1237 416 1298 obtecto
435 1234 520 1297 nobis
539 1240 703 1314 proposito,
720 1236 798 1313 qnod
820 1239 1007 1296 vivacissime
1026 1239 1058 1296 in
1078 1251 1190 1312 orgatm
1208 1238 1308 1312 impri-

235 1341 320 1412 mat„
329 1337 533 1413 cogitationem
547 1342 646 1395 tameo
661 1334 699 1394 ab
712 1324 880 1410 eo‘prursus
894 1349 1068 1410 avocemus,
1082 1341 1111 1394 et
1124 1337 1155 1392 in
1172 1349 1204 1392 re
1222 1333 1310 1408 plane

235 1433 352 1493 diversa
375 1434 421 1492 vel
446 1435 534 1493 etiam
558 1434 705 1493 contraria
728 1431 915 1508 defigamus?
937 1431 972 1490 ld
996 1432 1210 1507 phaenomeut,
1231 1430 1312 1508 quod

236 1532 373 1606 frequens
392 1538 455 1607 est,
474 1547 542 1589 aum
562 1531 802 1591 condiliachiana
824 1529 1052 1606 metamorphosi
1072 1532 1193 1589 minime
1212 1532 1310 1588 conci-

235 1627 342 1703 liatur,
364 1627 549 1703 ostenditque
571 1630 782 1703 attentionem,
802 1629 887 1704 piene
909 1635 1076 1702 sumptam,
1097 1631 1159 1687 vim
1179 1629 1267 1687 altam
1291 1643 1311 1686 a

236 1727 401 1785 sensatione
420 1725 588 1784 distinctam
609 1725 665 1783 slltt
685 1725 858 1786 adsciscere.

295 1821 440 1882 Iudicium
459 1830 531 1881 'veru
551 1824 645 1881 mutto
667 1825 765 1881 miuus
785 1839 852 1882 cnm
870 1824 1035 1882 sensatione
1051 1821 1251 1890 contunditur.
1274 1822 1310 1881 lu

238 1922 341 1996 primis
361 1925 438 1980 enim
460 1920 569 1981 lusum
589 1927 634 1980 est
653 1920 745 1996 iliud,
766 1919 844 1996 quod
864 1921 961 1996 inquit
980 1918 1215 1996 Gondillaehlus,
1235 1919 1311 1979 iudi·

236 2018 316 2077 cium
329 2033 381 2094 per
394 2033 503 2077 mamm
521 2021 767 2094 comparationem
780 2018 912 2077 idearum
934 2017 1051 2093 haberi,
1065 2020 1310 2094 comparutionem

239 2121 337 2175 autem
364 2117 396 2174 in
424 2116 598 2176 simultanea
625 2117 751 2175 duorum
779 2116 964 2175 obiecturum·
986 2117 1169 2192 perceptione
1197 2117 1310 2190 repunt.

238 2212 355 2290 Optime
373 2217 453 2273 enim
473 2217 597 2291 quisque
615 2221 711 2289 potest
730 2215 788 2274 duo
810 2214 922 2274 obiecta
945 2212 1032 2275 simui
1057 2216 1217 2291 attingere,
1237 2216 1310 2289 quin

238 2318 336 2371 tamen
357 2314 484 2373 invicem
505 2320 671 2389 comparet3
687 2312 733 2371 vel
748 2314 834 2371 etiam
854 2328 888 2371 ea
909 2316 983 2371 inter
995 2328 1028 2373 ae
1040 2326 1223 2387 coeperam,
1237 2314 1311 2386 quin

238 2408 347 2468 idcirco
366 2410 534 2469 eurumdem
552 2410 787 2468 convenientiam
802 2407 846 2466 vel
862 2408 1086 2485 discrepantiam
1107 2410 1264 2484 percipiat,
1280 2409 1312 2467 in

239 2523 298 2583 qna
317 2510 501 2583 perceptione
523 2522 575 2582 per
597 2508 693 2581 ipsum
717 2505 867 2569 Condittuc
888 2507 1029 2567 iudicium
1053 2510 1141 2566 situm
1167 2514 1220 2566 est.
1246 2506 1312 2565 iioc

237 2607 327 2682 igitur
347 2608 461 2667 actione
480 2604 607 2681 quadam
629 2608 815 2681 continetur,
830 2621 906 2681 quae
925 2608 980 2665 etsi
1000 2605 1073 2664 duas
1091 2603 1158 2663 ilias
1171 2605 1312 2680 'praevias

237 2703 344 2779 habet,
367 2704 405 2763 ab
424 2704 461 2763 tis
481 2710 580 2762 tamen
599 2703 707 2778 oppido
727 2703 937 2781 distinguitur3
956 2718 1010 2763 nee
1030 2718 1110 2761 mera
1130 2708 1175 2762 est
1194 2702 1312 2761 inmitto

237 2802 285 2861 vet
305 2804 484 2877 comparatio
504 2809 716 2876 extremorum,
733 2800 785 2859 sed
800 2800 968 2860 eorumdem
985 2801 1132 2860 relationis
1153 2801 1311 2875 perceptio.

237 2896 281 2954 Ex
302 2913 362 2971 quo
385 2902 509 2974 emergit
530 2905 563 2957 ut
583 2898 724 2957 iudicium
751 2897 831 2957 ideas
856 2899 1004 2974 generales
1030 2900 1183 2974 exquirat,
1204 2895 1312 2972 quibus

237 2996 365 3052 sensatio
383 2996 502 3054 omnino
522 3000 619 3053 vacat.

297 3090 430 3167 Denime
449 3092 632 3151 ratiocinatio
652 3109 711 3151 non
733 3093 808 3153 idem
830 3100 890 3169 est,
905 3109 939 3153 ac
956 3094 1102 3169 perceptio
1121 3093 1246 3152 duorum
1268 3094 1312 3150 iu·

236 3188 396 3264 diclomm,
410 3188 463 3249 sad
483 3187 654 3247 eorumdem
675 3191 825 3251 relationis
845 3192 985 3266 intuitus,
1001 3204 1150 3266 perquem
1164 3202 1256 3247 unum
1275 3203 1312 3247 ex

237 3287 296 3347 alto
315 3286 442 3345 derivari
460 3288 489 3344 vi
506 3288 688 3345 automatum
710 3290 890 3364 generalium
906 3290 1129 3347 internoscatur.
1152 3288 1208 3359 Qui
1229 3290 1313 3344 actus

237 3390 415 3461 quantopere
435 3386 630 3444 sensatlouem
654 3386 895 3463 excedat,nemo
911 3386 1019 3462 estqui
1036 3401 1094 3443 non
1117 3384 1224 3443 videat.
1247 3382 1313 3441 Nun

236 3484 318 3541 enim
334 3485 364 3540 in
380 3482 459 3542 iacto
474 3483 573 3571 aliquio
592 3491 743 3559 concreto,
759 3484 837 3561 quod
855 3486 1033 3561 experientia
1052 3490 1232 3559 compertum
1253 3489 1313 3557 ast,

237 3580 395 3656 cogitavtdo
416 3588 469 3639 aut
487 3582 685 3658 comparando
705 3588 857 3657 versatum
872 3582 923 3642 sed
943 3584 1136 3659 cognitionem
1157 3584 1313 3655 importat,

235 3692 294 3754 qua
313 3694 350 3737 ex
370 3678 485 3738 tnflnlta
505 3680 695 3755 amplitudine
713 3681 837 3739 alicuius
853 3681 999 3756 veritatis,
1016 3680 1225 3755 experientiam
1250 3693 1313 3737 om·

236 3790 303 3834 uem
325 3777 614 3855 praetergredientis‚
630 3778 810 3854 particulare
828 3776 945 3855 aliquod
959 3794 993 3837 ea
1007 3776 1153 3836 inclusum
1168 3776 1313 3834 eliciatur.

297 3876 468 3953 Praeterea,
483 3879 508 3937 si
523 3879 622 3936 omnia
636 3893 711 3953 quae
726 3878 756 3935 iu
771 3876 856 3937 nobis
871 3884 940 3937 sunt
955 3876 993 3937 ad
1012 3877 1205 3936 sensationem
1228 3874 1315 3933 redu·

236 3980 385 4050 terantur,
399 3990 500 4033 eorum
516 3980 631 4034 tantum
644 3974 823 4034 obiecturum
839 3974 950 4034 ambitu
970 3974 1098 4050 cognidu
1113 3977 1214 4031 nostra
1230 3974 1313 4030 coer-
