2892 4425
244 360 282 415 to
717 366 852 410 mercae

243 474 454 553 materialibus,
473 482 589 554 propter
609 474 788 552 analogiam,
801 488 890 552 qnam
904 472 993 533 horno
1009 476 1086 534 inter
1105 479 1246 552 mmqne
1257 492 1323 554 per-

242 576 340 653 spicit,
354 572 509 636 nnmrorri
527 572 612 633 lacile
630 576 803 650 potuissent.
988 627 990 630 .

302 674 344 734 At
364 670 390 733 el
411 688 472 733 non
488 670 526 732 ds
545 670 683 732 obsoleto
697 677 728 730 et
745 670 900 730 obslroelc
915 668 1126 747 possibilitate,
1150 669 1203 730 sed
1220 668 1259 731 dc
1272 668 1325 748 sc·

243 774 291 831 cto
312 770 481 848 loquimur,
504 784 565 829 rem
587 771 671 829 eitter
693 772 850 847 contigisse
869 776 983 829 certam
1000 776 1056 828 est.
1078 770 1155 829 Nem
1172 785 1211 829 cx
1231 773 1326 831 aseris

243 866 348 927 litteris
362 867 482 928 lndnlsle
496 868 661 944 colligimus
674 866 818 927 clemente
837 869 979 926 sermonis
997 869 1092 943 pulmo
1105 868 1218 927 homini
1232 884 1250 927 a
1262 868 1325 927 Deo

243 966 353 1026 imbuta
375 981 459 1043 esse,
481 972 623 1043 quantum
642 966 746 1025 saitem
767 965 916 1024 sufficeret
933 966 972 1024 ed
991 964 1182 1025 domesticam
1203 960 1325 1025 sedete·

243 1070 319 1142 tem,
341 1066 372 1123 ln
392 1079 451 1141 qua
470 1063 520 1123 ille
539 1063 674 1125 conditius
695 1070 758 1139 est,
779 1063 972 1122 retinendam.
991 1062 1083 1122 Cuiam
1101 1064 1144 1121 rei
1162 1078 1325 1137 congruen-

243 1162 286 1221 tla
310 1162 358 1223 vel
377 1161 446 1221 inde
465 1167 564 1238 patet,
587 1162 666 1238 qnod
688 1163 731 1235 sl,
759 1168 793 1220 ai
815 1161 1036 1236 supradictum
1053 1166 1116 1236 est,
1136 1159 1175 1219 ed
1192 1160 1326 1219 divlnem

242 1260 384 1337 pmunnit
402 1260 615 1338 providentium
636 1266 801 1335 opportune
823 1262 945 1319 scientia
968 1261 1113 1317 instruere
1131 1262 1325 1335 protoparen-

245 1361 320 1433 tem
337 1355 395 1419 lrcc
408 1358 502 1417 mulio
515 1359 610 1433 magle
623 1355 660 1416 de
672 1372 729 1417 usu
742 1359 886 1416 sermonis
899 1357 1057 1415 dicendum
1070 1358 1126 1431 eit,
1140 1358 1226 1415 caius
1237 1354 1327 1431 longe

243 1456 338 1514 maior
355 1455 512 1513 necessitas
528 1454 710 1515 lmmlncbat.
734 1454 783 1514 An
802 1457 947 1530 sapienter
966 1452 1090 1530 cogitari
1109 1456 1216 1528 poterit
1232 1452 1327 1512 tollas

244 1553 359 1629 generis
372 1546 494 1611 hnmani
514 1566 620 1627 parens
637 1558 667 1611 ct
683 1553 843 1627 magister,
862 1554 914 1627 qui
927 1554 1012 1627 qnasi
1025 1553 1201 1627 principium
1215 1556 1245 1608 ct
1257 1548 1326 1610 inu·

244 1647 415 1710 memsam
429 1647 662 1709 constltnebaiar
684 1648 801 1708 ltrturae
813 1651 960 1709 societatis
973 1649 1071 1707 civille
1089 1654 1121 1707 ot
1135 1662 1247 1723 acrae,
1262 1650 1328 1707 siae

245 1744 354 1805 actuali
373 1746 460 1821 coplu
477 1745 595 1805 illorum
613 1746 796 1823 mediorum,
815 1762 892 1823 qnec
907 1745 947 1806 ad
965 1762 1075 1806 manas
1090 1746 1148 1805 lroc
1167 1744 1329 1821 adimplen-

244 1841 316 1903 dum
339 1848 490 1918 tentcpare
510 1842 753 1920 rsqmmhentari

305 1938 447 2017 Amedli,
470 1940 549 2017 quod
569 1940 748 2001 eruditorum
769 1940 995 2017 vestigatione,
1016 1942 1069 2016 qni
1087 1939 1126 1999 dc
1139 1940 1252 2017 origine
1269 1938 1327 1998 lin·

246 2050 372 2117 gaurum
398 2042 579 2113 tractarunt,
606 2038 666 2099 leuc
694 2037 813 2096 leodem
841 2036 1040 2097 concludendo
1066 2036 1268 2113 devenerant,
1292 2042 1330 2097 ut

247 2148 350 2195 omnes
370 2133 488 2211 linguae
509 2140 661 2211 temqnem
683 2134 802 2194 dialecti
827 2135 946 2211 linguae
965 2134 1119 2195 cniusdam
1139 2137 1327 2210 primitium,

246 2245 323 2308 quae
339 2234 473 2308 perierit,
495 2231 646 2294 habendes
663 2235 734 2293 sini.
754 2231 795 2292 At
812 2235 838 2292 si
860 2249 955 2293 sermo
975 2235 1106 2293 intentio
1125 2238 1204 2292 esset
1224 2232 1329 2292 leema-

247 2345 300 2408 πο,
319 2331 453 2410 singulae
472 2330 613 2408 familiae,
632 2347 707 2408 quse
727 2331 851 2391 diversis
868 2331 983 2407 populls
1003 2332 1145 2406 originem
1165 2329 1328 2407 dederunt,

247 2427 380 2507 ilngaem
399 2428 455 2490 sibl
474 2431 595 2490 omnlno
608 2431 757 2508 propriam
774 2435 863 2505 etmre
873 2428 912 2488 ab
925 2430 991 2488 eliis
1007 2427 1148 2488 radicitus
1160 2427 1328 2504 discrepen-

249 2533 308 2588 tem
328 2530 515 2588 creavissent.

308 2633 338 2685 7.
360 2625 639 2699 mutilitatem,
660 2639 751 2700 quem
766 2639 804 2682 ex
819 2635 952 2683 sermono
969 2638 1024 2700 pro
1044 2639 1142 2683 rernm
1162 2622 1329 2700 intelligen-

247 2723 395 2782 tiemone
414 2724 516 2798 cepit,
540 2723 686 2798 permulta
706 2720 831 2782 iebnlati
851 2728 921 2782 enni
943 2721 1110 2798 philosophi
1129 2721 1270 2797 quim,
1297 2722 1332 2781 in

249 2821 410 2898 primisque
420 2819 650 2881 Gondlileclilue.
662 2820 808 2881 Puiurunt
819 2823 898 2880 enim
911 2821 996 2892 illam
1008 2835 1071 2880 esse
1082 2822 1278 2880 neceesarium
1291 2820 1332 2880 ed

250 2915 400 2996 osopum
413 2921 445 2977 at
456 2915 619 2996 syenem
631 2917 764 2979 ldearum
775 2918 953 2994 habendam,
967 2933 1023 2978 nec
1036 2919 1100 2978 elne
1112 2918 1177 2993 ipso
1189 2916 1270 2976 ldees
1283 2933 1333 2994 gc·

248 3014 364 3075 sordes
377 3013 528 3074 efformari
542 3029 637 3091 posse.
653 3015 731 3090 inn
744 3018 835 3075 etiem
847 3031 882 3075 eo
895 3017 1041 3092 progressi
1053 3019 1135 3090 sunt,
1149 3018 1185 3074 ut
1198 3014 1333 3078 dicorcttt

249 3112 344 3186 ipsam
357 3109 582 3187 intelligentium
603 3113 720 3172 nonnisi
739 3127 778 3171 ex
790 3127 847 3171 usu
868 3110 1002 3188 loquelae
1018 3111 1164 3187 progigni.
1188 3109 1230 3169 At
1250 3112 1334 3170 enim

153 3267 155 3270 .
249 3207 324 3269 broc
342 3223 407 3270 asso
422 3207 546 3269 ridicule
568 3211 698 3286 optlmus
718 3212 843 3286 quisque
862 3208 1015 3285 todicemt,
1034 3207 1122 3267 modo
1143 3209 1253 3285 cogitet
1270 3223 1336 3267 non

248 3321 335 3383 poseo
355 3306 493 3384 loquendi
507 3322 594 3367 nsum
615 3308 730 3383 condpi
750 3309 807 3367 nist
827 3309 886 3366 lam
906 3314 994 3366 antee
1015 3307 1208 3383 lnteillgentle
1222 3304 1335 3365 subm·

249 3403 359 3464 datar.
379 3403 445 3464 Non
459 3407 539 3466 eninr
557 3406 629 3481 quir
642 3406 790 3483 loquimur
809 3404 1013 3482 intelligimus,
1034 3403 1086 3464 sed
1099 3406 1250 3462 vlcercree
1262 3403 1337 3478 qula

248 3501 440 3579 intelligimus
457 3503 618 3580 loquimar.
638 3501 724 3564 Unde
743 3501 843 3580 broie,
857 3504 928 3580 quie
945 3501 1138 3578 intelligentia
1153 3505 1267 3576 curent,
1289 3498 1338 3558 ld-

248 3601 330 3660 clrco
349 3598 487 3680 loquendi
508 3601 649 3664 iacultste
664 3603 831 3679 privantur.
856 3601 942 3675 Quod
964 3601 990 3660 si
1012 3600 1206 3677 intelligentie
1228 3613 1246 3658 a
1271 3612 1336 3656 scr·

250 3695 414 3760 mcne'non
430 3700 556 3778 pendet,
580 3701 687 3777 poterit
706 3697 759 3758 lllu
775 3697 896 3775 quiden
912 3699 975 3758 suis
994 3699 1040 3758 nil
1060 3697 1174 3759 uiribus
1194 3695 1233 3755 ed
1250 3693 1339 3754 laleee

251 3797 314 3858 eise
326 3795 499 3859 diuidendos
516 3795 810 3874 altecomponeudas
824 3799 888 3858 siae
906 3799 995 3857 etlam
1014 3793 1242 3870 mentuenda,
1263 3795 1342 3870 quin

251 3895 360 3957 idclrm
378 3911 476 3958 sermo
495 3895 578 3957 wint
596 3910 687 3958 cama
702 3900 757 3955 aut
774 3897 1000 3956 instrumentum
1018 3895 1202 3956 adhibeatur.
1225 3887 1281 3951 Sed
1301 3889 1344 3949 dc

252 3992 308 4054 iac
325 4009 357 4055 re
376 3993 472 4055 lecim
490 3995 547 4053 erit
566 3995 597 4052 in
618 3991 825 4069 llctapliysica
844 3993 1068 4070 commodum.
