2892 4425
572 363 790 406 uuxxuuxsmt
812 361 986 406 enutritis

590 572 748 630 Solvuntur
765 571 964 643 difficultates.

299 773 349 820 tu.
373 763 490 838 inquies
510 762 535 820 1.
561 779 615 822 uos
636 762 743 822 habere
764 762 858 821 ideam
884 763 968 837 spniil
990 761 1142 820 cuiusdam
1164 769 1194 820 et
1216 769 1318 822 exten·

239 863 330 920 siouis
350 861 500 935 inlicitae,
512 876 587 936 quae
606 862 772 935 concipitur
793 865 826 918 ut
838 861 985 934 capacitas
1006 859 1235 934 recipiendorum
1255 877 1319 918 eor·

240 975 364 1034 porum,
380 960 487 1016 trinam
502 957 613 1015 habeus
627 957 856 1030 dimensionem,
871 958 902 1014 in
916 955 1038 1032 lonpum
1046 999 1055 1030 ,
1074 956 1184 1031 lotum,
1207 964 1238 1016 et
1248 975 1317 1034 pro

234 1055 383 1132 fundum
407 1057 495 1116 nullis
514 1058 646 1115 terminis
666 1057 929 1128 circumscriptam.

301 1155 391 1230 Resp.
414 1155 457 1213 Ne
477 1170 550 1213 unsa
569 1153 654 1212 detur
670 1153 807 1227 errandi,
827 1156 1052 1211 cousentaneum
1074 1158 1119 1210 cst
1141 1152 1314 1212 deuotione

241 1253 298 1335 hac
318 1247 428 1329 aliquid
446 1255 575 1310 inuuere.
599 1250 707 1309 Mirum
721 1251 801 1308 enlm
818 1255 862 1308 est
880 1256 1058 1324 quantopere
1072 1251 1102 1306 iu
1117 1266 1152 1308 ea
1165 1250 1316 1310 delirarint

133 1372 139 1382 ⁴
242 1349 425 1426 philosophi,
440 1355 568 1423 quotque
581 1347 709 1406 absurda
722 1347 904 1422 pmtulerint.
922 1346 1062 1405 Nonnulli
1076 1349 1171 1422 enim,
1189 1355 1221 1406 ut
1237 1347 1315 1407 Clar-

241 1445 328 1520 ixius,
347 1461 382 1504 eo
415 1445 562 1520 progressi
591 1449 680 1517 sunt,
700 1450 734 1501 ut
765 1443 896 1502 dicerent
915 1443 1084 1502 huiusmodi
1111 1447 1316 1518 expansionem

241 1543 400 1616 inlinitum,
415 1543 509 1616 ipsam
523 1557 586 1599 asse
601 1543 825 1600 immensitatem
839 1528 901 1599 uei.
926 1539 983 1599 lilii
998 1557 1078 1617 vero,
1094 1548 1128 1599 ut
1140 1541 1316 1616 Gasscndus,

243 1641 354 1715 opinati
374 1644 459 1713 sunt,
475 1639 567 1712 ipsam
589 1636 698 1712 aliquid
718 1654 782 1696 esse
802 1639 1094 1714 incorporeum,.non
1115 1644 1213 1696 tamen
1234 1640 1319 1712 spiri·

179 1775 183 1784 ·
243 1743 318 1812 tum,
334 1735 440 1810 triplici
452 1734 633 1793 dimensione
646 1741 796 1812 constans,
812 1735 863 1794 sed
880 1735 1093 1811 improductum
1114 1742 1178 1793 eiu
1196 1735 1256 1794 Deo
1276 1739 1318 1794 iu·

243 1830 417 1908 dependens.
435 1830 493 1890 Alii
506 1832 710 1890 existimarunt
723 1835 851 1908 spatium
870 1833 1063 1892 substantiam
1082 1834 1237 1908 quamdam
1257 1849 1320 1893 esse

244 1945 426 2005 corpoream,
451 1930 496 1988 vel
517 1930 619 1988 saltem
643 1929 721 1989 reale
742 1931 869 2006 aliquid,
890 1930 942 1989 sed
963 1946 981 1988 a
1001 1930 1087 1990 rebus
1109 1932 1251 1988 concretis
1273 1931 1320 1988 alu

245 2027 386 2086 solatum.
403 2026 553 2103 Denique,
568 2044 606 2085 ue
619 2042 721 2085 omues
737 2040 913 2103 recenseam,
935 2029 1015 2087 Kaut
1036 2033 1116 2086 ratus
1135 2032 1180 2085 est
1193 2029 1318 2101 spatium

246 2128 404 2199 generatim
425 2141 488 2184 esse
509 2127 693 2184 intuitionem
715 2124 862 2201 quandam
877 2141 997 2200 puram,
1013 2141 1064 2185 seu
1085 2125 1123 2184 ab
1142 2127 1320 2200 experientia

247 2223 503 2298 independentem,
517 2230 547 2282 et
568 2223 692 2282 lormam
713 2224 914 2283 sensibilitatis
934 2230 1088 2299 erismae,
1105 2226 1134 2280 vi
1155 2226 1238 2282 cuius
1259 2225 1318 2281 sin·

246 2321 315 2395 gula
335 2336 458 2396 corpora
477 2326 599 2379 extema
611 2337 676 2379 esse
694 2322 900 2397 cogitaremus.
919 2321 993 2379 Vere
1006 2320 1192 2379 delirantium
1215 2322 1320 2378 insom-

247 2420 308 2494 nia,
322 2434 398 2493 quae
416 2421 537 2476 omniuo
557 2434 574 2476 u
596 2420 717 2477 veritate
737 2417 903 2476 discedunt!
920 2418 996 2475 Nam
1009 2417 1107 2476 Kantii
1126 2418 1224 2492 opinio
1244 2416 1322 2475 idea·

249 2514 366 2573 lismum
380 2515 505 2590 inducit,
518 2524 547 2575 et
560 2518 758 2575 extensionem
775 2532 928 2589 corporum
942 2515 1115 2574 obiectixam
1128 2530 1146 2572 a
1159 2516 1324 2589 cognitione

247 2617 346 2669 nostru
360 2627 478 2684 prorsus
499 2611 624 2686 ablegat.
643 2612 761 2671 Ceterae
778 2617 874 2670 nutem
893 2613 1043 2685 opiniones
1062 2628 1121 2669 rem
1134 2610 1324 2686 contingunt,

245 2724 322 2784 quae
341 2709 428 2766 simul
454 2711 614 2783 composita
636 2712 676 2767 sit
697 2716 728 2767 et
756 2708 901 2783 simplex,
926 2711 1089 2767 necessaria
1111 2708 1198 2767 etad
1226 2716 1325 2767 creata

251 2807 415 2881 pertinens,
436 2807 605 2879 incorporea
625 2812 654 2864 et
671 2804 901 2865 dimensionibus
917 2812 1066 2870 constans.
1089 2806 1135 2865 Ad
1154 2821 1323 2879 summam,

250 2908 412 2960 monstrum
434 2910 535 2961 creant
549 2903 752 2979 ¹pugnantibus
771 2902 898 2979 undique
917 2906 993 2964 notis
1015 2920 1049 2963 ac
1068 2902 1247 2962 multimodis
1272 2901 1323 2959 ab·

250 2996 443 3056 surditatibus
466 2990 591 3057 scatens.

309 3092 350 3151 Ut
371 3097 467 3171 itaque
488 3113 549 3154 rem
570 3095 646 3156 hauc
664 3098 862 3175 explicemus,
885 3097 1176 3158 animadvertendum
1196 3104 1241 3155 est
1262 3112 1327 3156 cor·

252 3208 339 3266 pora,
363 3208 437 3267 quae
460 3193 685 3269 adspectabilem
711 3196 788 3254 lianc
817 3212 911 3255 rerum
934 3197 1154 3256 universitatem
1176 3192 1327 3267 condant,

251 3295 318 3364 apte
337 3290 477 3365 disposita
501 3308 563 3350 esse
589 3294 665 3350 iuter
686 3309 718 3351 se
739 3301 768 3352 et
785 3294 935 3369 ordinatu,
951 3296 990 3351 lta
1018 3299 1051 3350 ut
1071 3293 1127 3351 alia
1154 3292 1219 3350 aliis
1237 3293 1329 3349 couti·

229 3395 386 3459 ,ueautuu
406 3388 502 3460 Quare
525 3404 630 3465 corpus
652 3391 732 3466 quod
754 3394 831 3449 intra
847 3407 915 3449 suas
935 3390 1131 3448 dimensiones
1156 3388 1236 3448 aliud
1257 3405 1326 3447 cou-
1363 3394 1368 3397 “

166 3518 170 3523 ‚
252 3486 342 3559 tinet,
362 3501 431 3562 erga
451 3487 523 3546 illud
549 3490 626 3547 vices
650 3493 726 3565 gerit
753 3487 926 3563 receptaculi
945 3488 1115 3561 cuiusdam,
1135 3486 1213 3562 quod
1233 3488 1327 3560 ipsum

253 3583 472 3643 circumscribat
485 3592 514 3644 et
528 3587 732 3663 amplectatur.
753 3586 863 3662 Corpus
882 3592 977 3644 autem
993 3584 1072 3660 quod
1088 3584 1170 3643 uulln
1183 3584 1241 3642 ulio
1259 3599 1329 3641 con·
1391 3624 1393 3631 .

253 3682 375 3755 tinctor,
399 3683 495 3757 ipsum
516 3682 572 3742 sibi
594 3690 637 3742 est
668 3682 881 3757 receptaculum
902 3686 959 3742 sui.
989 3682 1065 3741 Hinc
1092 3684 1172 3740 notio
1193 3684 1223 3738 iu
1245 3680 1330 3739 nobis

252 3777 349 3850 spatli'
360 3780 445 3837 realis
460 3782 664 3856 ingeneratur,
681 3788 825 3856 quatenus
846 3772 1026 3855 concipimus
1044 3780 1240 3837 dimensiones
1264 3795 1329 3836 cor·

253 3878 332 3949 poris
346 3880 432 3936 unius
452 3879 531 3937 aliud
547 3879 771 3953 circumdantis,
791 3894 865 3955 quas
881 3880 955 3937 iuter
971 3894 1077 3952 corpus
1097 3877 1215 3952 aliquod
1239 3877 1329 3933 locari

254 3978 366 4055 potest,
387 3977 540 4035 autetiam
554 3979 735 4052 concipimus
755 3976 949 4035 dimensiones
969 3972 1186 4049 superficierum
1201 3973 1330 4033 eiusdem
