2892 4425
246 361 300 411 100
711 367 844 410 mulctis

241 476 360 553 dicitur,
385 476 463 552 quod
488 477 580 535 altera
609 477 765 553 rationali,
793 479 886 537 altera
911 479 1130 554 experimentali
1156 483 1316 556 maurisca

242 583 383 653 constat;
398 573 561 635 cuiusmodi
580 579 657 634 meet
673 575 747 634 baec
766 577 971 636 ratiocinatio:
993 580 1094 655 nequit
1116 581 1243 639 existen
1265 598 1316 640 eru

241 679 415 752 metinpeor
430 676 490 733 niel
505 674 621 733 emicat
635 689 688 732 eas
706 675 927 749 taramriam
945 677 1032 752 atqui
1048 677 1129 735 endu
1144 680 1316 755 multoper-

243 779 286 834 tiu
304 777 458 847 eemtuut5
477 789 548 849 erpo
566 773 693 831 existere
708 777 822 849 oportet
842 789 893 832 eae
913 777 1117 833 eremitorium.

301 875 381 934 inter
402 873 457 932 bac
479 870 670 930 mtiocineodi
689 873 800 946 species
826 871 882 930 boc
901 873 1022 931 interest
1039 871 1214 947 discrimen,
1237 875 1317 950 quod

242 977 337 1051 prima
356 973 472 1031 nonnisi
493 970 646 1028 relationes
666 968 809 1044 quasdam
831 969 905 1027 inter
925 971 1004 1046 ipsas
1024 955 1104 1028 ideas
1124 969 1243 1048 delegit,
1265 973 1316 1032 sed

241 1089 293 1149 per
313 1089 345 1132 se
364 1071 402 1131 ad
423 1070 528 1129 realem
552 1083 647 1127 rerum
669 1069 856 1142 existentiam
876 1067 1055 1128 inferendam
1077 1071 1196 1128 minime
1218 1071 1314 1146 valct3

240 1173 418 1231 eontrarium
436 1185 506 1229 vero
525 1167 679 1227 dicendum
698 1171 744 1224 esi
761 1167 799 1224 de
814 1165 943 1242 reliquis.
964 1165 1037 1226 Num
1056 1169 1238 1228 ratiocinatio
1253 1185 1315 1228 em·

240 1271 332 1346 pirica
354 1275 415 1327 tota
435 1273 545 1342 quanta
564 1271 608 1323 est
628 1265 658 1321 in
680 1264 810 1324 realitate
830 1265 894 1339 ipsa
916 1263 1070 1324 iudicanda
1090 1271 1119 1323 et
1140 1265 1316 1325 eonferenda

240 1373 384 1426 remetiar.
406 1363 599 1424 Ratiocinatio
621 1367 717 1419 auum
742 1364 833 1420 mixta
856 1363 1006 1421 veritatem
1029 1362 1187 1438 quamdam
1210 1379 1316 1440 puram

240 1471 272 1523 ei
287 1462 457 1523 rationalem
476 1461 594 1518 veritati
609 1459 694 1518 alteri
711 1459 932 1534 experimentali
948 1459 1053 1519 realem
1072 1463 1255 1521 existentiam
1271 1466 1315 1521 in·

240 1562 369 1623 eludenti
390 1561 529 1636 applicat.
548 1560 645 1631 Quare
662 1558 789 1618 ostendit
805 1573 855 1618 eas
878 1561 956 1636 ipsas
976 1562 1005 1618 iu
1026 1559 1111 1620 rebus
1128 1564 1252 1621 existere
1274 1579 1316 1622 re-

240 1661 381 1736 lationes,
397 1674 473 1735 qnae
490 1660 568 1716 inter
592 1657 672 1717 ideas
691 1656 885 1717 intercedunt.
910 1657 1054 1718 Veritatex
1078 1661 1156 1718 enlm
1176 1674 1267 1735 purae
1286 1669 1316 1722 ct

238 1757 415 1818 theoreticae
430 1763 510 1832 sunt,
531 1762 566 1815 nt
583 1758 626 1815 lta
642 1757 753 1832 diam,
775 1756 974 1816 conditionate
993 1757 1148 1833 practicae,
1170 1763 1316 1834 quatenus

147 1927 151 1944 Ι
238 1855 270 1915 id
289 1855 368 1933 qnod
389 1853 521 1914 absolute
540 1853 578 1913 de
601 1853 674 1914 ideis
694 1861 850 1931 asserunt,
874 1861 1008 1914 morunt
1028 1855 1116 1915 wem
1145 1853 1182 1914 dc
1205 1855 1314 1934 rebus,

241 1954 329 2014 modo
345 1953 488 2029 conditio,
502 1969 592 2029 mam
610 1953 778 2030 includunt,
794 1953 881 2012 realis
901 1951 1048 2013 reddatur.
1070 1953 1119 2013 Sic
1136 1969 1203 2012 euru
1223 1953 1313 2013 dicim
1418 1947 1424 1956 '

238 2067 290 2114 erit
308 2055 480 2130 mutieperu
499 2056 603 2111 cetere
619 2054 724 2129 aequit
741 2055 805 2111 sirie
817 2055 884 2111 eote
896 2053 1067 2126 moercar-iq
1088 2051 1229 2111 eiusmodi
1247 2067 1315 2128 pro·

240 2153 346 2230 positio
363 2151 441 2211 idem
454 2149 584 2211 affirmat
598 2157 686 2228 atque
698 2149 771 2210 baec
783 2149 1005 2210 conditionalis:
1021 2153 1048 2209 ri
1066 2152 1173 2210 eciem
1183 2165 1234 2210 erre
1249 2165 1317 2211 coro

242 2252 376 2328 werre,
404 2254 524 2311 certare
548 2247 634 2309 debet
652 2265 704 2308 eru
723 2252 928 2309 malemein.
955 2248 1051 2323 Quare
1073 2266 1140 2309 cum
1161 2255 1261 2325 postea
1284 2251 1316 2309 ui

237 2350 360 2410 minoris
383 2350 590 2426 pmpositionis
613 2344 771 2425 empiridac
799 2350 986 2409 existentiam
1014 2350 1090 2408 entis
1117 2336 1325 2425 eontingcuiis

214 2464 372 2525 ¹asseres3
395 2462 576 2524 consequens
596 2452 641 2507 ist
664 2454 699 2507 ut
720 2449 752 2506 in
776 2447 906 2507 illatione
928 2447 1035 2507 realem
1060 2449 1135 2507 ends
1158 2450 1316 2507 necessarii
1429 2466 1434 2481 =

238 2544 367 2606 deductu
387 2548 583 2606 existentiam.
600 2544 646 2606 Ex
659 2562 719 2623 quo
738 2546 824 2621 plane
843 2546 1015 2623 intelligitur
1035 2552 1162 2621 quantae
1177 2544 1315 2626 utilitatis

238 2646 278 2704 cit
298 2644 372 2703 baec
391 2643 583 2703 ratiocinandi
605 2648 736 2719 species3
757 2660 808 2720 per
829 2648 921 2721 ipsam
942 2644 1019 2702 enim
1042 2658 1079 2702 ex
1097 2645 1145 2719 iix,
1167 2660 1243 2719 quae
1265 2660 1316 2704 ex·
1345 2674 1350 2679 ·

238 2744 396 2817 perientim
412 2741 542 2801 subiecta
561 2749 646 2818 snut,
673 2758 724 2819 ea,
750 2758 826 2818 quae
846 2758 897 2818 per
913 2742 1123 2818 experientiam
1146 2756 1203 2801 uon
1224 2742 1315 2801 attin·

154 2848 162 2857 '
238 2846 359 2917 guntur,
384 2838 469 2899 tacite
486 2846 516 2899 ct
536 2843 699 2899 necoesario
719 2840 904 2904 deducimus.

297 2936 429 3015 Denique
446 2940 587 2997 recenseri
607 2944 702 3014 potest
722 2939 903 2997 ratiocinatio
928 2934 970 2996 ud
992 2934 1159 3011 bominem,
1187 2952 1246 3013 qua
1269 2938 1316 2996 ni-

239 3038 345 3093 mimm
371 3051 408 3095 ex
432 3037 525 3111 ipsius
550 3036 784 3095 adversariorum
807 3036 957 3112 principiis
980 3034 1090 3111 aliquid
1112 3041 1214 3095 oontm
1235 3036 1317 3110 ipsos

238 3132 438 3209 oemudlmus3
464 3138 496 3193 et
519 3136 701 3194 ratiocinatio
721 3132 932 3213 hypothetico,
960 3132 1034 3193 idest
1063 3148 1121 3211 qua
1136 3132 1317 3223 'hypothesis

237 3232 397 3291 assumitur
424 3231 589 3309 quaedam,
620 3248 659 3292 ex
685 3234 807 3310 ipsaque
832 3232 1032 3309 phaenomena
1059 3230 1252 3308 explicantur.
1275 3230 1319 3294 At

235 3326 311 3388 baec
329 3344 386 3403 non
408 3336 453 3389 est
472 3332 534 3390 veri
560 3332 687 3391 nominis
709 3330 939 3407 demonstratio,
960 3336 990 3389 et
1010 3332 1060 3389 vix
1080 3327 1315 3404 probabilitatem

238 3426 367 3487 exhibet.
384 3428 495 3489 Tamen
514 3430 596 3489 utilis
615 3437 660 3490 est
683 3428 859 3505 quandoque
878 3426 916 3487 ad
940 3426 1069 3503 aliquam
1091 3426 1316 3502 explicationem

236 3526 414 3606 summum,
430 3532 481 3607 qui
500 3537 659 3607 apparent,
679 3526 859 3588 struendam
881 3518 1117 3603 quotiescqune
1136 3543 1206 3587 vera
1225 3542 1318 3589 cansa

236 3622 334 3704 detegi
353 3631 465 3706 nequit.

297 3733 347 3785 tii.
368 3724 621 3788 Demomtratione
637 3726 798 3802 acquiritur
816 3725 949 3800 selectio,
970 3740 1046 3801 qnae
1063 3725 1172 3785 idcirco
1189 3722 1316 3783 describi

236 3821 325 3903 solet:
345 3828 476 3903 moitis
487 3830 569 3885 eertc
589 3829 619 3883 et
637 3822 755 3883 culdeos
767 3840 824 3900 per
838 3821 1115 3884 denwmbcttonem
1128 3825 1315 3899 compererim

236 3936 413 3999 quemquam
434 3922 581 3983 interdum
607 3921 666 3981 boc
687 3922 806 3981 nominc
830 3921 1009 3999 intelligatur
1034 3922 1150 3981 babittu
1168 3918 1211 3978 ud
1234 3918 1315 3980 illam

237 4020 401 4097 inclinans,
425 4027 456 4080 et
477 4020 579 4080 latiore
596 4022 683 4080 edam
708 4036 796 4081 seusu
815 4022 943 4098 cognitio
965 4020 1087 4097 quaevis
1109 4024 1187 4077 certa
1210 4024 1239 4077 et
1257 4020 1317 4079 evi-
