2892 4425
566 404 623 445 arn
647 403 826 448 ouaotoblr
1178 403 1232 454 179

154 511 302 571 dieantur.
328 509 481 571 obiectum
495 513 573 570 enim
592 514 717 572 actonis
738 516 933 589 cuiusquemt
952 531 1023 592 eus,
1046 517 1124 592 qnod
1136 527 1233 578 autern

155 615 298 686 repugnat
322 611 521 685 intrinsecus,
548 610 579 668 id
604 612 681 671 entis
707 614 818 670 ratione
850 628 968 688 prorsus
996 621 1085 673 earet.
1115 603 1233 676 luilnlta

155 713 251 766 autem
273 706 327 764 Dei
347 709 443 765 virtus
464 699 494 764 in
516 706 574 766 buc
595 710 747 784 cernitur,
768 709 846 785 qnod
870 713 969 768 omnia
989 709 1103 772 eiiicere
1123 717 1233 790 possit,

154 821 229 879 quae
248 803 287 863 ad
309 803 494 862 existendum
515 811 586 864 suut
606 806 732 882 idonea,
751 823 801 865 sen
830 822 905 882 quae
929 812 1149 885 repugnantiam
1177 811 1232 870 sibi

155 917 214 960 uon
236 902 400 978 implicant.
998 925 1006 936 ·

575 1075 765 1134 Paorosrrro
784 1079 817 1132 v.

171 1237 291 1289 iuterna
309 1248 410 1289 reram
425 1233 605 1305 possibiliter
618 1238 756 1306 proxime
771 1236 881 1306 pendet
897 1253 923 1312 o·
935 1209 1034 1294 diotreo
1053 1239 1217 1308 intellectu,

480 1324 589 1378 remote
607 1338 627 1377 α
645 1322 750 1379 diurno
769 1327 913 1381 Essentio.

216 1484 368 1546 Probatur
383 1488 486 1563 primu
502 1502 590 1564 porr.
609 1485 764 1546 Posslblliu
787 1488 860 1547 nibil
882 1489 962 1550 alind
985 1496 1055 1550 suut
1075 1507 1163 1568 qnam
1189 1509 1233 1550 ra·

155 1585 249 1642 tiones
269 1583 413 1660 quedam
439 1585 615 1644 intellectae.
642 1585 721 1661 Ergo
744 1585 781 1644 ab
802 1593 919 1648 aeterno
941 1591 1057 1648 nonnisi
1082 1591 1112 1648 in
1140 1597 1235 1650 menta

154 1679 257 1740 divina
274 1683 457 1757 mtteruut,
477 1687 512 1740 ut
534 1681 616 1741 ldeae
638 1699 735 1742 rerum
756 1683 936 1745 creabilium.
963 1685 1000 1744 Et
1017 1689 1154 1762 quonlam
1181 1695 1236 1746 ter·

156 1781 256 1837 minus
277 1781 460 1838 exuinseens
474 1785 547 1839 ectu
566 1769 716 1857 existens,
739 1797 756 1840 a
776 1797 836 1857 quo
860 1783 941 1842 ideae
963 1780 1236 1844 illue'determiuerl

105 1881 109 1887 '
156 1878 329 1951 potuissent,
351 1876 449 1937 nulius
470 1882 550 1952 erat,
572 1879 636 1953 ipsa
656 1893 738 1938 meus
758 1878 860 1938 diviua
880 1880 988 1939 cladem
1009 1883 1150 1958 originem
1164 1880 1235 1939 dare

157 1974 269 2033 debuit.
289 1974 445 2033 Possibilia
467 1977 557 2056 igitur
581 1991 600 2033 a
623 1981 720 2034 mente
737 1975 839 2034 divine
862 1993 944 2036 suam
966 1977 1087 2036 idealem
1107 1979 1233 2036 existen-

156 2073 228 2130 tiam
247 2077 277 2129 et
295 2071 567 2132 determinationem
589 2077 733 2147 repetunt,
753 2079 902 2148 tamquam
922 2087 940 2130 a
961 2075 1052 2130 totius
1076 2072 1235 2132 idealltatis
1301 2071 1305 2086 '

155 2171 310 2246 principio.
335 2167 379 2230 iri
402 2185 465 2229 rem
486 2169 665 2243 Leibniiina:
691 2193 703 2219 a
734 2169 841 2229 Verum
864 2175 908 2229 eat
928 2171 957 2227 in
981 2168 1042 2229 Deo
1062 2185 1120 2228 nou
1148 2169 1234 2229 modo

158 2292 172 2317 ι
189 2268 380 2327 tesefontem
402 2270 637 2343 existentiarum,
656 2282 758 2327 verum
774 2270 863 2325 etiarn
882 2269 1073 2326 essentiarum
1091 2274 1235 2343 qnuoenua

159 2390 172 2415 a
191 2358 284 2424 reales
303 2372 383 2440 sunt,
403 2372 455 2424 ant
470 2368 533 2425 eins
548 2364 630 2442 qnod
650 2367 681 2422 iu
701 2363 893 2439 possibilitate
911 2364 987 2421 reale
1007 2370 1061 2423 est.
1083 2364 1235 2439 Propterea

159 2489 173 2513 ι
190 2463 354 2521 intellectus
375 2462 426 2521 liei
450 2463 496 2521 est
517 2464 597 2539 regio
621 2466 777 2521 veritotum
798 2468 981 2519 aeternarum
1007 2468 1057 2519 aut
1082 2460 1233 2537 idearum,

160 2587 173 2611 ι
192 2561 270 2620 unde
289 2560 473 2637 dependent,
493 2566 524 2619 et
543 2563 607 2621 aine
624 2564 690 2635 ipso
711 2558 784 2617 nibil
806 2558 947 2617 realitatis
969 2558 1043 2615 lux-et
1063 2560 1092 2615 in
1112 2558 1235 2633 possibi-

159 2682 173 2707 «
192 2658 342 2733 litatlbne,
363 2664 394 2717 et
411 2658 484 2717 ulbll
505 2673 564 2717 non
584 2656 671 2717 modo
691 2660 839 2732 existeret,
866 2656 917 2714 sed
942 2656 1012 2713 nibil
1036 2658 1123 2715 etlam
1144 2658 1235 2731 possi-
1270 2726 1272 2731 Ι

161 2780 175 2804 ι
194 2754 252 2815 bile
272 2754 347 2814 {oret
362 2759 383 2813 ¹.
403 2780 416 2805 r
561 2758 565 2764 ’
1285 2750 1292 2767 '

221 2852 370 2912 Probatur
395 2851 523 2911 secundo
536 2868 621 2929 porr.
645 2850 725 2911 Ordo
746 2852 880 2911 mentalis
902 2858 930 2909 et
944 2852 1055 2927 logicus
1077 2868 1093 2909 a
1115 2851 1191 2913 reali,
1208 2856 1238 2909 et

159 2950 283 3026 physico
303 2950 499 3023 anteceditur,
518 2964 609 3025 eoque
629 2956 680 3008 ant
693 2950 843 3025 proxime,
864 2955 913 3006 aut
928 2953 1036 3007 remote
1050 2947 1173 3023 saitem,
1192 2950 1236 3005 nl·

157 3048 241 3105 titur.
263 3047 444 3121 Quapropter
472 3062 554 3105 mens
574 3048 604 3105 ln
626 3046 698 3105 ideis
721 3062 828 3103 rerum.
848 3044 1046 3122 quarumlibet
1071 3042 1125 3103 sibi
1150 3043 1238 3103 ellor-

159 3142 275 3203 mandis
287 3142 510 3202 fundamentum
523 3145 653 3217 accipere
665 3142 752 3201 debet
766 3142 804 3201 ab
818 3146 959 3201 existente
979 3142 1076 3216 aliqua
1093 3140 1234 3199 realitate.

163 3240 242 3317 Ergo
259 3256 326 3299 cnm
343 3241 420 3300 Deus
438 3258 475 3299 ex
491 3243 660 3300 aeternitate
677 3239 827 3314 possibilia
853 3242 952 3299 omnia
972 3242 1167 3314 perspexerit,
1191 3238 1239 3297 de·

159 3336 224 3396 buit
249 3338 378 3413 proiecto
401 3342 432 3395 in
461 3335 648 3413 possibilibus
674 3336 870 3411 concipiendis
900 3336 937 3395 ad
970 3338 1097 3394 existens
1120 3334 1238 3411 aliquod

160 3440 300 3510 respicere
322 3434 486 3510 obiectum,
517 3451 584 3493 cum
612 3450 671 3510 qun
697 3434 844 3508 possibilia
876 3433 926 3490 ilia
955 3431 1122 3491 relationem
1152 3430 1238 3491 babe-

158 3518 248 3606 ¹rent,
271 3540 300 3590 et
329 3545 442 3608 exque
465 3531 632 3591 eorumdem
652 3530 907 3604 concipiendorum
931 3532 1016 3605 quasi
1038 3528 1190 3588 exordium
1211 3536 1240 3587 et

159 3626 382 3688 mouumentum
402 3634 576 3687 sumeretur.
599 3626 689 3701 Atqui
723 3625 871 3685 obiectum
899 3626 1041 3685 eiusmodi
1062 3625 1099 3685 ab
1124 3632 1239 3684 aeoerno

159 3705 301 3798 existens,
313 3741 349 3783 ex
368 3728 452 3784 culus
466 3723 711 3799 contemplatione
729 3722 766 3781 ad
783 3724 905 3782 aliarum
920 3740 1017 3783 rerum
1035 3724 1240 3799 cogitationem

161 3806 239 3880 Deus
252 3822 421 3898 deveniret,
436 3822 517 3881 aliud
534 3837 598 3881 esse
611 3836 669 3879 non
684 3822 794 3897 putuit,
810 3823 865 3880 nlsl
883 3824 1007 3896 ipsamet
1020 3820 1125 3879 Divina
1144 3833 1239 3877 esseu-
1265 3860 1280 3883 ,,

221 4038 230 4079 1
251 4033 368 4095 princip.
376 4030 563 4097 umarupbtoe
577 4030 602 4094 ς.
615 4035 645 4082 le
658 4035 731 4094 oper.
746 4034 764 4081 i.
781 4040 800 4079 i.
