2892 4425
355 387 438 455 'usas
457 386 571 430 naaria
591 401 603 416 ·
623 385 805 430 rnaoaourx
827 385 1005 430 uatuuanrs
1166 377 1222 432 tit

143 511 222 573 quae
240 510 309 555 eum
329 493 432 556 divine
454 495 632 572 perfectione
649 494 733 554 uuiio
758 497 924 555 necessario
943 495 1063 556 rineuio
1082 495 1224 572 eoiilgan·

142 593 279 653 taniam
295 609 364 652 vero
375 597 470 669 primo
484 591 572 652 modo
584 599 732 668 spectatus
747 599 829 652 aetus
847 592 896 652 iiie
910 597 1091 654 nenmsarius
1103 597 1223 655 omuino
1257 625 1261 634 ·

78 709 86 722 ⁴
142 699 204 767 est,
218 699 249 752 et
264 693 434 751 mutationis
454 705 573 766 expers3
595 697 684 766 atque
703 690 782 764 ideo,
799 693 862 749 sive
882 691 1010 752 mundus
1030 699 1144 752 creetur
1159 695 1223 752 sive

123 806 227 866 nun,
246 805 360 864 semper
383 795 428 848 est
453 790 542 848 idern.
568 786 703 848 Saeuum
724 790 836 847 ratione
860 791 1029 865 inspectus,
1051 793 1228 866 eontingens·

142 895 192 950 eet
213 895 244 948 et
273 892 305 947 in
331 889 510 948 eontrarium
533 889 608 946 uerti
634 893 746 962 poteet3
770 887 943 946 tumetium
967 886 1100 948 diversus
1123 889 1161 947 eb
1189 905 1224 948 eo

143 992 205 1062 est,
224 981 277 1062 qui
299 984 423 1061 fuisset,
446 987 472 1044 si
501 985 628 1045 mundus
647 987 770 1044 minime
790 991 905 1044 oreatus
925 969 1012 1045 esset.
1042 986 1102 1045 Nee
1125 993 1222 1046 tamen

140 1084 315 1144 diversitate
340 1099 394 1143 sua
416 1086 606 1142 mutationem
622 1082 684 1143 lieo
709 1082 976 1160 affortiatorum,
997 1085 1048 1144 sed
1069 1085 1222 1144 relativam

141 1182 318 1244 dumtaxat:
331 1195 418 1256 quae,
433 1186 468 1240 ut
485 1182 516 1239 iu
530 1182 680 1257 ontoiogia
696 1181 839 1257 diximus,
858 1188 980 1240 externa
992 1187 1049 1240 est.
1065 1179 1130 1240 Nou
1145 1183 1223 1242 eninr

142 1279 216 1340 inde
237 1281 371 1356 exsurgit
391 1278 472 1354 quod
494 1278 556 1338 Deo
571 1280 698 1338 addatur
719 1279 831 1354 ettqutd
849 1279 896 1338 vel
916 1279 1049 1353 tollatur,
1065 1269 1121 1338 sed
1144 1277 1224 1354 quod

141 1377 269 1436 directio
280 1382 395 1435 tuntum
414 1381 444 1434 et
465 1376 568 1435 relatio
590 1378 714 1436 audonis
733 1376 852 1435 divinae
873 1379 1014 1450 vertetu,
1036 1391 1071 1436 ex
1092 1391 1152 1452 quo
1172 1375 1225 1436 fiat

140 1481 180 1535 ut
199 1473 286 1532 rebus
305 1488 325 1532 a
344 1473 404 1533 Deo
423 1473 569 1533 distinctis
588 1475 745 1533 existentia
763 1473 921 1534 tribuatur.

209 1572 307 1648 Atque
324 1572 381 1632 hoe
398 1571 522 1632 niterius
541 1572 682 1631 illustrari
698 1579 794 1648 potest
810 1589 848 1631 ex
867 1571 1034 1631 differentia
1051 1587 1127 1647 quae
1147 1575 1226 1650 riget

142 1673 224 1730 inter
247 1668 427 1729 voluntatem
447 1676 576 1730 ereetum
601 1675 631 1730 et
648 1670 791 1729 divinem.
816 1669 893 1729 Nam
922 1670 1031 1729 ideireo
1048 1678 1147 1730 ereata
1171 1687 1222 1730 ro·

143 1769 267 1842 funus,
281 1783 349 1826 euru
371 1767 409 1827 ed
428 1767 548 1844 aliquod
565 1767 712 1826 obieetnm
736 1783 769 1827 se
788 1767 891 1844 fientit,
907 1783 1017 1827 norum
1036 1775 1135 1828 notum
1157 1783 1225 1828 eum

144 1867 311 1925 mutatione
323 1865 432 1946 induit3
446 1867 589 1942 quianon
602 1867 815 1926 eetinneuuiea
829 1866 882 1946 sed
900 1868 1082 1926 sueeessioue
1096 1867 1225 1941 plurium
1258 1895 1260 1900 ·

144 1968 297 2041 operatur3
314 1979 369 2022 nee
384 1970 480 2038 aetus,
502 1979 589 2040 quem
609 1963 700 2043 elicit,
713 1978 780 2022 eum
795 1969 900 2023 natura
913 1966 1007 2039 ipsius
1029 1979 1122 2023 unum
1137 1963 1226 2024 idem·

144 2077 206 2138 que
225 2067 288 2136 eat,
307 2060 360 2119 sed
380 2059 543 2120 adfectione
567 2059 714 2136 quadarn,
739 2075 815 2136 quae
835 2063 1022 2136 supervenit,
1047 2062 1222 2120 continetur.

142 2161 245 2243 Quare
265 2157 402 2218 voluntas
418 2157 470 2217 iiia
482 2163 603 2217 nemeae
618 2157 707 2217 dmui
724 2162 771 2217 est
787 2162 817 2217 et
832 2159 961 2234 petiens:
979 2163 1110 2232 actuose,
1124 2163 1226 2233 quate·

142 2274 204 2319 nus
224 2258 285 2316 vim
305 2270 390 2314 suam
409 2260 527 2313 exereet
540 2255 704 2330 operando3
724 2258 838 2331 patiens
855 2272 936 2332 vero,
951 2254 1151 2331 qulaagendo
1171 2254 1224 2313 uii-

143 2353 221 2434 quid
241 2354 311 2410 nori
332 2352 452 2427 reeipit,
469 2352 550 2428 quod
569 2358 657 2411 autea
675 2368 734 2411 nnn
757 2352 933 2428 possidebat.
957 2353 997 2411 At
1013 2351 1066 2410 Dei
1087 2351 1226 2412 voiuntm

143 2459 231 2512 amus
243 2448 363 2525 quidam
377 2455 423 2509 est
435 2448 667 2524 simplicissimus
680 2455 710 2508 et
722 2449 873 2526 infinitus3
888 2452 936 2509 eui
949 2449 1091 2525 quidquid
1105 2449 1225 2527 ediungi

144 2550 282 2625 fingitur,
297 2546 483 2607 redundaret.
502 2548 601 2621 Quare
620 2547 703 2607 nulio
715 2548 803 2607 modo
817 2554 852 2608 ut
871 2550 995 2623 patiens,
1013 2548 1063 2607 seri
1081 2554 1116 2608 ut
1134 2564 1225 2625 egens

143 2652 262 2707 tantum
277 2644 456 2703 considerari
467 2644 563 2704 debet.
576 2643 676 2721 Agens
689 2652 787 2705 autem
803 2646 932 2720 praecise
946 2646 977 2703 in
993 2651 1137 2721 quantum
1152 2648 1224 2723 egit,

144 2760 207 2803 non
228 2735 389 2818 aiiquid‘in
409 2758 441 2802 se
461 2743 580 2817 recinit,
602 2743 653 2801 sed
673 2744 878 2819 perfectionem
899 2742 964 2803 aliis
984 2744 1169 2818 impartitum
1191 2758 1226 2803 ae

146 2839 271 2917 proinde
286 2841 312 2899 si
331 2841 475 2899 notionem
491 2839 618 2916 sentiet,
634 2857 694 2901 nnn
711 2841 823 2917 aliquid
842 2858 859 2900 a
875 2856 907 2901 se
923 2840 1025 2917 demit,
1043 2840 1094 2901 sed
1108 2840 1225 2901 effectui

45 2942 47 2945 ’
145 2938 335 2999 existentiam
356 2942 455 3015 neget,
472 2936 612 2999 relatione
631 2939 727 2998 solum
749 2941 874 2999 variata.
898 2938 932 2997 id
952 2954 1022 2999 vero
1041 2941 1095 2999 etsi
1111 2940 1142 2997 in
1164 2939 1227 2999 soie

145 3036 211 3095 lieo
226 3037 395 3111 contingat3
417 3042 515 3097 umen
532 3038 564 3095 in
588 3039 653 3112 ipsa
670 3039 759 3097 edam
779 3032 929 3097 voluntate
942 3044 1040 3098 ereata
1061 3038 1226 3112 exemptum

146 3132 267 3208 aliquod
284 3132 404 3193 reiueet.
423 3133 580 3194 Nemeum
594 3134 668 3194 haee
685 3151 721 3194 ex
737 3123 808 3195 antu
819 3136 914 3210 punto
932 3136 970 3195 ad
983 3136 1142 3195 secuudum
1161 3151 1226 3210 pro·

146 3230 244 3305 eadit,
262 3234 347 3289 aetus
363 3231 412 3291 ille
430 3233 563 3306 primus,
581 3234 613 3291 in
627 3240 772 3307 quantum
786 3232 948 3307 eiusmodi,
964 3247 1022 3291 non
1038 3238 1167 3291 mutatur
1182 3236 1225 3291 in·

145 3330 305 3404 viamus,
320 3328 372 3388 sed
385 3344 493 3388 norem
506 3328 662 3389 dumtaxat
679 3330 802 3403 suscipit
822 3328 1003 3387 relationem.
1019 3328 1144 3387 Mutatio
1158 3344 1227 3387 vero

145 3428 244 3485 omnis
265 3432 334 3485 aetu
355 3426 484 3485 soeuudo
507 3428 695 3501 eontinetur,
719 3428 770 3501 qui
797 3440 875 3484 nore
900 3424 1043 3500 quaedem
1066 3432 1111 3489 eet
1135 3428 1226 3486 animi

147 3522 339 3583 modifieatio.
368 3522 465 3599 Atque
485 3523 535 3583 hin
554 3530 637 3586 entus
656 3522 802 3583 seeuudns
823 3522 932 3581 ideireo
952 3524 1162 3583 incrementum
1182 3522 1226 3582 af·
1336 3592 1340 3597 ¹

148 3617 218 3695 fert,
231 3622 302 3696 quia
315 3627 400 3681 aetus
418 3623 531 3696 primun
551 3620 684 3681 infinitus
703 3636 763 3679 non
784 3625 857 3695 erat,
877 3626 907 3679 et
924 3620 1126 3695 potentialituti
1148 3634 1226 3679 oom-

148 3717 336 3778 miscebatur.
352 3719 438 3792 Quod
456 3721 481 3777 si
500 3719 564 3779 noia
581 3718 751 3778 aetuniitete
768 3724 888 3777 ornetur
907 3719 1074 3791 oenotrios
1094 3716 1154 3775 uiia
1173 3716 1227 3771 mi·

148 3819 239 3873 xtura
257 3820 418 3895 potentiam
440 3824 512 3877 tune
530 3816 615 3877 nnita
630 3818 746 3875 interna
768 3818 928 3875 mutatione
945 3815 1024 3875 afiiei
1043 3818 1157 3889 posset,
1176 3811 1228 3871 sed

149 3912 246 3975 seium
264 3932 373 3977 novam
396 3918 566 3977 relationem
586 3916 729 3975 indueret
752 3915 786 3973 id
806 3931 876 3974 vero
896 3914 992 4003 uobis,
1011 3916 1061 3990 qui
1083 3912 1158 3971 finiti
1179 3926 1227 3970 su·

148 4026 234 4088 mus,
255 4020 420 4091 eornpetue
445 4016 563 4091 neqntt3
586 4020 621 4073 'et
639 4013 678 4073 de
701 4012 762 4073 Deo
782 4015 891 4089 optime
911 4015 1077 4087 cogitatur,
1097 4010 1170 4085 qui,
1197 4016 1229 4068 ut
