<?xml version="1.0" encoding="UTF-8"?>
<!DOCTYPE html PUBLIC "-//W3C//DTD XHTML 1.0 Transitional//EN"
    "http://www.w3.org/TR/xhtml1/DTD/xhtml1-transitional.dtd">
<html xmlns="http://www.w3.org/1999/xhtml" xml:lang="en" lang="en">
 <head>
  <title>
</title>
<meta http-equiv="Content-Type" content="text/html;charset=utf-8" />
  <meta name='ocr-system' content='tesseract 3.04.00' />
  <meta name='ocr-capabilities' content='ocr_page ocr_carea ocr_par ocr_line ocrx_word'/>
</head>
<body>
  <div class='ocr_page' id='page_1' title='image "./institutionesph01libegoog_0205.png"; bbox 0 0 2892 4425; ppageno 0'>
   <div class='ocr_carea' id='block_1_1' title="bbox 534 370 1195 422">
    <p class='ocr_par' dir='ltr' id='par_1_1' title="bbox 534 370 1195 422">
     <span class='ocr_line' id='line_1_1' title="bbox 534 370 1195 422; baseline 0 -2"><span class='ocrx_word' id='word_1_1' title='bbox 534 378 590 420; x_wconf 77' lang='lat' dir='ltr'><strong>SEU</strong></span> <span class='ocrx_word' id='word_1_2' title='bbox 612 377 790 421; x_wconf 69' lang='lat' dir='ltr'><strong>ONTOLOMA</strong></span> <span class='ocrx_word' id='word_1_3' title='bbox 1141 370 1195 422; x_wconf 72' lang='grc'><strong>199</strong></span> 
     </span>
    </p>
   </div>
   <div class='ocr_carea' id='block_1_2' title="bbox 107 483 1196 665">
    <p class='ocr_par' dir='ltr' id='par_1_2' title="bbox 107 483 1196 665">
     <span class='ocr_line' id='line_1_2' title="bbox 108 483 1196 567; baseline -0.003 -17"><span class='ocrx_word' id='word_1_4' title='bbox 108 491 233 567; x_wconf 86' lang='lat' dir='ltr'><strong>propriis</strong></span> <span class='ocrx_word' id='word_1_5' title='bbox 255 488 306 548; x_wconf 81' lang='lat' dir='ltr'><strong>sed</strong></span> <span class='ocrx_word' id='word_1_6' title='bbox 327 487 532 547; x_wconf 86' lang='lat' dir='ltr'><strong>communibus</strong></span> <span class='ocrx_word' id='word_1_7' title='bbox 556 486 685 565; x_wconf 83' lang='lat' dir='ltr'><strong>gandent</strong></span> <span class='ocrx_word' id='word_1_8' title='bbox 703 483 859 562; x_wconf 81' lang='lat' dir='ltr'><strong>iimitibus3</strong></span> <span class='ocrx_word' id='word_1_9' title='bbox 880 490 1024 562; x_wconf 90' lang='lat' dir='ltr'><strong>quatenus</strong></span> <span class='ocrx_word' id='word_1_10' title='bbox 1037 501 1096 546; x_wconf 92' lang='lat' dir='ltr'><strong>non</strong></span> <span class='ocrx_word' id='word_1_11' title='bbox 1109 502 1196 563; x_wconf 88' lang='lat' dir='ltr'><strong>qnae-</strong></span> 
     </span>
     <span class='ocr_line' id='line_1_3' title="bbox 107 582 1194 665; baseline -0.005 -17"><span class='ocrx_word' id='word_1_12' title='bbox 107 604 166 665; x_wconf 91' lang='lat' dir='ltr'><strong>qne</strong></span> <span class='ocrx_word' id='word_1_13' title='bbox 182 603 250 663; x_wconf 87' lang='lat' dir='ltr'><strong>pars</strong></span> <span class='ocrx_word' id='word_1_14' title='bbox 270 588 332 647; x_wconf 89' lang='lat' dir='ltr'><strong>suis</strong></span> <span class='ocrx_word' id='word_1_15' title='bbox 352 592 472 645; x_wconf 88' lang='lat' dir='ltr'><strong>ornetur</strong></span> <span class='ocrx_word' id='word_1_16' title='bbox 487 582 735 658; x_wconf 73' lang='lat' dir='ltr'><strong>extremitatibus,</strong></span> <span class='ocrx_word' id='word_1_17' title='bbox 756 583 863 659; x_wconf 86' lang='lat' dir='ltr'><strong>quibus</strong></span> <span class='ocrx_word' id='word_1_18' title='bbox 884 583 1005 643; x_wconf 84' lang='lat' dir='ltr'><strong>alterius</strong></span> <span class='ocrx_word' id='word_1_19' title='bbox 1026 586 1194 644; x_wconf 87' lang='lat' dir='ltr'><strong>extremita-</strong></span> 
     </span>
    </p>
   </div>
   <div class='ocr_carea' id='block_1_3' title="bbox 108 681 1296 761">
    <p class='ocr_par' dir='ltr' id='par_1_3' title="bbox 108 681 1296 761">
     <span class='ocr_line' id='line_1_4' title="bbox 108 681 1296 761; baseline -0.003 -16"><span class='ocrx_word' id='word_1_20' title='bbox 108 693 153 745; x_wconf 79' lang='lat' dir='ltr'><strong>tes</strong></span> <span class='ocrx_word' id='word_1_21' title='bbox 173 691 291 761; x_wconf 80' lang='lat' dir='ltr'><strong>tangat3</strong></span> <span class='ocrx_word' id='word_1_22' title='bbox 317 684 368 744; x_wconf 86' lang='lat' dir='ltr'><strong>sed</strong></span> <span class='ocrx_word' id='word_1_23' title='bbox 389 700 490 743; x_wconf 87' lang='lat' dir='ltr'><strong>omnes</strong></span> <span class='ocrx_word' id='word_1_24' title='bbox 508 700 580 759; x_wconf 92' lang='lat' dir='ltr'><strong>uno,</strong></span> <span class='ocrx_word' id='word_1_25' title='bbox 601 689 633 742; x_wconf 93' lang='lat' dir='ltr'><strong>ut</strong></span> <span class='ocrx_word' id='word_1_26' title='bbox 652 684 693 741; x_wconf 88' lang='lat' dir='ltr'><strong>ita</strong></span> <span class='ocrx_word' id='word_1_27' title='bbox 724 682 832 757; x_wconf 90' lang='lat' dir='ltr'><strong>dicam,</strong></span> <span class='ocrx_word' id='word_1_28' title='bbox 857 681 1004 740; x_wconf 88' lang='lat' dir='ltr'><strong>voinmine</strong></span> <span class='ocrx_word' id='word_1_29' title='bbox 1025 684 1194 742; x_wconf 87' lang='lat' dir='ltr'><strong>continean·</strong></span> <span class='ocrx_word' id='word_1_30' title='bbox 1291 697 1296 705; x_wconf 86' lang='lat'><strong>·</strong></span> 
     </span>
    </p>
   </div>
   <div class='ocr_carea' id='block_1_4' title="bbox 107 779 1198 1539">
    <p class='ocr_par' dir='ltr' id='par_1_4' title="bbox 107 779 1198 1343">
     <span class='ocr_line' id='line_1_5' title="bbox 107 779 1193 859; baseline -0.004 -16"><span class='ocrx_word' id='word_1_31' title='bbox 107 790 169 859; x_wconf 91' lang='lat' dir='ltr'><strong>tur,</strong></span> <span class='ocrx_word' id='word_1_32' title='bbox 186 789 216 841; x_wconf 89' lang='lat' dir='ltr'><strong>et</strong></span> <span class='ocrx_word' id='word_1_33' title='bbox 234 798 325 841; x_wconf 92' lang='lat' dir='ltr'><strong>unum</strong></span> <span class='ocrx_word' id='word_1_34' title='bbox 345 780 471 841; x_wconf 82' lang='lat' dir='ltr'><strong>solidum</strong></span> <span class='ocrx_word' id='word_1_35' title='bbox 491 796 592 841; x_wconf 89' lang='lat' dir='ltr'><strong>revera</strong></span> <span class='ocrx_word' id='word_1_36' title='bbox 615 779 755 855; x_wconf 87' lang='lat' dir='ltr'><strong>condent,</strong></span> <span class='ocrx_word' id='word_1_37' title='bbox 776 779 866 856; x_wconf 93' lang='lat' dir='ltr'><strong>qnod,</strong></span> <span class='ocrx_word' id='word_1_38' title='bbox 886 782 911 839; x_wconf 88' lang='lat' dir='ltr'><strong>si</strong></span> <span class='ocrx_word' id='word_1_39' title='bbox 936 779 1043 837; x_wconf 85' lang='lat' dir='ltr'><strong>divisio</strong></span> <span class='ocrx_word' id='word_1_40' title='bbox 1062 780 1193 857; x_wconf 77' lang='lat' dir='ltr'><strong>accedat,</strong></span> 
     </span>
     <span class='ocr_line' id='line_1_6' title="bbox 108 878 1198 957; baseline -0.002 -18"><span class='ocrx_word' id='word_1_41' title='bbox 108 884 139 939; x_wconf 93' lang='lat' dir='ltr'><strong>in</strong></span> <span class='ocrx_word' id='word_1_42' title='bbox 159 881 244 957; x_wconf 89' lang='lat' dir='ltr'><strong>ptura</strong></span> <span class='ocrx_word' id='word_1_43' title='bbox 265 880 388 955; x_wconf 86' lang='lat' dir='ltr'><strong>discerpi</strong></span> <span class='ocrx_word' id='word_1_44' title='bbox 411 880 511 954; x_wconf 81' lang='lat' dir='ltr'><strong>possit.</strong></span> <span class='ocrx_word' id='word_1_45' title='bbox 536 878 670 953; x_wconf 79' lang='lat' dir='ltr'><strong>Alterum</strong></span> <span class='ocrx_word' id='word_1_46' title='bbox 688 893 778 951; x_wconf 80' lang='lat' dir='ltr'><strong>vero,</strong></span> <span class='ocrx_word' id='word_1_47' title='bbox 803 892 855 935; x_wconf 89' lang='lat' dir='ltr'><strong>sen</strong></span> <span class='ocrx_word' id='word_1_48' title='bbox 880 878 1070 954; x_wconf 86' lang='lat' dir='ltr'><strong>contiguum,</strong></span> <span class='ocrx_word' id='word_1_49' title='bbox 1094 883 1198 937; x_wconf 86' lang='lat' dir='ltr'><strong>contra</strong></span> 
     </span>
     <span class='ocr_line' id='line_1_7' title="bbox 109 972 1196 1049; baseline -0.002 -14"><span class='ocrx_word' id='word_1_50' title='bbox 109 994 142 1037; x_wconf 89' lang='lat' dir='ltr'><strong>se</strong></span> <span class='ocrx_word' id='word_1_51' title='bbox 166 976 265 1037; x_wconf 72' lang='lat' dir='ltr'><strong>haba.</strong></span> <span class='ocrx_word' id='word_1_52' title='bbox 293 975 358 1035; x_wconf 88' lang='lat' dir='ltr'><strong>Non</strong></span> <span class='ocrx_word' id='word_1_53' title='bbox 383 978 460 1034; x_wconf 88' lang='lat' dir='ltr'><strong>enirn</strong></span> <span class='ocrx_word' id='word_1_54' title='bbox 485 992 555 1033; x_wconf 77' lang='lat' dir='ltr'><strong>sera</strong></span> <span class='ocrx_word' id='word_1_55' title='bbox 578 977 691 1034; x_wconf 83' lang='lat' dir='ltr'><strong>unitate</strong></span> <span class='ocrx_word' id='word_1_56' title='bbox 714 974 920 1049; x_wconf 72' lang='lat' dir='ltr'><strong>substantiali,</strong></span> <span class='ocrx_word' id='word_1_57' title='bbox 948 972 999 1032; x_wconf 88' lang='lat' dir='ltr'><strong>sed</strong></span> <span class='ocrx_word' id='word_1_58' title='bbox 1020 974 1196 1034; x_wconf 80' lang='lat' dir='ltr'><strong>accidentali</strong></span> 
     </span>
     <span class='ocr_line' id='line_1_8' title="bbox 112 1071 1198 1150; baseline -0.003 -17"><span class='ocrx_word' id='word_1_59' title='bbox 112 1079 225 1134; x_wconf 86' lang='lat' dir='ltr'><strong>tantum</strong></span> <span class='ocrx_word' id='word_1_60' title='bbox 245 1073 368 1150; x_wconf 89' lang='lat' dir='ltr'><strong>irnitnr;</strong></span> <span class='ocrx_word' id='word_1_61' title='bbox 393 1090 428 1133; x_wconf 89' lang='lat' dir='ltr'><strong>ac</strong></span> <span class='ocrx_word' id='word_1_62' title='bbox 452 1073 576 1149; x_wconf 82' lang='lat' dir='ltr'><strong>proinde</strong></span> <span class='ocrx_word' id='word_1_63' title='bbox 600 1078 718 1149; x_wconf 83' lang='lat' dir='ltr'><strong>partes,</strong></span> <span class='ocrx_word' id='word_1_64' title='bbox 743 1071 850 1148; x_wconf 86' lang='lat' dir='ltr'><strong>quibus</strong></span> <span class='ocrx_word' id='word_1_65' title='bbox 871 1078 1116 1149; x_wconf 77' lang='lat' dir='ltr'><strong>coagmentatur,</strong></span> <span class='ocrx_word' id='word_1_66' title='bbox 1139 1074 1198 1131; x_wconf 87' lang='lat' dir='ltr'><strong>sin-</strong></span> 
     </span>
     <span class='ocr_line' id='line_1_9' title="bbox 115 1168 1196 1249; baseline -0.004 -18"><span class='ocrx_word' id='word_1_67' title='bbox 115 1172 198 1249; x_wconf 77' lang='lat' dir='ltr'><strong>gniae</strong></span> <span class='ocrx_word' id='word_1_68' title='bbox 215 1172 340 1247; x_wconf 73' lang='lat' dir='ltr'><strong>propriis</strong></span> <span class='ocrx_word' id='word_1_69' title='bbox 360 1172 492 1229; x_wconf 89' lang='lat' dir='ltr'><strong>terminis</strong></span> <span class='ocrx_word' id='word_1_70' title='bbox 512 1170 740 1246; x_wconf 81' lang='lat' dir='ltr'><strong>concluduntur,</strong></span> <span class='ocrx_word' id='word_1_71' title='bbox 762 1170 830 1229; x_wconf 87' lang='lat' dir='ltr'><strong>iicet</strong></span> <span class='ocrx_word' id='word_1_72' title='bbox 850 1186 906 1247; x_wconf 90' lang='lat' dir='ltr'><strong>ope</strong></span> <span class='ocrx_word' id='word_1_73' title='bbox 925 1168 1079 1229; x_wconf 81' lang='lat' dir='ltr'><strong>affinitatis</strong></span> <span class='ocrx_word' id='word_1_74' title='bbox 1099 1171 1196 1228; x_wconf 91' lang='lat' dir='ltr'><strong>cuins·</strong></span> 
     </span>
     <span class='ocr_line' id='line_1_10' title="bbox 113 1266 846 1343; baseline -0.007 -14"><span class='ocrx_word' id='word_1_75' title='bbox 113 1268 179 1329; x_wconf 89' lang='lat' dir='ltr'><strong>dnm</strong></span> <span class='ocrx_word' id='word_1_76' title='bbox 199 1272 250 1327; x_wconf 89' lang='lat' dir='ltr'><strong>aut</strong></span> <span class='ocrx_word' id='word_1_77' title='bbox 273 1268 333 1326; x_wconf 89' lang='lat' dir='ltr'><strong>aiia</strong></span> <span class='ocrx_word' id='word_1_78' title='bbox 358 1269 464 1343; x_wconf 89' lang='lat' dir='ltr'><strong>quavis</strong></span> <span class='ocrx_word' id='word_1_79' title='bbox 485 1269 512 1326; x_wconf 88' lang='lat' dir='ltr'><strong>vi</strong></span> <span class='ocrx_word' id='word_1_80' title='bbox 535 1273 639 1327; x_wconf 91' lang='lat' dir='ltr'><strong>mutuo</strong></span> <span class='ocrx_word' id='word_1_81' title='bbox 657 1266 846 1326; x_wconf 80' lang='lat' dir='ltr'><strong>cohaereant.</strong></span> 
     </span>
    </p>

    <p class='ocr_par' dir='ltr' id='par_1_5' title="bbox 113 1364 1197 1539">
     <span class='ocr_line' id='line_1_11' title="bbox 172 1364 1197 1441; baseline -0.002 -16"><span class='ocrx_word' id='word_1_82' title='bbox 172 1365 270 1425; x_wconf 86' lang='lat' dir='ltr'><strong>Limes</strong></span> <span class='ocrx_word' id='word_1_83' title='bbox 293 1372 390 1425; x_wconf 74' lang='lat' dir='ltr'><strong>numm</strong></span> <span class='ocrx_word' id='word_1_84' title='bbox 413 1367 612 1441; x_wconf 81' lang='lat' dir='ltr'><strong>extensionis,</strong></span> <span class='ocrx_word' id='word_1_85' title='bbox 640 1380 699 1441; x_wconf 88' lang='lat' dir='ltr'><strong>qna</strong></span> <span class='ocrx_word' id='word_1_86' title='bbox 721 1380 844 1441; x_wconf 89' lang='lat' dir='ltr'><strong>corpora</strong></span> <span class='ocrx_word' id='word_1_87' title='bbox 868 1364 1060 1439; x_wconf 75' lang='lat' dir='ltr'><strong>afficiuntur,</strong></span> <span class='ocrx_word' id='word_1_88' title='bbox 1083 1376 1197 1425; x_wconf 84' lang='lat' dir='ltr'><strong>corum·</strong></span> 
     </span>
     <span class='ocr_line' id='line_1_12' title="bbox 113 1461 479 1539; baseline 0 -17"><span class='ocrx_word' id='word_1_89' title='bbox 113 1463 180 1523; x_wconf 92' lang='lat' dir='ltr'><strong>dem</strong></span> <span class='ocrx_word' id='word_1_90' title='bbox 201 1461 326 1539; x_wconf 81' lang='lat' dir='ltr'><strong>tignram</strong></span> <span class='ocrx_word' id='word_1_91' title='bbox 349 1462 479 1523; x_wconf 83' lang='lat' dir='ltr'><strong>exhibet.</strong></span> 
     </span>
    </p>
   </div>
   <div class='ocr_carea' id='block_1_5' title="bbox 173 1559 1326 1650">
    <p class='ocr_par' dir='ltr' id='par_1_6' title="bbox 173 1559 1326 1650">
     <span class='ocr_line' id='line_1_13' title="bbox 173 1559 1326 1650; baseline 0 -31"><span class='ocrx_word' id='word_1_92' title='bbox 173 1568 222 1619; x_wconf 79' lang='lat' dir='ltr'><strong>tt.</strong></span> <span class='ocrx_word' id='word_1_93' title='bbox 245 1559 311 1620; x_wconf 88' lang='lat' dir='ltr'><strong>Duo</strong></span> <span class='ocrx_word' id='word_1_94' title='bbox 339 1560 492 1619; x_wconf 88' lang='lat' dir='ltr'><strong>cnroiiaria</strong></span> <span class='ocrx_word' id='word_1_95' title='bbox 523 1559 592 1619; x_wconf 89' lang='lat' dir='ltr'><strong>hinc</strong></span> <span class='ocrx_word' id='word_1_96' title='bbox 627 1568 759 1620; x_wconf 91' lang='lat' dir='ltr'><strong>manant.</strong></span> <span class='ocrx_word' id='word_1_97' title='bbox 790 1560 921 1621; x_wconf 85' lang='lat' dir='ltr'><strong>Primum</strong></span> <span class='ocrx_word' id='word_1_98' title='bbox 946 1568 1012 1621; x_wconf 86' lang='lat' dir='ltr'><strong>est:</strong></span> <span class='ocrx_word' id='word_1_99' title='bbox 1037 1571 1124 1619; x_wconf 92' lang='lat' dir='ltr'><strong>omne</strong></span> <span class='ocrx_word' id='word_1_100' title='bbox 1145 1571 1198 1619; x_wconf 86' lang='lat' dir='ltr'><strong>ens</strong></span> <span class='ocrx_word' id='word_1_101' title='bbox 1310 1560 1326 1650; x_wconf 25' lang='grc' dir='ltr'><strong>ι’</strong></span> 
     </span>
    </p>
   </div>
   <div class='ocr_carea' id='block_1_6' title="bbox 114 1656 1199 2225">
    <p class='ocr_par' dir='ltr' id='par_1_7' title="bbox 114 1656 1199 2225">
     <span class='ocr_line' id='line_1_14' title="bbox 115 1656 1199 1734; baseline 0 -17"><span class='ocrx_word' id='word_1_102' title='bbox 115 1660 307 1733; x_wconf 87' lang='lat' dir='ltr'><strong>compositam</strong></span> <span class='ocrx_word' id='word_1_103' title='bbox 329 1656 443 1717; x_wconf 88' lang='lat' dir='ltr'><strong>tinitum</strong></span> <span class='ocrx_word' id='word_1_104' title='bbox 463 1673 526 1717; x_wconf 88' lang='lat' dir='ltr'><strong>asse</strong></span> <span class='ocrx_word' id='word_1_105' title='bbox 546 1664 613 1717; x_wconf 87' lang='lat' dir='ltr'><strong>actu</strong></span> <span class='ocrx_word' id='word_1_106' title='bbox 630 1660 650 1715; x_wconf 89' lang='lat'><strong>¹.</strong></span> <span class='ocrx_word' id='word_1_107' title='bbox 675 1656 750 1725; x_wconf 83' lang='lat' dir='ltr'><strong>Nam</strong></span> <span class='ocrx_word' id='word_1_108' title='bbox 765 1661 886 1734; x_wconf 86' lang='lat' dir='ltr'><strong>quaevis</strong></span> <span class='ocrx_word' id='word_1_109' title='bbox 901 1674 982 1734; x_wconf 87' lang='lat' dir='ltr'><strong>pars,</strong></span> <span class='ocrx_word' id='word_1_110' title='bbox 1000 1672 1076 1734; x_wconf 86' lang='lat' dir='ltr'><strong>qnae</strong></span> <span class='ocrx_word' id='word_1_111' title='bbox 1097 1672 1199 1717; x_wconf 74' lang='lat' dir='ltr'><strong>reuma</strong></span> 
     </span>
     <span class='ocr_line' id='line_1_15' title="bbox 116 1754 1196 1831; baseline 0 -16"><span class='ocrx_word' id='word_1_112' title='bbox 116 1762 180 1815; x_wconf 88' lang='lat' dir='ltr'><strong>netu</strong></span> <span class='ocrx_word' id='word_1_113' title='bbox 198 1756 252 1830; x_wconf 90' lang='lat' dir='ltr'><strong>ipsi</strong></span> <span class='ocrx_word' id='word_1_114' title='bbox 273 1757 359 1830; x_wconf 77' lang='lat' dir='ltr'><strong>inest,</strong></span> <span class='ocrx_word' id='word_1_115' title='bbox 381 1754 464 1814; x_wconf 88' lang='lat' dir='ltr'><strong>tinita</strong></span> <span class='ocrx_word' id='word_1_116' title='bbox 478 1760 542 1831; x_wconf 81' lang='lat' dir='ltr'><strong>est3</strong></span> <span class='ocrx_word' id='word_1_117' title='bbox 562 1754 704 1831; x_wconf 86' lang='lat' dir='ltr'><strong>siqnidem</strong></span> <span class='ocrx_word' id='word_1_118' title='bbox 726 1758 874 1817; x_wconf 87' lang='lat' dir='ltr'><strong>iunctione</strong></span> <span class='ocrx_word' id='word_1_119' title='bbox 888 1757 1013 1817; x_wconf 91' lang='lat' dir='ltr'><strong>aiiarum</strong></span> <span class='ocrx_word' id='word_1_120' title='bbox 1035 1756 1196 1816; x_wconf 86' lang='lat' dir='ltr'><strong>incremen-</strong></span> 
     </span>
     <span class='ocr_line' id='line_1_16' title="bbox 115 1854 1196 1931; baseline 0 -18"><span class='ocrx_word' id='word_1_121' title='bbox 115 1862 176 1913; x_wconf 91' lang='lat' dir='ltr'><strong>tum</strong></span> <span class='ocrx_word' id='word_1_122' title='bbox 193 1854 310 1928; x_wconf 85' lang='lat' dir='ltr'><strong>accipit,</strong></span> <span class='ocrx_word' id='word_1_123' title='bbox 324 1858 384 1912; x_wconf 87' lang='lat' dir='ltr'><strong>eta</strong></span> <span class='ocrx_word' id='word_1_124' title='bbox 400 1860 461 1914; x_wconf 90' lang='lat' dir='ltr'><strong>toto</strong></span> <span class='ocrx_word' id='word_1_125' title='bbox 478 1857 640 1929; x_wconf 84' lang='lat' dir='ltr'><strong>composito</strong></span> <span class='ocrx_word' id='word_1_126' title='bbox 655 1860 826 1931; x_wconf 61' lang='lat' dir='ltr'><strong>superatum</strong></span> <span class='ocrx_word' id='word_1_127' title='bbox 848 1854 995 1915; x_wconf 82' lang='lat' dir='ltr'><strong>infinitum</strong></span> <span class='ocrx_word' id='word_1_128' title='bbox 1016 1862 1115 1915; x_wconf 88' lang='lat' dir='ltr'><strong>autem</strong></span> <span class='ocrx_word' id='word_1_129' title='bbox 1129 1870 1196 1914; x_wconf 91' lang='lat' dir='ltr'><strong>con·</strong></span> 
     </span>
     <span class='ocr_line' id='line_1_17' title="bbox 115 1951 1197 2029; baseline 0.001 -18"><span class='ocrx_word' id='word_1_130' title='bbox 115 1958 195 2011; x_wconf 87' lang='lat' dir='ltr'><strong>stans</strong></span> <span class='ocrx_word' id='word_1_131' title='bbox 215 1951 358 2028; x_wconf 85' lang='lat' dir='ltr'><strong>partibus,</strong></span> <span class='ocrx_word' id='word_1_132' title='bbox 380 1955 506 2029; x_wconf 92' lang='lat' dir='ltr'><strong>quaein</strong></span> <span class='ocrx_word' id='word_1_133' title='bbox 527 1968 560 2011; x_wconf 89' lang='lat' dir='ltr'><strong>se</strong></span> <span class='ocrx_word' id='word_1_134' title='bbox 580 1951 680 2011; x_wconf 84' lang='lat' dir='ltr'><strong>finitae</strong></span> <span class='ocrx_word' id='word_1_135' title='bbox 701 1954 772 2029; x_wconf 89' lang='lat' dir='ltr'><strong>sint,</strong></span> <span class='ocrx_word' id='word_1_136' title='bbox 796 1954 1006 2014; x_wconf 86' lang='lat' dir='ltr'><strong>chimaertcum</strong></span> <span class='ocrx_word' id='word_1_137' title='bbox 1027 1960 1072 2012; x_wconf 87' lang='lat' dir='ltr'><strong>est</strong></span> <span class='ocrx_word' id='word_1_138' title='bbox 1100 1960 1131 2012; x_wconf 91' lang='lat' dir='ltr'><strong>et</strong></span> <span class='ocrx_word' id='word_1_139' title='bbox 1154 1968 1197 2012; x_wconf 88' lang='lat' dir='ltr'><strong>ra·</strong></span> 
     </span>
     <span class='ocr_line' id='line_1_18' title="bbox 114 2047 1195 2127; baseline 0 -18"><span class='ocrx_word' id='word_1_140' title='bbox 114 2064 263 2126; x_wconf 78' lang='lat' dir='ltr'><strong>pugnans.</strong></span> <span class='ocrx_word' id='word_1_141' title='bbox 286 2047 370 2108; x_wconf 85' lang='lat' dir='ltr'><strong>Unde</strong></span> <span class='ocrx_word' id='word_1_142' title='bbox 390 2052 530 2127; x_wconf 81' lang='lat' dir='ltr'><strong>emergit,</strong></span> <span class='ocrx_word' id='word_1_143' title='bbox 548 2064 635 2109; x_wconf 90' lang='lat' dir='ltr'><strong>omne</strong></span> <span class='ocrx_word' id='word_1_144' title='bbox 651 2066 703 2109; x_wconf 91' lang='lat' dir='ltr'><strong>ens</strong></span> <span class='ocrx_word' id='word_1_145' title='bbox 723 2053 916 2126; x_wconf 86' lang='lat' dir='ltr'><strong>compositum</strong></span> <span class='ocrx_word' id='word_1_146' title='bbox 931 2066 996 2110; x_wconf 88' lang='lat' dir='ltr'><strong>esse</strong></span> <span class='ocrx_word' id='word_1_147' title='bbox 1009 2053 1195 2127; x_wconf 81' lang='lat' dir='ltr'><strong>condngene,</strong></span> 
     </span>
     <span class='ocr_line' id='line_1_19' title="bbox 117 2147 1193 2225; baseline 0.001 -21"><span class='ocrx_word' id='word_1_148' title='bbox 117 2162 168 2205; x_wconf 87' lang='lat' dir='ltr'><strong>nee</strong></span> <span class='ocrx_word' id='word_1_149' title='bbox 190 2147 247 2205; x_wconf 85' lang='lat' dir='ltr'><strong>nisi</strong></span> <span class='ocrx_word' id='word_1_150' title='bbox 268 2148 300 2205; x_wconf 93' lang='lat' dir='ltr'><strong>in</strong></span> <span class='ocrx_word' id='word_1_151' title='bbox 320 2152 386 2206; x_wconf 84' lang='lat' dir='ltr'><strong>ente</strong></span> <span class='ocrx_word' id='word_1_152' title='bbox 407 2149 571 2206; x_wconf 86' lang='lat' dir='ltr'><strong>necessario</strong></span> <span class='ocrx_word' id='word_1_153' title='bbox 592 2147 790 2206; x_wconf 88' lang='lat' dir='ltr'><strong>omnimodam</strong></span> <span class='ocrx_word' id='word_1_154' title='bbox 811 2148 1027 2225; x_wconf 78' lang='lat' dir='ltr'><strong>simpiicitntem</strong></span> <span class='ocrx_word' id='word_1_155' title='bbox 1055 2148 1193 2205; x_wconf 82' lang='lat' dir='ltr'><strong>inventri.</strong></span> 
     </span>
    </p>
   </div>
   <div class='ocr_carea' id='block_1_7' title="bbox 116 2243 1196 2418">
    <p class='ocr_par' dir='ltr' id='par_1_8' title="bbox 116 2243 1196 2418">
     <span class='ocr_line' id='line_1_20' title="bbox 116 2243 1195 2321; baseline 0 -19"><span class='ocrx_word' id='word_1_156' title='bbox 116 2243 280 2303; x_wconf 86' lang='lat' dir='ltr'><strong>Secundum</strong></span> <span class='ocrx_word' id='word_1_157' title='bbox 294 2251 354 2302; x_wconf 84' lang='lat' dir='ltr'><strong>est:</strong></span> <span class='ocrx_word' id='word_1_158' title='bbox 375 2243 440 2303; x_wconf 86' lang='lat' dir='ltr'><strong>dari</strong></span> <span class='ocrx_word' id='word_1_159' title='bbox 462 2259 520 2304; x_wconf 76' lang='lat' dir='ltr'><strong>noir</strong></span> <span class='ocrx_word' id='word_1_160' title='bbox 544 2260 630 2321; x_wconf 84' lang='lat' dir='ltr'><strong>posse</strong></span> <span class='ocrx_word' id='word_1_161' title='bbox 647 2249 848 2305; x_wconf 84' lang='lat' dir='ltr'><strong>extensionem</strong></span> <span class='ocrx_word' id='word_1_162' title='bbox 863 2245 954 2306; x_wconf 91' lang='lat' dir='ltr'><strong>utiam</strong></span> <span class='ocrx_word' id='word_1_163' title='bbox 969 2252 1021 2305; x_wconf 90' lang='lat' dir='ltr'><strong>aut</strong></span> <span class='ocrx_word' id='word_1_164' title='bbox 1042 2259 1195 2305; x_wconf 87' lang='lat' dir='ltr'><strong>nnmerum</strong></span> 
     </span>
     <span class='ocr_line' id='line_1_21' title="bbox 118 2340 1196 2418; baseline -0.001 -18"><span class='ocrx_word' id='word_1_165' title='bbox 118 2349 183 2402; x_wconf 91' lang='lat' dir='ltr'><strong>actu</strong></span> <span class='ocrx_word' id='word_1_166' title='bbox 206 2340 364 2400; x_wconf 82' lang='lat' dir='ltr'><strong>infinitum.</strong></span> <span class='ocrx_word' id='word_1_167' title='bbox 388 2341 473 2415; x_wconf 84' lang='lat' dir='ltr'><strong>Quod</strong></span> <span class='ocrx_word' id='word_1_168' title='bbox 486 2341 604 2417; x_wconf 90' lang='lat' dir='ltr'><strong>quidem</strong></span> <span class='ocrx_word' id='word_1_169' title='bbox 619 2341 771 2404; x_wconf 84' lang='lat' dir='ltr'><strong>evidenter</strong></span> <span class='ocrx_word' id='word_1_170' title='bbox 784 2343 880 2402; x_wconf 89' lang='lat' dir='ltr'><strong>ciucet</strong></span> <span class='ocrx_word' id='word_1_171' title='bbox 905 2357 966 2402; x_wconf 89' lang='lat' dir='ltr'><strong>non</strong></span> <span class='ocrx_word' id='word_1_172' title='bbox 979 2342 1066 2402; x_wconf 88' lang='lat' dir='ltr'><strong>modu</strong></span> <span class='ocrx_word' id='word_1_173' title='bbox 1080 2349 1196 2418; x_wconf 87' lang='lat' dir='ltr'><strong>propter</strong></span> 
     </span>
    </p>
   </div>
   <div class='ocr_carea' id='block_1_8' title="bbox 116 2438 1322 2523">
    <p class='ocr_par' dir='ltr' id='par_1_9' title="bbox 116 2438 1322 2523">
     <span class='ocr_line' id='line_1_22' title="bbox 116 2438 1322 2523; baseline 0 -26"><span class='ocrx_word' id='word_1_174' title='bbox 116 2438 280 2514; x_wconf 82' lang='lat' dir='ltr'><strong>generalem</strong></span> <span class='ocrx_word' id='word_1_175' title='bbox 301 2439 461 2514; x_wconf 83' lang='lat' dir='ltr'><strong>compositi.</strong></span> <span class='ocrx_word' id='word_1_176' title='bbox 476 2440 638 2517; x_wconf 89' lang='lat' dir='ltr'><strong>rationem,</strong></span> <span class='ocrx_word' id='word_1_177' title='bbox 666 2455 755 2514; x_wconf 92' lang='lat' dir='ltr'><strong>quam</strong></span> <span class='ocrx_word' id='word_1_178' title='bbox 783 2456 875 2515; x_wconf 83' lang='lat' dir='ltr'><strong>nuper</strong></span> <span class='ocrx_word' id='word_1_179' title='bbox 901 2439 1063 2513; x_wconf 81' lang='lat' dir='ltr'><strong>ediximus,</strong></span> <span class='ocrx_word' id='word_1_180' title='bbox 1091 2453 1195 2498; x_wconf 82' lang='lat' dir='ltr'><strong>rernm</strong></span> <span class='ocrx_word' id='word_1_181' title='bbox 1318 2515 1322 2523; x_wconf 26' lang='grc'>1</span> 
     </span>
    </p>
   </div>
   <div class='ocr_carea' id='block_1_9' title="bbox 114 2536 1200 2808">
    <p class='ocr_par' dir='ltr' id='par_1_10' title="bbox 114 2536 1200 2808">
     <span class='ocr_line' id='line_1_23' title="bbox 114 2536 1197 2612; baseline 0 -17"><span class='ocrx_word' id='word_1_182' title='bbox 114 2539 202 2595; x_wconf 89' lang='lat' dir='ltr'><strong>etiam</strong></span> <span class='ocrx_word' id='word_1_183' title='bbox 228 2543 343 2611; x_wconf 90' lang='lat' dir='ltr'><strong>pmpter</strong></span> <span class='ocrx_word' id='word_1_184' title='bbox 360 2537 533 2611; x_wconf 79' lang='lat' dir='ltr'><strong>pecuiimem</strong></span> <span class='ocrx_word' id='word_1_185' title='bbox 556 2543 728 2612; x_wconf 85' lang='lat' dir='ltr'><strong>conceptum</strong></span> <span class='ocrx_word' id='word_1_186' title='bbox 749 2539 936 2612; x_wconf 81' lang='lat' dir='ltr'><strong>quantitatis:</strong></span> <span class='ocrx_word' id='word_1_187' title='bbox 961 2536 999 2595; x_wconf 90' lang='lat' dir='ltr'><strong>ad</strong></span> <span class='ocrx_word' id='word_1_188' title='bbox 1019 2549 1128 2612; x_wconf 90' lang='lat' dir='ltr'><strong>qnam,</strong></span> <span class='ocrx_word' id='word_1_189' title='bbox 1143 2551 1197 2595; x_wconf 88' lang='lat' dir='ltr'><strong>cen</strong></span> 
     </span>
     <span class='ocr_line' id='line_1_24' title="bbox 114 2632 1200 2720; baseline 0.005 -32"><span class='ocrx_word' id='word_1_190' title='bbox 114 2634 244 2707; x_wconf 89' lang='lat' dir='ltr'><strong>speeies,</strong></span> <span class='ocrx_word' id='word_1_191' title='bbox 259 2632 443 2720; x_wconf 74' lang='lat' dir='ltr'><strong>&#39;magnitudo</strong></span> <span class='ocrx_word' id='word_1_192' title='bbox 465 2634 549 2692; x_wconf 88' lang='lat' dir='ltr'><strong>motis</strong></span> <span class='ocrx_word' id='word_1_193' title='bbox 570 2640 600 2692; x_wconf 88' lang='lat' dir='ltr'><strong>et</strong></span> <span class='ocrx_word' id='word_1_194' title='bbox 621 2633 778 2692; x_wconf 83' lang='lat' dir='ltr'><strong>multitudo</strong></span> <span class='ocrx_word' id='word_1_195' title='bbox 801 2635 947 2694; x_wconf 88' lang='lat' dir='ltr'><strong>unitatum</strong></span> <span class='ocrx_word' id='word_1_196' title='bbox 970 2635 1124 2709; x_wconf 89' lang='lat' dir='ltr'><strong>pertinent.</strong></span> <span class='ocrx_word' id='word_1_197' title='bbox 1148 2632 1200 2693; x_wconf 80' lang='lat' dir='ltr'><strong>Est</strong></span> 
     </span>
     <span class='ocr_line' id='line_1_25' title="bbox 116 2729 1197 2808; baseline 0.004 -22"><span class='ocrx_word' id='word_1_198' title='bbox 116 2731 193 2787; x_wconf 89' lang='lat' dir='ltr'><strong>enim</strong></span> <span class='ocrx_word' id='word_1_199' title='bbox 207 2729 244 2788; x_wconf 92' lang='lat' dir='ltr'><strong>de</strong></span> <span class='ocrx_word' id='word_1_200' title='bbox 258 2733 377 2790; x_wconf 89' lang='lat' dir='ltr'><strong>notione</strong></span> <span class='ocrx_word' id='word_1_201' title='bbox 396 2733 581 2808; x_wconf 87' lang='lat' dir='ltr'><strong>quantitatis,</strong></span> <span class='ocrx_word' id='word_1_202' title='bbox 591 2737 628 2792; x_wconf 90' lang='lat' dir='ltr'><strong>-ut</strong></span> <span class='ocrx_word' id='word_1_203' title='bbox 642 2733 789 2808; x_wconf 86' lang='lat' dir='ltr'><strong>augmenti</strong></span> <span class='ocrx_word' id='word_1_204' title='bbox 805 2739 835 2792; x_wconf 89' lang='lat' dir='ltr'><strong>et</strong></span> <span class='ocrx_word' id='word_1_205' title='bbox 848 2732 1023 2791; x_wconf 85' lang='lat' dir='ltr'><strong>decrementi</strong></span> <span class='ocrx_word' id='word_1_206' title='bbox 1038 2733 1077 2790; x_wconf 88' lang='lat' dir='ltr'><strong>sit</strong></span> <span class='ocrx_word' id='word_1_207' title='bbox 1090 2746 1197 2807; x_wconf 83' lang='lat' dir='ltr'><strong>capax3</strong></span> 
     </span>
    </p>
   </div>
   <div class='ocr_carea' id='block_1_10' title="bbox 119 2827 1317 3297">
    <p class='ocr_par' dir='ltr' id='par_1_11' title="bbox 119 2827 1317 3297">
     <span class='ocr_line' id='line_1_26' title="bbox 119 2827 1200 2904; baseline 0.004 -22"><span class='ocrx_word' id='word_1_208' title='bbox 119 2827 146 2884; x_wconf 94' lang='lat' dir='ltr'><strong>id</strong></span> <span class='ocrx_word' id='word_1_209' title='bbox 168 2833 265 2886; x_wconf 86' lang='lat' dir='ltr'><strong>antem</strong></span> <span class='ocrx_word' id='word_1_210' title='bbox 283 2831 394 2888; x_wconf 77' lang='lat' dir='ltr'><strong>nedoni</strong></span> <span class='ocrx_word' id='word_1_211' title='bbox 410 2829 517 2887; x_wconf 87' lang='lat' dir='ltr'><strong>intiniti</strong></span> <span class='ocrx_word' id='word_1_212' title='bbox 536 2831 656 2888; x_wconf 90' lang='lat' dir='ltr'><strong>omnino</strong></span> <span class='ocrx_word' id='word_1_213' title='bbox 674 2837 829 2904; x_wconf 80' lang='lat' dir='ltr'><strong>repugnat.</strong></span> <span class='ocrx_word' id='word_1_214' title='bbox 851 2829 949 2903; x_wconf 83' lang='lat' dir='ltr'><strong>Quare</strong></span> <span class='ocrx_word' id='word_1_215' title='bbox 963 2831 988 2887; x_wconf 88' lang='lat' dir='ltr'><strong>si</strong></span> <span class='ocrx_word' id='word_1_216' title='bbox 1002 2831 1134 2888; x_wconf 88' lang='lat' dir='ltr'><strong>extensio</strong></span> <span class='ocrx_word' id='word_1_217' title='bbox 1147 2835 1200 2888; x_wconf 89' lang='lat' dir='ltr'><strong>ant</strong></span> 
     </span>
     <span class='ocr_line' id='line_1_27' title="bbox 121 2911 1317 3003; baseline 0.002 -20"><span class='ocrx_word' id='word_1_218' title='bbox 121 2925 277 2985; x_wconf 82' lang='lat' dir='ltr'><strong>multitado</strong></span> <span class='ocrx_word' id='word_1_219' title='bbox 299 2933 365 2985; x_wconf 89' lang='lat' dir='ltr'><strong>actu</strong></span> <span class='ocrx_word' id='word_1_220' title='bbox 384 2926 499 2986; x_wconf 79' lang='lat' dir='ltr'><strong>infinita</strong></span> <span class='ocrx_word' id='word_1_221' title='bbox 516 2926 646 3002; x_wconf 73' lang='lat' dir='ltr'><strong>darmur,</strong></span> <span class='ocrx_word' id='word_1_222' title='bbox 664 2927 775 3002; x_wconf 84' lang='lat' dir='ltr'><strong>aliquid</strong></span> <span class='ocrx_word' id='word_1_223' title='bbox 788 2934 864 2986; x_wconf 89' lang='lat' dir='ltr'><strong>esset</strong></span> <span class='ocrx_word' id='word_1_224' title='bbox 883 2926 973 3003; x_wconf 91' lang='lat' dir='ltr'><strong>quod,</strong></span> <span class='ocrx_word' id='word_1_225' title='bbox 989 2927 1058 3002; x_wconf 89' lang='lat' dir='ltr'><strong>quin</strong></span> <span class='ocrx_word' id='word_1_226' title='bbox 1078 2929 1200 3002; x_wconf 72' lang='lat' dir='ltr'><strong>quanti</strong></span> <span class='ocrx_word' id='word_1_227' title='bbox 1313 2911 1317 2914; x_wconf 58' lang='grc'><strong>’</strong></span> 
     </span>
     <span class='ocr_line' id='line_1_28' title="bbox 119 3017 1304 3101; baseline 0.001 -24"><span class='ocrx_word' id='word_1_228' title='bbox 119 3025 180 3080; x_wconf 85' lang='lat' dir='ltr'><strong>inte</strong></span> <span class='ocrx_word' id='word_1_229' title='bbox 193 3017 349 3097; x_wconf 78' lang='lat' dir='ltr'><strong>affectum,</strong></span> <span class='ocrx_word' id='word_1_230' title='bbox 366 3027 467 3100; x_wconf 84' lang='lat' dir='ltr'><strong>angeri</strong></span> <span class='ocrx_word' id='word_1_231' title='bbox 482 3030 511 3082; x_wconf 89' lang='lat' dir='ltr'><strong>et</strong></span> <span class='ocrx_word' id='word_1_232' title='bbox 524 3026 657 3085; x_wconf 87' lang='lat' dir='ltr'><strong>imminui</strong></span> <span class='ocrx_word' id='word_1_233' title='bbox 673 3030 786 3101; x_wconf 81' lang='lat' dir='ltr'><strong>posset3</strong></span> <span class='ocrx_word' id='word_1_234' title='bbox 801 3027 870 3100; x_wconf 91' lang='lat' dir='ltr'><strong>qnia</strong></span> <span class='ocrx_word' id='word_1_235' title='bbox 884 3025 1043 3100; x_wconf 66' lang='lat' dir='ltr'><strong>imicitiam,</strong></span> <span class='ocrx_word' id='word_1_236' title='bbox 1059 3039 1199 3099; x_wconf 86' lang='lat' dir='ltr'><strong>angmen-</strong></span> <span class='ocrx_word' id='word_1_237' title='bbox 1292 3059 1304 3078; x_wconf 84' lang='lat'><strong>.</strong></span> 
     </span>
     <span class='ocr_line' id='line_1_29' title="bbox 119 3119 1200 3198; baseline 0.002 -21"><span class='ocrx_word' id='word_1_238' title='bbox 119 3125 180 3178; x_wconf 91' lang='lat' dir='ltr'><strong>tum</strong></span> <span class='ocrx_word' id='word_1_239' title='bbox 202 3126 230 3178; x_wconf 87' lang='lat' dir='ltr'><strong>et</strong></span> <span class='ocrx_word' id='word_1_240' title='bbox 251 3119 466 3180; x_wconf 84' lang='lat' dir='ltr'><strong>decrementum</strong></span> <span class='ocrx_word' id='word_1_241' title='bbox 483 3137 568 3180; x_wconf 93' lang='lat' dir='ltr'><strong>omne</strong></span> <span class='ocrx_word' id='word_1_242' title='bbox 585 3129 745 3198; x_wconf 81' lang='lat' dir='ltr'><strong>respueret.¹</strong></span> <span class='ocrx_word' id='word_1_243' title='bbox 760 3122 816 3196; x_wconf 84' lang='lat' dir='ltr'><strong>Qui</strong></span> <span class='ocrx_word' id='word_1_244' title='bbox 831 3129 1000 3198; x_wconf 88' lang='lat' dir='ltr'><strong>conceptus,</strong></span> <span class='ocrx_word' id='word_1_245' title='bbox 1023 3127 1056 3181; x_wconf 89' lang='lat' dir='ltr'><strong>ut</strong></span> <span class='ocrx_word' id='word_1_246' title='bbox 1075 3123 1200 3197; x_wconf 86' lang='lat' dir='ltr'><strong>quisquc</strong></span> 
     </span>
     <span class='ocr_line' id='line_1_30' title="bbox 123 3216 1168 3297; baseline 0.004 -25"><span class='ocrx_word' id='word_1_247' title='bbox 123 3216 215 3291; x_wconf 83' lang='lat' dir='ltr'><strong>ridet,</strong></span> <span class='ocrx_word' id='word_1_248' title='bbox 240 3233 296 3276; x_wconf 89' lang='lat' dir='ltr'><strong>non</strong></span> <span class='ocrx_word' id='word_1_249' title='bbox 318 3219 414 3277; x_wconf 90' lang='lat' dir='ltr'><strong>minus</strong></span> <span class='ocrx_word' id='word_1_250' title='bbox 434 3220 510 3278; x_wconf 86' lang='lat' dir='ltr'><strong>inter</strong></span> <span class='ocrx_word' id='word_1_251' title='bbox 531 3235 562 3278; x_wconf 90' lang='lat' dir='ltr'><strong>se</strong></span> <span class='ocrx_word' id='word_1_252' title='bbox 582 3225 727 3297; x_wconf 86' lang='lat' dir='ltr'><strong>pugnant,</strong></span> <span class='ocrx_word' id='word_1_253' title='bbox 749 3235 838 3295; x_wconf 91' lang='lat' dir='ltr'><strong>qnam</strong></span> <span class='ocrx_word' id='word_1_254' title='bbox 858 3219 984 3279; x_wconf 89' lang='lat' dir='ltr'><strong>rotunda</strong></span> <span class='ocrx_word' id='word_1_255' title='bbox 1005 3217 1168 3295; x_wconf 87' lang='lat' dir='ltr'><strong>quadratis.</strong></span> 
     </span>
    </p>
   </div>
   <div class='ocr_carea' id='block_1_11' title="bbox 118 3418 1200 3644">
    <p class='ocr_par' dir='ltr' id='par_1_12' title="bbox 118 3418 1200 3644">
     <span class='ocr_line' id='line_1_31' title="bbox 180 3418 1200 3484; baseline -0.001 -17"><span class='ocrx_word' id='word_1_256' title='bbox 180 3425 186 3467; x_wconf 94' lang='lat' dir='ltr'><strong>i</strong></span> <span class='ocrx_word' id='word_1_257' title='bbox 205 3419 259 3468; x_wconf 85' lang='lat' dir='ltr'><strong>tine</strong></span> <span class='ocrx_word' id='word_1_258' title='bbox 276 3419 397 3481; x_wconf 86' lang='lat' dir='ltr'><strong>diximus,</strong></span> <span class='ocrx_word' id='word_1_259' title='bbox 416 3421 476 3484; x_wconf 80' lang='lat' dir='ltr'><strong>qnia</strong></span> <span class='ocrx_word' id='word_1_260' title='bbox 493 3420 615 3471; x_wconf 81' lang='lat' dir='ltr'><strong>infinitum</strong></span> <span class='ocrx_word' id='word_1_261' title='bbox 635 3423 660 3470; x_wconf 89' lang='lat' dir='ltr'><strong>in</strong></span> <span class='ocrx_word' id='word_1_262' title='bbox 680 3421 803 3484; x_wconf 85' lang='lat' dir='ltr'><strong>potentia,</strong></span> <span class='ocrx_word' id='word_1_263' title='bbox 820 3421 888 3484; x_wconf 86' lang='lat' dir='ltr'><strong>quod</strong></span> <span class='ocrx_word' id='word_1_264' title='bbox 906 3423 989 3482; x_wconf 87' lang='lat' dir='ltr'><strong>aiunt,</strong></span> <span class='ocrx_word' id='word_1_265' title='bbox 1009 3432 1051 3469; x_wconf 89' lang='lat' dir='ltr'><strong>seu</strong></span> <span class='ocrx_word' id='word_1_266' title='bbox 1066 3418 1147 3482; x_wconf 87' lang='lat' dir='ltr'><strong>potius</strong></span> <span class='ocrx_word' id='word_1_267' title='bbox 1167 3419 1200 3466; x_wconf 88' lang='lat' dir='ltr'><strong>in·</strong></span> 
     </span>
     <span class='ocr_line' id='line_1_32' title="bbox 118 3495 1199 3564; baseline 0.002 -20"><span class='ocrx_word' id='word_1_268' title='bbox 118 3495 256 3558; x_wconf 85' lang='lat' dir='ltr'><strong>detinitnm,</strong></span> <span class='ocrx_word' id='word_1_269' title='bbox 277 3501 327 3549; x_wconf 87' lang='lat' dir='ltr'><strong>enti</strong></span> <span class='ocrx_word' id='word_1_270' title='bbox 348 3501 485 3563; x_wconf 86' lang='lat' dir='ltr'><strong>composito</strong></span> <span class='ocrx_word' id='word_1_271' title='bbox 503 3514 551 3550; x_wconf 91' lang='lat' dir='ltr'><strong>non</strong></span> <span class='ocrx_word' id='word_1_272' title='bbox 569 3503 695 3564; x_wconf 79' lang='lat' dir='ltr'><strong>repugnet.</strong></span> <span class='ocrx_word' id='word_1_273' title='bbox 718 3503 768 3550; x_wconf 77' lang='lat' dir='ltr'><strong>itus</strong></span> <span class='ocrx_word' id='word_1_274' title='bbox 785 3500 850 3550; x_wconf 84' lang='lat' dir='ltr'><strong>enim</strong></span> <span class='ocrx_word' id='word_1_275' title='bbox 868 3501 1044 3564; x_wconf 83' lang='lat' dir='ltr'><strong>compositum,</strong></span> <span class='ocrx_word' id='word_1_276' title='bbox 1065 3499 1124 3548; x_wconf 85' lang='lat' dir='ltr'><strong>iicet</strong></span> <span class='ocrx_word' id='word_1_277' title='bbox 1142 3501 1199 3548; x_wconf 65' lang='lat' dir='ltr'><strong>adar</strong></span> 
     </span>
     <span class='ocr_line' id='line_1_33' title="bbox 118 3578 1200 3644; baseline 0 -18"><span class='ocrx_word' id='word_1_278' title='bbox 118 3589 214 3640; x_wconf 87' lang='lat' dir='ltr'><strong>semper</strong></span> <span class='ocrx_word' id='word_1_279' title='bbox 231 3579 327 3628; x_wconf 88' lang='lat' dir='ltr'><strong>tinitum</strong></span> <span class='ocrx_word' id='word_1_280' title='bbox 349 3581 394 3642; x_wconf 66' lang='lat' dir='ltr'><strong>sitq</strong></span> <span class='ocrx_word' id='word_1_281' title='bbox 413 3583 492 3644; x_wconf 85' lang='lat' dir='ltr'><strong>potest</strong></span> <span class='ocrx_word' id='word_1_282' title='bbox 509 3583 590 3631; x_wconf 84' lang='lat' dir='ltr'><strong>tamen</strong></span> <span class='ocrx_word' id='word_1_283' title='bbox 609 3581 712 3631; x_wconf 89' lang='lat' dir='ltr'><strong>ulterius</strong></span> <span class='ocrx_word' id='word_1_284' title='bbox 728 3592 807 3643; x_wconf 83' lang='lat' dir='ltr'><strong>nsque</strong></span> <span class='ocrx_word' id='word_1_285' title='bbox 824 3581 917 3643; x_wconf 76' lang='lat' dir='ltr'><strong>angeri,</strong></span> <span class='ocrx_word' id='word_1_286' title='bbox 939 3580 1002 3643; x_wconf 88' lang='lat' dir='ltr'><strong>quin</strong></span> <span class='ocrx_word' id='word_1_287' title='bbox 1020 3579 1051 3628; x_wconf 83' lang='lat' dir='ltr'><strong>ad</strong></span> <span class='ocrx_word' id='word_1_288' title='bbox 1072 3579 1150 3627; x_wconf 83' lang='lat' dir='ltr'><strong>dxrrm</strong></span> <span class='ocrx_word' id='word_1_289' title='bbox 1164 3578 1200 3627; x_wconf 92' lang='lat' dir='ltr'><strong>ni·</strong></span> 
     </span>
    </p>
   </div>
   <div class='ocr_carea' id='block_1_12' title="bbox 2 3656 1201 3726">
    <p class='ocr_par' dir='ltr' id='par_1_13' title="bbox 2 3656 1201 3726">
     <span class='ocr_line' id='line_1_34' title="bbox 2 3656 1201 3726; baseline -0.001 -21"><span class='ocrx_word' id='word_1_290' title='bbox 2 3723 3 3726; x_wconf 8' lang='grc' dir='ltr'><strong>Ἴ</strong></span> <span class='ocrx_word' id='word_1_291' title='bbox 119 3656 169 3706; x_wconf 90' lang='lat' dir='ltr'><strong>ium</strong></span> <span class='ocrx_word' id='word_1_292' title='bbox 191 3661 324 3708; x_wconf 88' lang='lat' dir='ltr'><strong>terminum</strong></span> <span class='ocrx_word' id='word_1_293' title='bbox 341 3659 464 3711; x_wconf 83' lang='lat' dir='ltr'><strong>deveniat.</strong></span> <span class='ocrx_word' id='word_1_294' title='bbox 484 3661 525 3711; x_wconf 87' lang='lat' dir='ltr'><strong>Sic</strong></span> <span class='ocrx_word' id='word_1_295' title='bbox 545 3663 670 3724; x_wconf 84' lang='lat' dir='ltr'><strong>quantitas</strong></span> <span class='ocrx_word' id='word_1_296' title='bbox 689 3659 821 3710; x_wconf 80' lang='lat' dir='ltr'><strong>divisibiiis</strong></span> <span class='ocrx_word' id='word_1_297' title='bbox 841 3660 920 3710; x_wconf 86' lang='lat' dir='ltr'><strong>estin</strong></span> <span class='ocrx_word' id='word_1_298' title='bbox 942 3658 1074 3715; x_wconf 81' lang='lat' dir='ltr'><strong>infinitum,</strong></span> <span class='ocrx_word' id='word_1_299' title='bbox 1094 3657 1155 3720; x_wconf 85' lang='lat' dir='ltr'><strong>quia</strong></span> <span class='ocrx_word' id='word_1_300' title='bbox 1175 3657 1201 3706; x_wconf 90' lang='lat' dir='ltr'><strong>in</strong></span> 
     </span>
    </p>
   </div>
   <div class='ocr_carea' id='block_1_13' title="bbox 118 3735 1202 3882">
    <p class='ocr_par' dir='ltr' id='par_1_14' title="bbox 118 3735 1202 3882">
     <span class='ocr_line' id='line_1_35' title="bbox 118 3735 1200 3804; baseline -0.004 -17"><span class='ocrx_word' id='word_1_301' title='bbox 118 3739 287 3801; x_wconf 87' lang='lat' dir='ltr'><strong>quotcumque</strong></span> <span class='ocrx_word' id='word_1_302' title='bbox 301 3743 397 3791; x_wconf 79' lang='lat' dir='ltr'><strong>seratur</strong></span> <span class='ocrx_word' id='word_1_303' title='bbox 420 3743 509 3804; x_wconf 88' lang='lat' dir='ltr'><strong>partes,</strong></span> <span class='ocrx_word' id='word_1_304' title='bbox 530 3743 610 3804; x_wconf 89' lang='lat' dir='ltr'><strong>potest</strong></span> <span class='ocrx_word' id='word_1_305' title='bbox 626 3741 715 3790; x_wconf 89' lang='lat' dir='ltr'><strong>iterum</strong></span> <span class='ocrx_word' id='word_1_306' title='bbox 736 3740 762 3788; x_wconf 92' lang='lat' dir='ltr'><strong>in</strong></span> <span class='ocrx_word' id='word_1_307' title='bbox 776 3739 838 3789; x_wconf 87' lang='lat' dir='ltr'><strong>aiias</strong></span> <span class='ocrx_word' id='word_1_308' title='bbox 861 3741 970 3789; x_wconf 87' lang='lat' dir='ltr'><strong>minores</strong></span> <span class='ocrx_word' id='word_1_309' title='bbox 991 3736 1122 3799; x_wconf 65' lang='lat' dir='ltr'><strong>dissensi,</strong></span> <span class='ocrx_word' id='word_1_310' title='bbox 1139 3735 1200 3798; x_wconf 91' lang='lat' dir='ltr'><strong>quin</strong></span> 
     </span>
     <span class='ocr_line' id='line_1_36' title="bbox 120 3808 1202 3882; baseline 0.001 -17"><span class='ocrx_word' id='word_1_311' title='bbox 120 3821 201 3876; x_wconf 79' lang='lat' dir='ltr'><strong>partes</strong></span> <span class='ocrx_word' id='word_1_312' title='bbox 220 3818 284 3868; x_wconf 89' lang='lat' dir='ltr'><strong>ntiae</strong></span> <span class='ocrx_word' id='word_1_313' title='bbox 303 3822 417 3869; x_wconf 75' lang='lat' dir='ltr'><strong>extensae</strong></span> <span class='ocrx_word' id='word_1_314' title='bbox 436 3820 553 3882; x_wconf 74' lang='lat' dir='ltr'><strong>assignari</strong></span> <span class='ocrx_word' id='word_1_315' title='bbox 572 3821 676 3882; x_wconf 86' lang='lat' dir='ltr'><strong>possint,</strong></span> <span class='ocrx_word' id='word_1_316' title='bbox 694 3833 759 3881; x_wconf 85' lang='lat' dir='ltr'><strong>quae</strong></span> <span class='ocrx_word' id='word_1_317' title='bbox 777 3819 890 3868; x_wconf 72' lang='lat' dir='ltr'><strong>aimninte</strong></span> <span class='ocrx_word' id='word_1_318' title='bbox 910 3808 1139 3880; x_wconf 81' lang='lat' dir='ltr'><strong>neqrreant‘dividi.</strong></span> <span class='ocrx_word' id='word_1_319' title='bbox 1197 3808 1202 3816; x_wconf 44' lang='lat'><em>¹</em></span> 
     </span>
    </p>
   </div>
   <div class='ocr_carea' id='block_1_14' title="bbox 0 0 1454 4425">
    <p class='ocr_par' dir='ltr' id='par_1_15' title="bbox 0 0 1454 4425">
     <span class='ocr_line' id='line_1_37' title="bbox 0 0 1454 4425; baseline 0 0"><span class='ocrx_word' id='word_1_320' title='bbox 0 0 1454 4425; x_wconf 95' lang='lat' dir='ltr'><strong> </strong></span> 
     </span>
    </p>
   </div>
  </div>
 </body>
</html>
