2892 4425
343 386 420 430 ΗΜ
439 386 554 429 Tssltffl
575 401 587 414 ·
607 384 789 429 numanati
812 385 991 430 MTUMUS
1149 379 1210 431 '37'

127 499 339 574 praeiaoontem
357 499 510 557 materiam
532 495 663 574 postniat
680 513 717 558 ea
743 511 835 572 eaque
853 496 962 556 condat
979 495 1141 574 eiieoiuna,
1161 515 1206 556 ra·

129 597 250 655 istiram
264 610 328 654 esso
342 611 402 655 non
418 595 597 670 absolutam,
609 595 718 670 quippe
735 609 810 670 quae
829 597 869 653 rei
887 595 1016 671 auidam,
1032 611 1121 672 quam
1138 596 1207 655 sub·

130 693 223 768 audit,
244 692 397 769 alligetur?
415 693 505 771 Ergo,
525 693 585 752 nisi
602 691 696 751 Deum
715 693 829 752 untione
852 695 915 752 eiua
936 700 1058 752 naturae
1077 709 1209 772 congrua

88 814 91 821 ’
128 793 254 867 spoliare
273 791 409 867 velimus,
428 792 475 850 vis
490 790 651 851 effectuum
669 789 885 850 eduoendorum
905 807 921 850 e
944 792 1037 852 nihilo
1055 793 1211 855 tribuenda

130 894 139 948 i
176 891 187 948 i
208 896 264 948 est.

142 907 176 966 μ
189 987 343 1048 Praeterea
358 989 404 1046 ris
421 988 532 1064 aiiquid
547 994 631 1046 extra
647 1003 679 1046 se
692 988 869 1064 producendi
886 991 1081 1064 praestantior
1100 990 1130 1048 in
1149 990 1211 1049 Deo

131 1101 166 1145 ao
186 1088 272 1162 ionga
290 1085 438 1145 eideaoior
457 1102 521 1145 esse
539 1084 636 1160 debet,
653 1102 742 1162 quam
761 1089 792 1145 in
810 1085 940 1162 qualibet
959 1087 1017 1146 alia
1034 1101 1123 1146 eausa
1143 1101 1211 1162 pos-
1315 1131 1318 1138 .

13 1209 22 1235 r
130 1183 219 1242 sintii.
239 1184 328 1243 &ons
348 1200 407 1280 non
428 1191 505 1244 esset
524 1183 603 1246 Deus
621 1199 718 1243 rernm
740 1187 884 1260 omnium,
906 1199 981 1263 quae
1001 1187 1124 1268 cogitari
1145 1201 1212 1261 pos·

130 1289 220 1358 suni,
251 1284 519 1358 praestantissimus
543 1289 632 1358 atque
660 1284 799 1358 optimus.
832 1281 921 1362 Atqui
944 1280 1026 1342 nuiia
1051 1281 1209 1357 probabilis

131 1384 206 1441 ratio
227 1381 309 1440 reddi
329 1385 435 1457 potest,
457 1395 511 1439 our
531 1381 607 1440 aetio
624 1396 700 1456 quaa
721 1379 859 1440 eiieotum
881 1397 918 1440 aa
940 1387 1100 1457 praeeunte
1120 1388 1211 1440 maie·

14 1503 19 1545 :
132 1482 178 1538 ria
194 1482 312 1555 gignat,
336 1493 441 1538 causae
459 1479 546 1538 aiioni
564 1477 665 1538 iinitae
683 1493 742 1538 nun
766 1485 929 1556 competat,
950 1485 1108 1555 utcumque
1129 1489 1213 1556 priso-

132 1580 241 1637 stantia
263 1577 350 1637 buius
367 1577 492 1638 eiieotas
513 1558 718 1654 ampiidoetur.
734 1577 823 1654 Ergo,
846 1578 903 1636 nisi
927 1578 1043 1653 propria
1064 1576 1143 1637 diota
1165 1579 1211 1638 vis

132 1676 262 1753 creandi,
280 1691 355 1752 quae
370 1691 432 1735 rem
453 1677 517 1736 sino
534 1678 654 1753 maaria
672 1678 795 1735 materia
813 1674 934 1752 nomint,
948 1677 980 1734 in
995 1676 1055 1734 lieo
1074 1681 1168 1752 ossat3
1186 1678 1213 1735 is

132 1773 333 1834 emensitatem
348 1789 503 1833 causamn
516 1772 668 1836 finitarum
683 1789 867 1850 naquaquam
883 1773 1047 1849 excederet,
1063 1789 1123 1850 qao
1138 1773 1211 1832 nihii

133 1877 228 1948 potest
245 1888 309 1931 esse
328 1871 493 1932 absurdius.
516 1872 554 1932 Et
566 1887 637 1932 sane
649 1875 749 1947 ponite
763 1879 832 1932 anie
846 1872 945 1931 oouios
958 1869 1098 1932 edoctum
1114 1886 1214 1949 quarn

132 1987 258 2048 eumque
270 1970 498 2046 nobilissimum,
512 1973 564 2046 qui
575 1987 612 2030 ox
626 1973 808 2046 praeiacente
823 1973 946 2031 materia
961 1970 1117 2031 eoniieiur.
1132 1973 1211 2045 Qus·

134 2085 194 2146 qna
213 2085 314 2129 versus
336 2069 416 2128 hune
439 2069 624 2144 inspiciatis,
646 2067 722 2126 nibii
743 2070 775 2128 in
794 2083 828 2127 oo
851 2069 995 2145 proditur,
1017 2067 1097 2145 quod
1115 2066 1213 2128 indui·

134 2177 195 2227 tam
210 2170 272 2228 rim
292 2165 428 2243 posiuiet.
445 2165 527 2226 idaea
543 2167 622 2225 enim
642 2171 759 2226 mutum
781 2181 834 2242 pro
851 2169 998 2226 oreaiiona
1015 2165 1210 2226 conuincitur.

22 2296 25 2311 =
112 2266 212 2344 ,Ergo
229 2282 298 2325 oum
321 2263 406 2328 iinita
421 2267 479 2339 ris,
498 2268 657 2340 uisumque
673 2265 939 2341 praestantissima,
960 2263 1060 2324 iiuiiae
1078 2262 1213 2323 substan-

133 2368 193 2424 tiae
211 2380 270 2423 nou
290 2367 449 2439 repugnet5
470 2352 530 2420 ni‘si
547 2360 657 2437 aiiquid
674 2361 776 2437 nitius,
798 2362 837 2421 ad
856 2360 1060 2422 eiiieaeitatam
1076 2359 1156 2438 quod
1169 2368 1213 2422 ai·

133 2464 227 2538 tinet,
253 2474 406 2538 supremas
424 2474 532 2519 musae
549 2459 714 2536 tribuatur,
737 2475 888 2536 nunquam
914 2461 990 2520 aotio
1012 2462 1075 2520 eius
1098 2464 1213 2519 mutum

134 2561 253 2638 propria
272 2558 460 2637 noginbitnr.
747 2560 749 2562 ’

195 2659 253 2718 Sed
268 2674 408 2735 quorsom
426 2657 629 2719 subtiiioribns
646 2659 916 2718 ratiocinationibus
935 2661 965 2719 in
984 2674 1015 2717 re
1033 2655 1211 2731 laboramus,
1257 2723 1282 2751 l

135 2774 211 2834 qnae
225 2756 316 2817 reiuti
338 2756 417 2815 moto
436 2758 500 2832 ipso
512 2756 665 2834 suadetur,
683 2764 714 2817 et
734 2773 806 2833 pene
822 2762 890 2816 ante
904 2756 1004 2816 oouios
1023 2749 1216 2839 obversatur?

136 2856 271 2917 Proiecto
287 2854 416 2914 mundus
427 2860 536 2932 exstat,
552 2860 703 2914 examinas
721 2870 787 2914 nos.
806 2856 871 2932 iiie,
887 2857 958 2933 quia
976 2870 1014 2915 ex
1034 2852 1143 2913 inieota
1157 2868 1216 2914 rna·

135 2956 209 3013 teria
227 2954 309 3032 gigni
322 2968 386 3032 pon
406 2953 518 3030 potnit,
536 2953 711 3013 crannonem
732 2952 862 3029 aiiqusm
886 2951 1065 3029 postularit3
1087 2953 1216 3027 animus,

137 3068 174 3111 ex
187 3068 246 3128 quo
262 3058 445 3128 constamus,
457 3056 559 3127 utpote
572 3053 625 3127 qui
644 3050 768 3128 simpiea
787 3056 832 3110 esi
849 3056 879 3111 et
897 3050 1070 3127 spiritualis,
1089 3064 1105 3108 e
1124 3048 1217 3109 niblio

138 3149 225 3207 eundi
249 3149 359 3210 debuit.
384 3148 425 3209 At
449 3166 520 3209 rero
546 3148 716 3209 huiusmodi
738 3150 849 3209 creatio
873 3150 988 3208 nonnisi
1013 3164 1031 3207 a
1054 3147 1115 3207 lieo
1139 3147 1216 3207 iaoia

140 3251 201 3332 esi:
223 3250 287 3305 turn
303 3250 374 3323 qnia
391 3262 475 3306 serus
494 3247 571 3307 idem
597 3246 705 3307 rediret
723 3253 930 3325 argumentum
947 3246 985 3307 de
998 3254 1087 3304 'nova
1107 3260 1214 3319 eausa,

140 3357 216 3419 quae
239 3341 314 3401 ioris
337 3344 540 3421 insinuaretur,
560 3352 625 3405 turn
646 3346 736 3404 edam
759 3346 828 3421 qnia
852 3346 964 3403 creatio
984 3346 1045 3403 vina
1072 3342 1215 3403 infinitam

139 3442 279 3517 exquirit,
300 3444 334 3499 ut
354 3456 422 3498 mox
443 3441 642 3515 probabimus.
662 3441 724 3501 Deo
745 3444 835 3519 igitur
855 3444 900 3501 vis
918 3442 1037 3501 creandi
1053 3447 1217 3518 competere
1272 3467 1278 3481 ·

140 3540 236 3615 debet,
257 3541 282 3599 si
301 3553 398 3597 rernm
416 3546 577 3599 ceterarum
593 3542 748 3600 existentia
767 3538 880 3599 adstrui
902 3546 931 3598 et
951 3540 1092 3615 expiioari
1113 3540 1194 3599 vetii.

203 3647 271 3698 tari.
291 3636 377 3711 Quod
394 3652 464 3696 vero
483 3636 521 3695 ad
538 3637 696 3696 creandum
719 3640 764 3697 vis
784 3638 900 3697 induite
922 3641 1096 3714 requiratur,
1113 3636 1217 3697 iaeiiii·
1250 3708 1252 3713 Ι

140 3753 221 3798 mum
242 3744 287 3797 est
303 3736 340 3796 ad
359 3735 559 3796 iudicandum.
581 3735 711 3795 Primum
730 3738 807 3796 enim
830 3753 866 3796 ea
885 3739 949 3814 ipsa
968 3738 1145 3813 experientia
1159 3750 1218 3795 non

139 3838 214 3897 ieris
230 3838 398 3895 ooniaoiura
421 3835 535 3895 desumi
557 3841 670 3911 potest3
692 3835 837 3912 siquidem
858 3852 945 3897 eausa
968 3834 1053 3895 iiniia
1075 3835 1217 3911 quaeris,

137 3942 298 4012 unumque
316 3932 422 3993 emona
441 3936 481 3993 sii
497 3938 527 3993 et
545 3939 711 4010 praestans,
727 3951 878 4012 nunquam
900 3934 1038 3995 eiieoium
1058 3934 1153 4009 gignit
1166 3931 1217 3992 aii·

138 4051 238 4110 quem,
253 4035 310 4094 nisi
331 4034 452 4094 materia
471 4032 614 4111 quaedam
632 4040 662 4093 et
679 4033 855 4113 sabianum,
877 4036 907 4093 ia
928 4049 987 4109 quo
1005 4030 1056 4090 iiia
1071 4034 1218 4105 operetur,

282 4130 345 4195 Vol.
362 4130 410 4191 11.
1042 4138 1078 4188 22
