2892 4425
308 409 312 416 ,
433 359 511 404 aias
532 359 649 403 ΔΠἜΙΔ
671 375 683 388 ·
706 361 923 406 miciioaoali
1158 356 1216 409 2³5

141 453 270 543 cercim,
284 483 360 544 quae
375 466 509 529 sensibus
524 466 652 528 obnoxia
669 476 739 529 sunt
755 477 806 558 aui
823 471 890 530 inde
904 470 1010 531 deduci
1026 479 1158 546 pmsum.
1181 473 1216 534 ld

141 584 212 628 uero
231 566 421 626 lalsmslmum
441 572 497 626 est.
519 567 614 643 Nam,
628 574 662 627 ui
681 569 788 645 cuique
807 571 989 630 conscicntia
1009 575 1149 647 testatur,
1164 586 1216 631 no·

141 667 236 725 tiones
252 663 336 724 nobis
348 665 465 740 insunt,
479 680 555 740 quac
567 667 599 722 in
613 665 701 724 rebus
720 669 841 724 omnino
854 667 1096 736 immaterialibus
1117 683 1218 728 revera

142 768 297 822 versantur
315 777 448 838 quaeque
468 778 584 822 omnem
605 764 747 823 materiae
767 763 963 823 conditionem
978 779 997 822 a
1013 779 1044 822 sa
1063 765 1216 840 ralioiunt,

141 865 195 920 ant
214 861 303 920 marn
321 860 524 920 necessitatem
545 865 575 918 et
594 860 845 921 universalitatem
863 863 1028 920 involvunt.
1052 861 1118 922 Huc
1139 877 1217 922 acce·

142 957 186 1016 dit
205 957 285 1018 lucia
300 957 353 1016 ilia
372 973 459 1034 saepe
474 957 749 1034 vehementissima,
764 975 824 1035 qua
837 959 975 1018 voluntas
991 965 1020 1018 et
1033 961 1108 1018 ratio
1121 973 1218 1020 sensa·

141 1056 215 1114 tioni
228 1053 391 1130 obsatunt,
405 1070 529 1131 mmque
542 1054 598 1116 sibi
612 1055 860 1133 obtemperantem
876 1056 999 1117 iaciant.
1022 1056 1106 1129 Quod
1124 1057 1217 1131 proie-

141 1156 191 1210 oto
208 1147 384 1212 immensam
398 1153 645 1230 intercapedinem
660 1156 887 1230 interutrasque
905 1153 1058 1214 facultates
1077 1154 1214 1214 ostendii.

201 1247 371 1328 Postremo,
396 1269 436 1312 ne
459 1253 545 1328 plura
567 1259 735 1328 wasecter,
762 1250 885 1311 modam
910 1255 1062 1313 veritatem
1090 1251 1218 1312 declaret

143 1345 316 1423 absuactio,
329 1364 389 1424 qua
410 1349 569 1426 pollemus,
585 1349 728 1409 idearum.
751 1349 826 1409 Nam
841 1351 1006 1409 sensatione
1020 1351 1134 1409 nonnisi
1148 1363 1216 1408 con·

143 1451 256 1506 cretum
274 1453 305 1506 et
323 1447 473 1523 singulare
492 1447 640 1507 obiectum
661 1450 847 1524 continetur,
867 1455 948 1508 certo
966 1453 1114 1526 tempore,
1136 1449 1216 1525 ioco,

142 1541 336 1620 dimensione,
346 1547 508 1622 ceterisque
521 1548 660 1605 materiae
673 1545 886 1606 adlectionibus
899 1546 1063 1607 delinitum.
1077 1547 1130 1606 ilis
1144 1561 1217 1606 veru

142 1638 278 1701 omnibus
296 1641 415 1716 spoliari
435 1641 581 1702 obiectum
602 1643 706 1718 debet,
728 1651 762 1712 ut
782 1645 925 1720 generalis
947 1646 1012 1704 idea
1032 1645 1214 1704 eliormetur.

143 1735 195 1795 Vis
214 1740 306 1814 igitur
324 1738 468 1814 quaedem
491 1740 662 1800 oeensibus
682 1747 745 1801 toto
762 1743 843 1801 coeio
861 1742 1030 1819 discrepans
1049 1749 1078 1802 ot
1098 1745 1217 1802 omnino

85 1911 96 1924 ,
142 1835 188 1894 sui
202 1837 315 1910 meris
328 1852 445 1896 necoese
457 1844 503 1898 ast
515 1841 615 1897 auimo
635 1841 723 1914 insit,
739 1855 814 1915 quae
828 1839 972 1900 obiectum
988 1843 1089 1917 aliter,
1103 1856 1137 1901 ac
1154 1856 1218 1899 scu·

143 1934 256 1992 satione
275 1936 454 2012 attingatur,
475 1938 628 2010 inspiciat;
649 1937 780 2013 illudque
802 1953 859 1997 non
880 1944 967 2014 prout
986 1955 1004 1998 a
1025 1946 1129 1999 natura
1149 1955 1216 2015 pro·

142 2028 250 2107 fertur,
266 2032 318 2092 sed
330 2038 419 2108 prout
432 2031 471 2092 ab
484 2035 548 2108 ipsa
561 2032 712 2108 perficitur
726 2040 908 2094 contueatur.
926 2035 970 2093 Ex
985 2036 1091 2111 quibus
1105 2043 1216 2111 quanto

143 2129 174 2187 in
194 2144 293 2188 errore
311 2137 459 2207 vomatur,
474 2136 675 2206 mantumque
695 2147 728 2191 ss
747 2131 846 2190 eludat
860 2131 1009 2190 Goradlliac
1029 2133 1214 2206 perspicuum

143 2226 275 2302 proiecto
294 2234 356 2303 asi,
370 2230 540 2305 praesertim
556 2245 624 2291 cum
640 2230 723 2293 nulio
740 2230 834 2289 solido
852 2229 1058 2307 laudamento,
1072 2228 1151 2305 quod
1171 2228 1215 2287 di·
1313 2286 1315 2289 .

143 2323 266 2401 ligentur
284 2326 409 2402 expendi
430 2335 577 2404 meretur,
598 2344 685 2389 suum
705 2334 835 2409 systema
856 2327 969 2387 iniciat.

487 2535 622 2605 systema
638 2532 875 2603 Loromipaierii.

208 2728 277 2779 11⁷.
299 2722 506 2788 calamitosam
517 2721 710 2783 Gondillachli
721 2720 885 2781 docuinam
899 2722 1029 2779 minuere
1040 2725 1162 2780 conatus
1173 2725 1218 2779 est
1325 2692 1331 2701 ’

144 2818 379 2895 Lammiguiere,
393 2821 444 2896 qul
465 2826 581 2895 practer
601 2820 812 2892 causationem,
827 2833 885 2893 qua
905 2820 1018 2893 patiens
1038 2824 1083 2877 est
1104 2819 1219 2878 animus

147 2916 304 2994 (siquidem
320 2919 350 2975 in
363 2932 399 2977 ea
412 2917 550 2993 impulsio
569 2919 751 2977 extrinsecus
772 2912 849 2975 intro
869 2914 1025 2991 advenit),
1042 2917 1101 2973 vim
1114 2930 1218 2991 quam·

143 3014 212 3074 mm
233 3020 389 3076 actuosam
405 3017 559 3093 agnoscit,
579 3030 655 3091 quae
674 3017 705 3075 in
727 3015 806 3089 ipsas
826 3016 1006 3079 sensationes
1030 3019 1115 3090 agat,
1137 3020 1166 3072 et
1188 3015 1219 3071 ln

144 3129 221 3190 qua,
235 3116 298 3173 uice
318 3130 421 3189 versa,
435 3095 574 3189 impulsio
588 3116 669 3174 intus
681 3111 824 3172 eileratur
839 3111 930 3171 loras.
953 3112 1037 3171 lianc
1058 3128 1127 3171 vero
1148 3113 1236 3170 noti·-

145 3214 265 3271 vitatem
286 3228 354 3272 curn
371 3213 509 3288 deinceps
529 3212 788 3286 inattcniioucm,
804 3211 1066 3286 comparationem,
1081 3214 1110 3269 ct
1130 3210 1218 3268 ratio·

143 3310 252 3371 oinium
272 3314 432 3387 partiatur,
447 3309 601 3370 histribus
623 3309 806 3369 intellectum
821 3308 950 3368 hominis
972 3314 1106 3369 constare
1126 3306 1219 3367 lacul-

144 3406 253 3467 iatibus
275 3424 435 3484 earumque
458 3400 580 3467 munere
604 3412 719 3467 ceteras
745 3420 847 3465 omnes
873 3405 1011 3480 explicari
1037 3410 1170 3466 autumat
1196 3406 1219 3463 ¹.

203 3532 329 3590 ilaepona
348 3530 382 3580 dc
396 3526 495 3592 plsiios.
518 3530 564 3591 lep.
585 3528 741 3592 quauieme,
757 3526 823 3577 unda
842 3525 983 3577 concludit:
998 3524 1223 3576 «L'entemlcment

143 3627 156 3650 o
174 3608 277 3658 lrnmun
292 3607 429 3671 eomprend
441 3606 507 3657 donc
521 3608 583 3657 trois
593 3606 711 3668 leonites,
722 3608 748 3655 ei
758 3606 815 3657 n'en
828 3605 963 3669 comprend
976 3620 1026 3669 que
1039 3606 1113 3655 trois:
1126 3606 1220 3656 l'alieu·

144 3706 156 3729 a
173 3685 244 3748 tion,
264 3686 289 3736 la
312 3685 505 3749 comparaison,
525 3686 551 3735 le
571 3686 761 3736 raisonnemenl.
778 3706 789 3728 ι
805 3688 835 3735 Et
859 3686 933 3749 paulo
954 3688 1012 3737 ante
1035 3687 1157 3737 dixerat«
1174 3688 1222 3735 Par

145 3785 158 3808 «ι
176 3763 314 3815 l’attentlon
329 3766 373 3829 qui
389 3767 521 3815 conuenire
537 3766 669 3827 l'aotiriii,
687 3778 732 3829 par
747 3766 772 3817 la
787 3768 957 3831 comparaison
977 3768 1021 3831 qui
1038 3768 1061 3817 la
1078 3768 1177 3830 pertago
1197 3768 1223 3815 et

143 3865 155 3888 κ
173 3844 217 3908 qul
232 3845 295 3896 n’csi
309 3846 402 3909 qu’une
417 3845 509 3896 double
523 3844 658 3909 munden,
675 3858 721 3909 par
737 3847 761 3897 le
776 3848 957 3898 raisonnemeni
977 3848 1020 3910 qui
1042 3848 1066 3897 la
1085 3846 1165 3896 divise
1180 3860 1221 3895 en·

145 3948 157 3971 a
174 3939 247 3991 core,
264 3929 289 3978 et
303 3928 348 3992 qni
364 3926 428 3978 n'esi
442 3926 534 3989 qu’une
548 3926 641 3978 double
654 3930 839 3993 comparaison,
857 3928 951 3991 l’espril
971 3926 1071 3978 devient
1091 3926 1155 3975 donc
1172 3938 1220 3974 une

145 4028 157 4050 a
176 4008 313 4070 puimpoe,
324 4030 337 4052 ι
