2892 4425
213 336 253 391 ⁴2
546 340 788 385 renuntiasses}
808 336 969 385 semissis

212 431 377 514 ¹seeundum
392 450 571 527 principium
592 452 720 513 materis
735 458 852 511 exsors
869 465 1027 527 uunquam
1039 454 1158 527 potnit,
1176 426 1255 529 qnin‘
1266 456 1299 513 in

83 553 86 557 “
213 550 356 611 atterutro
384 547 490 609 borum
508 554 641 609 sisinum
671 548 887 625 coiiocaretor3
912 548 1056 627 siqnidem
1079 549 1109 609 bi
1133 558 1300 627 pugnantis

213 650 290 709 inter
308 664 342 709 sc
360 654 450 724 sant,
473 664 526 707 nec
545 634 664 709 tertium
686 648 767 709 atiud
789 651 991 725 interposibnn
1013 650 1175 725 patiuntur.
1200 650 1297 734 hgo,

212 749 238 806 si
257 748 378 808 materia
392 747 577 823 improdncta
596 746 717 822 inisset,
738 762 772 807 es
789 748 877 807 simui
897 754 927 807 et
943 747 1032 809 senne!
1053 746 1249 809 determinata
1268 757 1301 811 et

213 860 273 905 noo
291 844 484 905 determinata
502 845 541 904 ad
558 845 732 905 atterutrum
753 860 854 905 eornm
870 850 999 905 statuum
1024 848 1190 921 extitisset,
1217 847 1298 924 qnod

94 958 100 973 ⁹
212 948 344 1019 aperiam
361 943 622 1004 manuductionem
642 943 699 1004 sibi
717 944 860 1020 implicat.

567 1145 726 1219 seim
743 1143 943 1217 difficultates.

124 1388 135 1403 s
272 1334 369 1397 obire.
393 1335 420 1397 1.
445 1334 556 1395 Contra
579 1338 732 1395 veritatem
757 1332 923 1410 eiusmodi,
946 1350 1035 1411 quarn
1058 1340 1119 1393 tam
1147 1334 1297 1395 evidenter

213 1436 423 1509 conclusimus,
445 1435 574 1493 occnmii
595 1434 624 1491 in
646 1435 750 1509 primis
772 1432 883 1492 ductor
903 1430 1078 1509 systematis
1100 1436 1228 1491 nuiwue
1252 1435 1299 1491 stc

212 1532 370 1609 inquiens:
385 1532 443 1604 Qui
468 1537 618 1612 micinam
643 1544 764 1589 eanum
782 1531 921 1589 maimias
938 1529 1114 1607 admittant,
1135 1532 1165 1587 in
1181 1530 1241 1589 dno
1256 1530 1298 1589 is·

213 1629 325 1688 buntur
346 1627 498 1687 absurda:
525 1642 641 1703 noum,
666 1632 701 1686 ut
722 1630 897 1687 cratonem
920 1628 1061 1703 eredunt3
1087 1628 1238 1703 sitorum,
1262 1636 1299 1690 ut

214 1726 360 1785 sobonem
382 1726 541 1786 admittant
556 1727 633 1784 entis
653 1724 854 1784 immaterialis
873 1726 950 1785 circa
971 1727 1135 1788 mammam.
1153 1728 1192 1784 iit
1208 1732 1300 1785 mate·

214 1824 260 1882 ria
281 1838 397 1899 suuper
417 1824 516 1883 estitit
540 1829 628 1900 atque
649 1839 687 1883 cx
705 1828 768 1883 iota
792 1826 966 1883 aeternitate
984 1822 1087 1884 debuit
1106 1840 1138 1883 sc
1157 1840 1298 1901 morsrc3

213 1920 357 1997 siqnidem
371 1927 468 1981 motos
480 1938 516 1981 ex
533 1923 596 1981 eins
610 1923 766 1998 primitivis
785 1920 918 1983 dimanat
937 1920 1175 1999 proprietatibus,
1192 1923 1299 1999 qouics

139 2095 143 2102 .
214 2024 284 2078 soni
308 2020 462 2097 martias,
485 2021 645 2097 extensio,
667 2020 949 2097 immunitatium,
973 2020 1071 2096 dgora
1100 2027 1157 2079 etc.
1186 2020 1300 2080 Deinde

214 2116 387 2195 subiungit:
407 2116 449 2177 Ui
480 2119 609 2179 mundos
625 2118 851 2195 murmuretur,
874 2118 947 2177 nibii
977 2119 1057 2178 atiud
1078 2118 1226 2179 maurus
1247 2134 1298 2194 po-

130 2241 140 2268 ·
213 2215 355 2291 amianti,
375 2219 433 2276 nisi
455 2203 609 2277 materiam
628 2223 659 2278 ei
676 2225 803 2277 motum.
826 2217 904 2295 argo
928 2217 1009 2276 nutta
1027 2232 1115 2276 causa
1139 2218 1299 2292 requiritur

213 2313 250 2372 ad
272 2314 374 2373 mundi
395 2315 600 2391 explicandam
623 2318 810 2376 existentiam
834 2319 855 2373 ¹.
1325 2354 1332 2362 -

273 2411 363 2487 Itesp.
384 2413 464 2472 Haec
482 2415 589 2489 partim
613 2417 705 2490 gratis
726 2420 857 2490 asserta,
880 2415 986 2490 partim
1008 2413 1190 2490 ignoratione
1211 2411 1297 2487 piem

120 2551 127 2562 .
213 2517 293 2568 sunt.
314 2511 499 2588 Quamquam
522 2514 600 2572 enim
621 2513 805 2572 verissimum
827 2516 886 2585 sit,
911 2509 966 2570 boc
986 2513 1052 2587 ipso
1071 2510 1150 2586 quod
1174 2511 1296 2568 materia

214 2610 350 2667 asienori
371 2624 460 2668 causa
480 2610 663 2687 indiguerit,
684 2608 743 2669 dno
765 2610 815 2669 iiia
838 2611 996 2686 consequi:
1021 2610 1196 2668 creationem
1216 2609 1294 2674 aius·

213 2705 299 2782 dein,
319 2710 521 2784 actionemque
539 2724 692 2784 supremae
709 2708 919 2785 intelligentiae
938 2723 1003 2766 eam
1025 2723 1041 2766 a
1061 2706 1154 2766 ntbiio
1170 2705 1293 2765 cdueen

212 2805 270 2879 tis3
294 2811 392 2863 iumen
412 2804 485 2864 bace
503 2805 954 2884 animumanimumum
974 2804 1158 2882 impudenter
1178 2811 1291 2880 potest,

213 2901 329 2978 probari
348 2917 420 2961 vero
440 2918 498 2962 nou
521 2909 626 2978 potest.
645 2903 732 2977 Quod
750 2911 828 2964 certe
846 2907 918 2964 satis
935 2907 1120 2981 perspicuum
1138 2903 1194 2962 erit
1214 2903 1289 2962 iuie

214 3001 297 3072 rius,
319 3013 387 3057 cum
413 3001 587 3060 meatiooem
615 3001 746 3060 enibtiu
768 3017 786 3060 a
808 3000 928 3062 neiariis
949 3002 1099 3062 atbaorum
1135 3001 1290 3061 conatibus

214 3096 440 3157 vindicabimus.

274 3195 316 3254 Ea
338 3211 418 3272 vero,
444 3212 519 3273 quac
546 3197 664 3273 subdit,
688 3197 824 3258 absurdis
854 3197 982 3274 undique
1011 3203 1135 3258 scatent.
1154 3197 1231 3264 Nam
1255 3199 1286 3256 iu

215 3297 317 3371 primis
337 3299 493 3356 aeternitas
512 3299 600 3356 eiiam
623 3301 839 3359 communicata
861 3297 910 3374 (ui
926 3298 1089 3358 videbimus
1112 3313 1170 3356 nnn
1196 3298 1291 3357 mutto

155 3467 162 3474 Ι
214 3392 296 3467 posi)
318 3395 457 3454 materiae
477 3401 630 3472 repugnat.
653 3395 748 3455 idoito
775 3398 866 3473 igitar
887 3399 979 3472 magis
1000 3397 1094 3455 eidem
1116 3397 1291 3472 repugnabit

214 3492 371 3550 aeiemitas
385 3493 487 3552 natira
503 3499 533 3551 et
552 3497 681 3570 propria.
703 3493 823 3569 Deinde,
839 3501 947 3570 motus,
963 3500 1064 3570 utpote
1079 3495 1290 3554 successionem

214 3588 368 3648 invoiveos
397 3596 428 3650 ei
456 3606 610 3651 nnmerum
635 3595 785 3670 partiam,
813 3594 877 3656 sine
903 3591 1133 3652 contradictione
1158 3597 1294 3650 aeternas

276 3759 336 3807 itin
359 3757 430 3822 impii
453 3760 521 3810 iilius
542 3761 631 3813 verbs:
652 3781 666 3806 ι
685 3764 754 3813 ceux
774 3761 819 3824 qui
839 3759 975 3811 admeticni
996 3771 1046 3810 une
1066 3771 1140 3810 cause
1160 3757 1298 3808 extarieurc

217 3836 258 3886 «i
280 3837 304 3886 ia
321 3838 431 3901 muttire,
449 3842 561 3891 tombent
575 3842 638 3891 dans
652 3841 717 3890 deux
736 3841 927 3890 inconveniens:
949 3840 1010 3900 l'on,
1024 3839 1056 3889 de
1073 3838 1179 3890 croireb
1194 3837 1219 3888 la
1234 3839 1300 3888 eren·

216 3937 228 3960 α
244 3919 311 3981 tion;
331 3920 430 3981 i'notre,
453 3921 599 3972 d’cdmeitra
620 3921 719 3971 i'sciion
740 3919 799 3970 d'un
820 3921 873 3970 tire
890 3919 1036 3969 immateriei
1058 3932 1121 3982 pour
1143 3915 1297 3968 ia'maiidre.

215 4017 228 4037 α
244 3997 279 4045 La
297 3999 426 4051 mutieres
447 4002 560 4062 toujonrs
578 4000 665 4064 existe,
683 4003 708 4051 ei
726 4000 802 4051 eiies
820 3998 854 4049 dii
871 4013 897 4049 aa
915 3999 1030 4049 montoir
1046 3997 1078 4046 de.
1093 3999 1163 4048 ionic
1183 3997 1297 4058 eterniid,
