2892 4425
551 378 627 421 PARS
650 377 753 421 i’itin
1154 370 1193 424 29
1291 432 1295 449 Ι

113 501 142 555 et
161 494 286 555 aiioetne
307 492 398 552 animi
420 489 630 567 patefacimus,
650 487 848 563 maximopere
864 482 1010 548 meelate
1028 494 1207 576 praestant,

112 592 173 652 Etsi
194 593 272 651 enlm
290 590 438 667 stapirlo,
458 589 602 666 gemitus,
624 588 730 661 noim,
753 600 840 645 sensa
859 587 951 644 animi
968 588 1062 647 nostri
1083 586 1194 665 sigulil·

112 696 197 767 oent3
220 691 342 749 minime
361 696 459 749 temen
479 686 509 745 id
526 684 659 746 eidotant
675 681 777 743 eadem
800 682 951 759 facilitate,
971 686 1208 764 perspicuitate,

110 788 296 848 distinetione
317 802 353 847 ae
372 788 527 861 varietate,
548 798 624 860 quae
640 780 851 841 vocabulorum
869 783 989 857 propria
1008 788 1063 841 est.
1084 782 1193 855 Quam·

110 902 199 962 quam
222 901 281 944 non
302 882 431 943 dillltear
442 884 578 959 pertitam
592 878 749 957 loquelam,
772 880 797 937 si
815 880 968 955 vivasslt,
989 878 1192 940 vehementius

111 998 307 1057 commovere,
321 986 474 1057 propterea
486 977 567 1055 qaod
580 978 819 1055 imaginationem
834 976 961 1036 vividius
975 976 1073 1053 feriat,
1086 984 1117 1037 et
1129 992 1192 1037 rem

113 1079 201 1139 ueluti
222 1084 314 1153 ponet
335 1076 373 1135 ob
396 1077 508 1136 oeulos.
759 1076 762 1079 ’

170 1172 353 1233 Vocabulum
373 1172 489 1233 deliniri
508 1178 624 1249 potest:
649 1185 707 1229 vox
729 1169 883 1229 articulate
902 1170 1017 1245 prolata
1035 1169 1075 1230 ad
1094 1170 1200 1235 ideam.

111 1272 238 1349 aliquam
264 1270 497 1349 significandam.
529 1270 573 1329 Ex
595 1286 655 1346 quo
679 1268 872 1345 intelligitur,
900 1284 956 1345 ope
981 1267 1192 1330 vocabulorum

111 1370 244 1444 proxime
262 1374 292 1429 et
314 1366 479 1429 immediate
499 1371 665 1444 ememtes,
685 1368 716 1427 vl
730 1374 828 1427 autem
842 1373 1039 1443 ooneeptnam
1054 1368 1122 1445 ipso
1139 1365 1200 1431 aba

110 1468 187 1523 teoto
209 1464 380 1542 significari.

170 1570 199 1621 e.
222 1561 270 1622 Ad
290 1563 431 1639 originem
454 1561 598 1621 sermonis
617 1559 697 1636 quod
716 1568 848 1639 spectat,
872 1563 981 1622 nemini
1002 1559 1125 1621 dubiam
1146 1568 1194 1622 est

112 1663 183 1736 quin
198 1700 210 1737 ,
239 1660 294 1719 etsi
318 1660 363 1718 vis
392 1658 529 1734 loquendi
554 1661 684 1734 ingenita
709 1658 795 1719 nobis
818 1662 883 1737 alt,
911 1659 1068 1721 verboram
1092 1666 1203 1721 tamen.

112 1756 315 1817 determinatio
338 1756 377 1817 ab
401 1755 522 1816 arbitrio
545 1759 705 1831 generatim
727 1758 861 1832 pendeat.
886 1758 975 1817 Seras
995 1759 1023 1817 si
1043 1755 1195 1832 quodlibet

111 1854 337 1915 determinatum
363 1853 485 1914 verbum
507 1852 730 1913 determinatam
752 1870 813 1913 rem
831 1860 938 1915 natura
961 1868 1016 1914 saa
1037 1856 1191 1932 innueret3

111 1951 162 2030 qni
183 1951 245 2012 iteri
267 1960 367 2029 posset
385 1958 419 2012 ut
443 1950 566 2012 verbum
586 1952 662 2012 idem
687 1952 766 2029 apud
789 1953 922 2013 diuersas
941 1959 1065 2029 gentes,
1085 1952 1193 2031 quibus

110 2057 188 2111 eerte
205 2050 305 2110 eadem
322 2056 427 2109 natura
443 2052 531 2125 inest,
546 2064 604 2109 non
625 2049 702 2109 idem
719 2052 886 2125 exprimat?
903 2049 948 2109 lie
962 2050 1019 2111 boe
1041 2050 1125 2111 nulla
1147 2055 1201 2125 est

110 2150 325 2224 controversia,
343 2154 374 2207 at
390 2150 523 2225 quaestio
542 2152 574 2206 in
596 2162 631 2206 eo
652 2154 696 2207 est
721 2153 819 2207 atrum
840 2146 992 2207 absolutae
1011 2148 1192 2207 necessitatis

112 2243 201 2304 luerit
219 2251 253 2304 ut
273 2261 370 2304 sermo
384 2246 489 2322 aliquis
503 2247 604 2322 primis
618 2244 788 2304 bominibus
801 2261 820 2304 a
833 2245 895 2304 lieo
913 2249 1191 2322 eommunioaretur,

112 2357 150 2401 an
176 2338 265 2398 homo
290 2340 503 2400 serruoeinandi
528 2347 642 2401 tantum
666 2343 775 2400 virtute
798 2349 920 2400 ornatus
945 2357 1108 2402 sermonem
1130 2345 1205 2418 lpso.

111 2439 251 2512 repererit
274 2437 321 2496 vei
349 2438 451 2496 saitem
474 2440 598 2512 reperire
618 2439 754 2514 potuerit.
780 2437 844 2511 Qua
864 2437 901 2495 de
919 2453 952 2495 re
973 2440 1005 2495 in
1029 2439 1193 2498 contrarias

110 2537 270 2594 sententias
286 2533 454 2610 philosophi
471 2533 685 2593 distrahuntur.
702 2533 843 2592 Nonnulli
856 2535 936 2595 enim
949 2548 1010 2593 nou
1024 2533 1112 2592 modo
1124 2549 1192 2609 pos·

110 2631 297 2709 sibiiitatem,
321 2631 372 2689 sed
390 2630 501 2690 laetum
521 2633 610 2691 etiam
629 2636 760 2707 tuentur,
782 2635 870 2707 atqrm
890 2631 1037 2691 hominem
1058 2645 1194 2691 sermone

110 2729 282 2790 destitutum
295 2731 438 2790 sermonis
454 2736 601 2790 auctorem
616 2729 708 2789 luisse
720 2735 886 2790 autumant.
900 2727 961 2790 Alli
974 2727 1006 2788 id
1021 2730 1192 2806 nentiquam

111 2829 229 2886 evenire
250 2829 379 2902 potuisse
399 2827 600 2906 arbitrentur,
624 2843 692 2888 eum
708 2843 804 2886 sermo
826 2829 891 2886 slne
911 2843 965 2886 usu
984 2826 1205 2903 intelligentiae.

108 2922 260 2984 etionnari
278 2931 423 3003 nequeat,
442 2933 472 2986 ei
491 2926 529 2986 ad
548 2942 635 2986 nsum
650 2926 860 3002 intelligentiae
879 2941 1042 2986 menonem
1056 2941 1192 2986 neeessa-

112 3025 187 3084 riam
209 3039 273 3082 esse
292 3031 406 3100 putent.

167 3121 309 3198 Equidem
329 3124 373 3181 sio
390 3123 545 3182 existimo:
562 3123 600 3182 ad
617 3121 787 3184 obsoletam
798 3121 1028 3201 pmdbilttolem
1046 3120 1126 3197 quod
1146 3127 1190 3182 at·

107 3222 193 3296 tinet,
215 3219 364 3280 bominem
385 3236 437 3297 per
451 3236 483 3279 se
501 3222 629 3296 potuisse
647 3237 683 3280 ex
698 3223 788 3281 insita
801 3223 993 3297 propensione
1008 3225 1038 3281 et
1051 3219 1192 3280 laenitate

108 3317 262 3394 loquendi,
281 3333 370 3394 quam
394 3321 523 3395 eeeepit,
546 3319 772 3380 determinatum
793 3335 912 3380 sensam
932 3317 1053 3379 voetbas
1073 3317 1192 3395 quibus·

106 3415 177 3472 dam
190 3414 331 3490 tribuere,
352 3423 382 3476 et
400 3419 442 3476 sie
456 3423 560 3492 sponte
574 3433 629 3476 sua
651 3415 807 3476 eiiorrnare
820 3432 996 3476 sermonem.
1014 3415 1093 3489 Quid
1112 3417 1193 3474 eninr

63 3545 68 3556 ·
107 3517 299 3586 repugnasset
315 3518 349 3571 ut
362 3512 451 3574 homo
464 3529 526 3573 rem
545 3514 678 3574 sensibus
690 3520 889 3573 ooearrentem
910 3520 983 3574 natu
995 3514 1095 3589 aliquo
1109 3529 1190 3573 eom·

107 3612 285 3666 monstraret
297 3608 374 3686 aliis,
394 3616 481 3686 atque
494 3627 530 3670 ex
549 3614 652 3672 innata
669 3599 854 3687 ri'loquendi
869 3627 974 3670 sonum
989 3610 1112 3690 syllabis
1124 3613 1190 3689 qni·

106 3703 232 3766 busdam
254 3704 424 3767 distinctum
445 3709 589 3784 proferret
610 3716 640 3771 et
660 3710 697 3769 ad
719 3714 978 3791 eommonstratam
998 3726 1060 3769 rem
1080 3710 1191 3788 signill-

106 3802 232 3864 eandem
247 3801 338 3865 libere
355 3803 585 3868 determinaret?
600 3807 752 3885 Exprossis
771 3815 871 3869 autem
888 3808 975 3869 rebus
991 3806 1190 3884 sensibilibus,

106 3899 146 3961 ad
164 3901 348 3964 insensibiles
363 3902 571 3981 significandas
589 3905 736 3983 gradatim
753 3910 906 3984 pervenire
924 3906 1104 3982 impossibiie
1117 3921 1189 3966 sane

105 4011 168 4058 non
186 3999 270 4076 erati
290 4016 357 4063 eum
380 4001 418 4062 ad
439 4001 493 4062 bas
516 4003 721 4079 exprimendas
740 4008 862 4066 nomina
881 4004 1025 4081 quaedem
1045 4019 1082 4064 ax
1104 4001 1190 4064 rebus
