2892 4425
571 360 648 403 rins
669 360 773 403 ruint
1172 350 1211 404 ⁴2

150 503 153 511 ·
195 472 242 531 Ad
262 470 467 547 propositionis
487 474 665 528 structurum
687 468 802 543 plenius
824 466 1001 527 noscendum
1027 468 1211 528 coumdemre

137 576 269 646 oportet,
291 584 376 645 posse
403 570 542 627 terminos
569 583 629 625 non
657 582 717 624 uno
745 572 859 625 tontum
885 566 937 625 secl
960 567 1116 642 multipiici
1140 582 1213 625 roos

136 668 318 727 oooleeeere..
333 665 368 725 ld
393 664 443 724 nbi
465 666 640 740 eontigerit,
663 665 780 722 termini
804 679 863 723 non
888 670 974 723 emnt
997 663 1142 739 simplices
1160 662 1212 721 sed

136 765 290 840 complexi.
317 764 364 821 Sic
391 765 549 838 propositio
574 761 665 820 hoec:
691 764 739 819 vir
761 760 898 839 honestus
920 765 964 820 est
985 764 1064 819 ormi
1088 759 1213 819 adnoto

131 858 258 936 sorlono
275 876 404 933 securus,
423 860 582 935 compleris
601 864 717 919 constet
734 861 877 918 terminis.
897 859 1034 920 Vicissim
1054 858 1213 935 aliquando

137 960 301 1020 subiectum
329 958 374 1017 vel
399 958 572 1017 attributum
596 952 756 1015 desiderari
780 956 914 1032 ridetur,
938 972 1005 1015 curo
1028 963 1127 1038 tomen
1152 972 1213 1015 nou

137 1060 176 1117 sit
195 1057 257 1133 lto,
280 1057 330 1115 sed
353 1058 383 1114 ln
398 1056 486 1115 verbo
509 1055 681 1130 implicitum
700 1056 800 1131 loteot,
814 1071 851 1114 ex
871 1070 930 1130 quo
950 1056 1125 1115 resolutione
1138 1070 1211 1131 qun·

137 1153 206 1213 dom
229 1154 326 1213 evolvi
348 1159 451 1229 potest.
473 1138 614 1227 Exemplo
632 1153 691 1211 sint
710 1151 798 1212 hoec:
818 1150 872 1211 ille
892 1151 975 1228 lenit,
996 1170 1026 1211 es
1044 1154 1147 1225 tristis,
1167 1150 1214 1211 di-

138 1266 208 1323 seo,·
236 1265 311 1325 pune
338 1265 440 1309 revers
467 1252 676 1325 propositiones
700 1256 793 1309 suot:
813 1249 975 1321 ¹hisenlm
1007 1248 1211 1325 aequivalente

138 1346 191 1405 ilie
213 1352 258 1406 ert
278 1346 376 1424 leuem
399 1350 431 1406 lu
450 1364 480 1406 es
502 1350 605 1423 tristis,
625 1364 679 1424 epo
695 1364 759 1409 mm
778 1347 903 1408 decem.
926 1348 1004 1406 lilne
1018 1350 1107 1405 mium
1125 1343 1215 1422 ippu-

138 1450 184 1503 ret
205 1446 338 1521 eopnlurn
365 1445 540 1522 quandoque
565 1462 625 1503 non
647 1462 815 1521 expressam
837 1444 960 1520 honeri,
985 1444 1038 1503 sed
1062 1443 1108 1503 rel
1135 1443 1214 1503 odie·

139 1544 218 1602 etlvo
242 1542 332 1601 verbo
358 1544 404 1602 sel
429 1543 607 1603 substantivi
629 1549 761 1619 tempore
787 1559 845 1603 noo
871 1544 1016 1619 praesenti
1041 1541 1214 1615 implicitum

137 1654 210 1697 esse.
235 1638 283 1698 Sie
305 1642 485 1715 propositio:
508 1639 635 1700 mondus
652 1642 756 1699 existit
765 1684 775 1715 ,
789 1643 828 1698 -in
851 1639 942 1701 uerbo
960 1641 1066 1698 existit
1085 1639 1216 1697 eontinet

138 1735 272 1810 copulem
299 1743 328 1795 et
353 1736 568 1814 proediootum3
595 1739 670 1796 verti
690 1740 769 1797 enlm
792 1744 888 1813 potest
911 1740 943 1797 iu
967 1736 1062 1795 hono:
1086 1733 1216 1794 mundes

139 1837 183 1891 est
200 1836 339 1893 existens.
363 1835 494 1911 Itemque
514 1834 602 1894 hoec:
631 1834 799 1895 Alexander
815 1833 881 1911 suit
900 1836 1060 1895 Persarum
1084 1831 1215 1892 debello·

142 1934 196 2005 lor,
222 1946 341 1990 sensuro
364 1932 506 1991 eiusmodi
528 1932 749 2008 complectitur:
773 1930 945 1993 Alexander
966 1933 1010 1990 est
1032 1932 1059 1988 is
1081 1933 1134 2006 poi
1149 1926 1217 2004 soit

139 2028 298 2087 Persarum
318 2028 501 2106 &honoiem
525 2036 612 2107 elque
631 2031 704 2089 haee
726 2037 771 2089 eet
795 2029 1000 2107 propositionis
1023 2028 1103 2086 illios
1125 2025 1216 2084 ‹liele-

140 2127 215 2185 etico
233 2130 390 2202 expressio.

198 2221 254 2281 Sed
271 2223 308 2283 (le
329 2231 476 2286 structure
498 2228 703 2302 propositionis
719 2228 812 2302 setis,
832 2225 871 2285 nd
891 2227 1004 2303 relique
1026 2240 1196 2304 pergemus.

561 2419 745 2478 Anrrcnnus
764 2420 804 2477 Π.

435 2617 481 2676 De
493 2617 732 2695 propositionum
746 2613 921 2696 partitione.

154 2785 158 2794 ⁴
202 2815 251 2869 to.
273 2809 318 2869 Ad
339 2809 563 2884 propositionem
584 2807 769 2867 conflandum
789 2808 848 2867 (loo
868 2809 982 2884 exquiri
1002 2807 1149 2885 diximus,
1168 2827 1216 2871 co·

136 2907 243 2984 polam
257 2910 394 2966 nimirum
417 2913 446 2966 et
469 2909 626 2980 termmos;
647 2906 697 2966 illo
712 2907 902 2965 odielectieis
917 2905 1025 2964 dicitnr
1037 2903 1140 2981 formo
1154 2923 1218 2981 pro

139 3007 313 3081 positionis,
335 3005 365 3063 lri
388 3008 525 3063 moterlo.
549 3005 656 3064 Verum
682 3005 718 3062 de
744 3005 877 3064 terminis
899 3003 1076 3062 considerari
1100 3006 1219 3078 insuper

139 3109 235 3176 potest
255 3117 313 3177 quo
333 3101 485 3161 latitudine
503 3109 669 3177 sumantur,
690 3107 777 3176 utque
796 3102 874 3159 hone
893 3103 1099 3176 propositionis
1115 3105 1218 3160 exten·

141 3201 252 3260 sionem
271 3199 447 3258 nominabis.
470 3201 593 3260 Ratione
611 3202 709 3274 itaque
725 3198 831 3256 horum
851 3200 961 3257 trium:
983 3198 1108 3275 formae,
1126 3205 1219 3258 mete-

140 3299 212 3371 rius,
231 3301 420 3373 extensionis,
442 3296 557 3357 diverso
579 3298 810 3372 propositionum
830 3312 935 3371 genero
953 3301 1099 3356 oriuntur.

201 3395 239 3453 Et
260 3397 289 3452 io
314 3397 415 3470 primis
438 3395 535 3472 ¹quood
556 3395 700 3470 formum,
722 3397 884 3470 propositio
902 3411 965 3453 esse
983 3401 1078 3469 potest
1099 3401 1151 3454 ent
1175 3392 1220 3470 os-

132 3489 262 3564 firmam
280 3499 330 3549 out
350 3509 472 3569 nepam.
495 3491 605 3568 Copula
618 3495 695 3550 enlm
719 3507 769 3551 seu
785 3493 892 3568 iorme,
905 3491 982 3550 uum
994 3493 1136 3550 terminos
1152 3494 1218 3550 lun·

141 3589 196 3662 git,
221 3589 339 3661 reperiri
360 3595 455 3664 potest
475 3595 526 3650 ont
546 3590 623 3665 solo,
645 3597 696 3649 eut
716 3590 891 3664 porticulum
909 3605 968 3648 oen
986 3589 1146 3663 praefixum
1165 3589 1219 3648 ho-

140 3682 223 3742 bens.
246 3683 276 3742 Si
298 3687 423 3760 primum
442 3689 590 3762 evenerit,
611 3689 770 3762 propositio
792 3689 848 3746 erit
868 3687 1041 3762 oiiirmnns,
1064 3695 1098 3746 ut
1121 3690 1219 3747 vir-oc

143 3785 187 3840 erl
202 3781 362 3857 amabilem
381 3785 425 3842 sin
440 3785 585 3859 alterum,
605 3787 763 3860 propositio
776 3789 831 3844 erit
843 3800 975 3861 negans,
992 3791 1026 3843 ut
1041 3787 1143 3843 ocimo
1160 3801 1220 3845 oon

141 3883 186 3938 est
204 3897 321 3958 eorpus.
345 3881 424 3942 llaec
445 3882 602 3941 affirmatio
626 3883 675 3942 rel
700 3885 817 3960 negotio
839 3884 1045 3958 propositionis
1066 3898 1103 3940 ex
1123 3882 1220 3942 iormo

143 3978 300 4054 resultans,
322 3981 396 4040 solet
417 3979 609 4039 odieleetieis
626 3979 758 4054 qualitas
776 3981 1006 4055 propositionum
1027 3978 1176 4054 appellari.
