2892 4425
240 355 277 407 38
712 354 845 398 LOGlCAB

236 480 270 532 ut
288 473 314 531 si
332 485 402 529 curu
421 468 559 528 Cicerone
576 464 664 523 bomo
679 463 854 522 deliniatur:
876 459 992 521 animal
1007 458 1186 538 procidam,
1205 476 1314 538 muca,

237 566 408 645 multiplea,
424 568 555 638 acutum,
572 578 690 635 mmor,
701 559 826 637 plenum
845 562 970 619 rationis
984 562 1014 617 ct
1026 557 1145 617 consilii
1164 562 1189 617 ¹.

296 666 413 739 Tertia,
432 679 520 738 quam
545 663 708 737 gordicum
728 658 823 733 dices,
845 674 881 715 ea
904 659 975 731 erit,
994 672 1070 731 quae
1088 658 1130 713 rei
1149 655 1317 731 productio·

237 780 302 821 nem
326 780 377 820 seu
398 763 527 836 genesim
549 758 687 832 explicat,
710 763 743 813 ut
766 758 791 813 si
814 754 973 831 cycloidem
995 756 1036 811 ita
1056 752 1190 827 delinias,
1214 759 1248 811 ut
1271 753 1318 811 di·

238 866 322 919 catur
341 874 417 933 csse,
438 873 530 916 curan
541 855 637 933 plana
652 855 757 930 genitu
770 869 790 909 a
799 856 912 929 puncto
925 854 1028 928 mecedo
1041 849 1148 909 circuli
1162 849 1319 909 cuiusdam

239 974 299 1015 acce
312 957 451 1015 uertentis
464 970 554 1030 marc
568 951 671 1011 Mtcm
686 954 809 1009 rectam.

630 1150 814 1223 Definitionis
831 1153 927 1222 Leges.

298 1344 323 1402 Ι.
350 1344 487 1419 deffinitio
508 1340 617 1400 clarior
638 1341 679 1398 ait
698 1338 830 1413 datatto.
854 1338 931 1397 Hinc
951 1354 1019 1397 cum
1037 1338 1174 1399 delinitur
1190 1355 1314 1415 nomen,

237 1432 352 1498 notiora
372 1439 535 1511 vacabula3
560 1452 626 1495 cum
649 1452 718 1494 vero
738 1438 801 1511 ipsa
824 1438 865 1494 rel
888 1442 1066 1510 conceptus,
1086 1438 1214 1505 nodores
1235 1437 1320 1496 ideae

239 1543 308 1596 suut
325 1534 502 1595 atterendae.
522 1536 586 1607 Qua
606 1536 636 1591 ln
661 1550 691 1592 re
714 1549 732 1591 a
752 1536 875 1591 veritate
895 1532 1041 1607 deerrant,
1064 1534 1114 1607 qui
1132 1532 1319 1593 definitiones

240 1634 353 1709 aliquas
368 1632 458 1691 reales
473 1634 591 1691 vitiosas
605 1636 720 1707 putant,
739 1630 818 1705 quod
839 1629 935 1687 verbis
952 1645 970 1686 a
989 1629 1104 1705 vulgari
1117 1636 1204 1704 captu
1223 1646 1318 1690 remo-

239 1732 278 1791 tis
295 1733 506 1812 caprimantnr,
526 1729 610 1801 Quod
628 1729 698 1787 dum
714 1734 827 1802 rentur,
843 1728 889 1785 vel
903 1727 1101 1785 definitionem
1123 1728 1227 1786 realem
1248 1745 1318 1788 cum

240 1828 380 1887 nominali
396 1826 592 1902 confundunt,
609 1826 655 1884 vel
676 1841 736 1885 non
756 1828 887 1901 cogitant
907 1841 926 1883 a
944 1825 1045 1900 vulgo,
1064 1831 1098 1883 ut
1117 1840 1213 1883 rerum
1236 1828 1319 1900 prin·

240 1926 328 2000 cipia,
349 1926 392 1982 ita
413 1930 442 1982 et
462 1940 548 1982 voces
569 1924 695 1999 ignorari
716 1922 823 1998 quibus
845 1922 897 1981 illa
920 1921 1077 1998 significari
1097 1922 1202 1981 solent.

178 2028 184 2041 ¹
245 2019 248 2025 '
300 2020 339 2079 ll.
363 2021 503 2097 Definitio
515 2036 619 2097 genere
627 2022 777 2096 proximo,
798 2023 828 2078 et
845 2016 1017 2095 differentia
1033 2018 1142 2078 ultima
1158 2037 1209 2078 scu
1227 2023 1319 2097 speci-

232 2110 296 2193 J'ica
309 2122 442 2177 comeare
453 2116 547 2176 debet.
565 2118 597 2176 ld
611 2120 688 2178 enirn
701 2118 827 2193 exigitur
845 2117 954 2175 adrem
969 2115 1107 2175 destincte
1125 2133 1143 2175 a
1160 2121 1262 2176 ceteris
1275 2135 1320 2177 se

241 2210 426 2291 cernendam,
438 2222 466 2274 et
480 2215 517 2274 ad
531 2223 614 2274 notas
627 2231 729 2274 omnes
743 2214 922 2273 exhibendas
935 2215 1040 2290 quibus
1054 2231 1100 2274 res
1114 2221 1238 2274 constat.
1252 2216 1318 2276 Nisi

241 2313 317 2369 enlm
333 2315 477 2387 propriam
492 2315 532 2370 rel
545 2312 741 2371 differentiam
756 2311 910 2388 adiungas,
925 2327 971 2370 res
984 2327 1002 2371 a
1016 2314 1129 2386 ceteris,
1141 2313 1318 2387 quibuscum

241 2411 388 2485 convenit,
401 2425 458 2467 non
473 2409 671 2486 distinguitur:
688 2411 733 2468 sln
749 2417 859 2486 autem,
873 2413 1007 2486 proximo
1019 2411 1128 2468 omisso
1141 2425 1256 2486 genere,
1271 2427 1317 2470 re-

239 2494 351 2565 motum
365 2523 480 2583 sumas;
494 2511 591 2583 notio,
611 2523 699 2582 quam
713 2507 852 2583 praebes,
872 2508 971 2582 aliqua
985 2508 1088 2566 obiecti
1105 2513 1175 2566 nota
1195 2507 1318 2570 carebit.

242 2603 325 2674 Quod
343 2606 367 2662 si
391 2603 520 2662 delinitio
541 2619 599 2662 non
620 2603 672 2663 liat
694 2621 745 2678 per
758 2606 902 2678 principia
915 2605 1127 2680 metaphysica,
1151 2607 1321 2666 notionibus

241 2707 354 2759 constet
367 2716 441 2775 quae
454 2702 556 2776 generi
564 2703 703 2775 proximo
719 2705 750 2759 ct
763 2698 952 2775 differentiae
964 2701 1089 2761 ultimae
1103 2687 1318 2778 aequivaleant.

302 2797 355 2855 lll.
378 2797 411 2854 ln
430 2796 597 2872 defiuitione
619 2795 700 2854 nibil
720 2796 881 2871 redundet,
908 2797 988 2856 attat
1008 2783 1200 2858 desideretdr.
1229 2799 1319 2859 Secus

140 2920 143 2926 ·
242 2893 294 2953 ant
313 2897 354 2952 rei
373 2897 453 2954 notio
474 2910 531 2952 non
554 2897 625 2952 satia
646 2895 802 2971 evolvitur,
821 2901 872 2954 aut
892 2911 978 2955 voces
997 2902 1026 2955 et
1045 2897 1126 2956 ideae
1144 2905 1319 2972 promuntur

241 2993 401 3065 ineassum.
423 2991 464 3050 Ut
477 2997 573 3050 autem
591 2991 663 3050 nillil
682 2991 782 3051 deesse
797 2991 963 3069 dignoscas,
982 2993 1134 3070 diiigenter
1149 2995 1265 3053 attende
1280 3011 1319 3053 an

241 3087 371 3147 delinitio
394 3088 458 3146 loco
480 3090 522 3145 rel
541 3087 677 3148 delinitae
697 3089 846 3165 substitui,
864 3107 933 3149 eum
953 3107 1045 3166 eaque
1062 3096 1193 3152 converti
1213 3095 1317 3166 possit.

243 3185 290 3244 Slc
310 3202 357 3244 ex.
380 3201 425 3260 gr.
445 3187 469 3242 si
490 3184 567 3243 bona
589 3193 634 3245 est
653 3185 784 3245 definitio
799 3203 857 3262 qua
872 3188 947 3246 dicis
965 3187 1140 3263 quadratum
1161 3204 1224 3247 esse
1233 3190 1319 3264 figu-

241 3298 307 3341 ram
319 3280 445 3358 planam
459 3285 586 3358 quactum
599 3283 771 3360 acquulibus
787 3283 928 3342 luteribus
943 3284 1188 3360 comprehensam,
1205 3302 1323 3345 necesse

242 3385 286 3438 est
305 3385 338 3437 at
351 3381 478 3438 vicissim
492 3380 587 3439 dicere
606 3383 699 3456 possis
711 3370 844 3457 figuram
857 3381 985 3458 planum
1003 3387 1130 3458 quatuor
1147 3382 1322 3459 acqraeclibuo

244 3474 385 3536 luteribus
404 3477 638 3555 comprehensam
657 3495 719 3538 esse
733 3479 919 3554 quadratum.

302 3574 354 3633 lv.
378 3575 434 3634 Res
452 3575 617 3652 destaimda
634 3575 733 3654 quood
751 3581 923 3652 respectum,
941 3578 997 3636 aab
1015 3596 1073 3655 quo
1089 3577 1241 3654 adficitur,
1269 3577 1322 3636 de·
1407 3571 1410 3576 ’

234 3671 403 3746 finitionem
420 3689 478 3732 aaa
497 3659 692 3749 ingredictur.
715 3673 803 3732 Secus
820 3676 898 3732 enim
917 3675 1045 3735 circulus
1067 3658 1189 3736 uitiosus
1209 3674 1322 3734 induci-

239 3768 302 3851 ]tur,
329 3775 415 3846 atquc
435 3773 567 3846 ignotum
590 3788 641 3846 per
662 3773 795 3848 ignotum
814 3771 1018 3832 declarabitur.

304 3985 315 4030 1
330 3981 367 4029 Dc
381 3978 518 4041 decidam.
532 3981 587 4040 l,c.
601 3984 624 4029 7.
