2892 4425
342 361 419 408 esus
438 361 550 407 naaria
572 377 584 392 ·
603 361 784 407 summurn
806 360 983 406 raruusnis
1137 353 1191 406 est

183 481 252 534 tot.
278 473 322 533 iio
352 474 390 533 de
413 473 601 548 possibilibus
620 471 740 548 quidem
763 471 847 531 antia
877 475 922 530 eat
946 467 1118 532 difficultas.
1155 469 1196 532 Ut

3 607 19 646 ff
120 574 198 631 enim
227 574 258 630 in
288 570 444 648 Ontoiogia
470 570 582 630 domm
601 575 664 645 est,
684 585 721 628 ea
749 569 922 629 intemosait
949 567 1027 629 Deus
1049 576 1195 646 qnaoenus

6 706 26 747 ,ι
122 686 206 729 enam
230 671 386 728 asentinm
399 667 577 743 oonaiderai,
588 682 665 743 qnae
685 665 877 727 mniuiariam
893 669 1075 728 extrinsecus
1095 667 1197 728 reterri

2 805 23 845 „7
123 773 228 842 potent.
249 767 346 841 Quare
375 781 422 824 rea
443 765 595 841 possibiles
624 768 656 825 ri
678 780 750 825 snae
774 771 895 824 naturae
915 763 994 825 Deus
1017 765 1115 843 videt,
1137 781 1197 827 non

11 934 22 946 μ
122 868 205 942 qnasi
224 876 274 924 aas
295 867 325 923 in
341 865 466 940 propriis
482 864 671 940 conceptibus
690 870 722 924 et
739 863 883 924 obieativa
903 864 1028 924 vertute
1047 879 1107 923 non
1128 880 1198 925 eon·

2 994 26 1050 :⁷¹
122 969 257 1038 tueatnr3
277 961 328 1022 aed
350 968 497 1037 maternus
516 961 802 1038 hmoeagnitionam
824 964 989 1038 assequitur
1008 977 1046 1021 aa
1067 967 1197 1022 oontem-
1275 959 1281 970 '

8 1109 18 1142 ·,
123 1061 253 1136 pintima
269 1075 340 1120 suae
362 1066 502 1137 naturae,
519 1075 595 1136 quae
611 1059 658 1120 iuis
677 1058 870 1119 etiormandis
891 1057 1079 1136 oonoeptibus
1097 1073 1199 1137 suppe-

1 1209 18 1246 o
123 1157 200 1218 ditet
221 1156 458 1218 romanensem.

1 1304 14 1346 :¹
184 1255 298 1316 Futura
320 1270 391 1315 sero
415 1255 570 1332 absoluta,
589 1257 616 1315 si
639 1257 770 1332 praecise
788 1255 1009 1316 considerentur
1032 1256 1064 1315 in
1087 1257 1200 1318 ratione

125 1352 229 1431 taturi,
251 1370 270 1413 n
290 1354 351 1414 Deo
370 1355 585 1430 perspiciantur
605 1360 671 1414 turn
688 1356 720 1414 in
733 1354 849 1414 deareto
870 1369 940 1414 suae
953 1353 1125 1430 volontatis,
1140 1370 1200 1433 qno

4 1505 14 1533 τ
43 1493 47 1500 -
125 1450 229 1510 defluit
246 1451 293 1510 rei
309 1453 452 1527 permittit
470 1459 504 1512 ut
521 1453 658 1512 eveniant
675 1451 850 1529 aitquaud03
866 1452 976 1512 tamin
994 1451 1138 1512 obieetive
1152 1467 1200 1512 ao·

126 1549 259 1609 rumdam
279 1552 413 1626 reduto,
434 1565 510 1626 qnae
530 1552 626 1625 ipsum
647 1552 690 1610 rei
707 1551 803 1626 praeit
822 1555 971 1610 arentum.
998 1547 1030 1610 Si
1047 1551 1127 1610 euim
1147 1549 1201 1610 aii·

2 1702 10 1718 ,
125 1645 245 1723 mando
257 1650 409 1722 eveniunt,
422 1647 559 1709 omnibus
576 1655 645 1709 anta
664 1647 790 1708 moeniis
803 1663 905 1708 vuum
921 1647 978 1708 init
995 1663 1030 1708 ea
1044 1647 1201 1726 aiiqnando

124 1743 216 1804 misae
232 1752 385 1807 eventura.
406 1746 442 1806 id
458 1749 550 1825 igitur
568 1762 608 1807 ex
624 1748 795 1806 aeternitate
808 1745 899 1806 mum
920 1747 1097 1824 praesentire
1115 1760 1201 1824 opor·

127 1844 203 1918 tuit3
224 1859 328 1920 quem,
351 1845 494 1922 quidquid
513 1859 616 1906 rerum
638 1851 698 1920 est,
719 1845 810 1904 intere
831 1847 943 1922 nequit.
965 1845 1042 1906 Tum
1062 1846 1150 1905 edam
1170 1848 1202 1904 in
1243 1848 1250 1866 ‘

0 1923 5 2016 s
128 1943 246 2016 propris
265 1942 374 2002 adunit
393 1945 548 2003 existentia
567 1958 587 2024 a
606 1943 667 2003 Deo
688 1945 932 2020 oonspioinntnr;
957 1943 1102 2020 siquidem
1123 1942 1203 2003 Dens

128 2038 300 2100 indivisibili
319 2055 375 2100 sna
393 2043 564 2100 aeternitate
584 2040 722 2100 omnibns
740 2053 878 2116 praesens
894 2046 940 2100 est
957 2046 1119 2116 temporum
1140 2055 1202 2100 sno

128 2138 320 2199 cessionibus.

188 2237 321 2313 lienique
342 2235 379 2294 da
401 2235 509 2309 faturia
528 2235 733 2296 oouditionatis
757 2234 915 2295 meandum
935 2236 1055 2294 omnino
1073 2234 1202 2310 ridetur,
1285 2224 1292 2245 '

127 2349 164 2393 ee
183 2336 214 2392 in
242 2335 307 2409 ipsa
331 2331 523 2392 determinata
539 2335 675 2416 veritate,
690 2348 781 2409 quam
806 2331 933 2406 haunt,
953 2336 1129 2410 internosci,
1152 2348 1204 2393 een

128 2431 161 2490 in
181 2432 246 2506 ipen
263 2428 454 2508 hypothetica
476 2430 716 2491 determinatione
740 2430 900 2491 voluntatis
922 2438 1038 2491 eratne
1061 2430 1108 2491 rei
1137 2446 1203 2507 poa·

130 2526 244 2603 sibilis,
266 2533 353 2603 prout
379 2526 451 2602 quid
476 2526 591 2587 factura
621 2528 663 2587 sit
686 2528 910 2605 oonaideretnr‚
934 2532 960 2589 si
984 2526 1056 2588 haee
1082 2528 1127 2589 vei
1152 2526 1206 2587 iiia

64 2674 68 2679 .
128 2625 259 2687 nonditio
273 2632 327 2686 aut
341 2628 457 2685 oemio
476 2625 642 2687 haberetur.
662 2626 809 2703 Etenim,
830 2630 884 2687 etsi
905 2642 1066 2703 numquam
1081 2626 1215 2688 fortasse·

131 2722 231 2784 intare
244 2727 317 2801 sint,
330 2731 431 2783 tamen
444 2724 666 2786 determinatam
680 2727 834 2787 teutatem
853 2725 946 2803 iogiee
966 2723 1086 2786 habeut.
1102 2725 1205 2786 Omnis

131 2822 210 2879 enim
232 2822 402 2881 enunoiatio
424 2828 477 2881 aut
493 2836 565 2881 vera
587 2822 755 2891 resedebat
780 2829 833 2882 aut
847 2822 941 2897 iaiss3
961 2822 1104 2899 siquidem
1121 2822 1205 2903 qnid·

129 2919 204 2995 quid
216 2934 320 2979 rerum
338 2935 398 2979 non
412 2925 469 2996 est,
485 2919 517 2979 id
535 2920 643 2982 Meam
660 2923 701 2982 sit
719 2935 838 2981 nentem
857 2927 920 2997 est;
938 2920 1017 2999 quod
1031 2928 1129 2981 autem
1149 2920 1205 2981 fui·

130 3032 198 3076 aum
217 3024 273 3093 est,
292 3018 552 3079 contadietorinm
572 3020 634 3079 eius
651 3021 708 3078 erit
726 3034 839 3079 vorum.
860 3020 957 3093 Quare
974 3020 1005 3077 in
1024 3018 1071 3080 inis
1090 3018 1205 3079 duobus

81 3191 91 3203 ¹
133 3116 328 3189 pronuntiatis
339 3134 347 3175 ε
360 3100 472 3177 'Perses
483 3119 518 3176 s'o
537 3115 586 3177 dis
599 3120 654 3177 ortt
667 3115 715 3177 dtr
733 3120 965 3178 rirooouiositts
979 3116 1139 3195 mandit:
1152 3118 1208 3177 Pe·

135 3210 198 3267 trus
211 3213 245 3269 ia
258 3210 305 3270 dis
321 3217 377 3273 out
389 3212 436 3273 dis
448 3215 680 3275 dominante
692 3230 752 3275 sos
763 3214 912 3291 pereutit·
926 3215 1129 3277 disiunctionis
1144 3216 1208 3275 eius

67 3336 72 3343 ·
132 3312 249 3381 oportet
266 3316 379 3382 partem
397 3312 569 3371 aiterntoam
589 3328 654 3372 eaaa
673 3329 785 3373 veram
813 3314 901 3374 ilaue
922 3316 1012 3391 igttnr
1032 3316 1209 3375 internoscat

133 3403 228 3479 Densa
245 3409 275 3462 et
289 3405 406 3478 quidem
420 3409 452 3465 in
471 3424 507 3468 ea
524 3424 627 3486 musa,
641 3426 678 3471 ex
690 3426 751 3487 qua
764 3411 844 3487 qnod
862 3427 932 3471 vera
951 3414 991 3471 sit
1003 3411 1206 3488 proficiscitur.

134 3500 226 3579 Atqui
244 3516 305 3560 nou
324 3502 442 3563 aiiunda
462 3521 532 3591 aera
545 3512 601 3583 est,
619 3509 677 3567 nist
697 3522 736 3567 ex
755 3508 863 3567 adnati
877 3509 928 3568 sed
948 3508 1139 3588 hypothetica
1159 3509 1208 3569 da·

133 3600 341 3659 terminatione
360 3598 520 3661 adeamus
538 3610 669 3678 amatae,
684 3619 771 3679 quae,
786 3607 811 3663 si
831 3620 866 3664 ea
888 3605 1018 3665 conditio
1043 3613 1209 3683 poneretur,

134 3694 173 3755 ad
196 3710 287 3755 unam
301 3711 371 3773 praa
390 3696 449 3756 aiia
468 3699 594 3773 optionis
616 3706 728 3775 partem
750 3718 782 3761 se
805 3701 894 3763 iibere
912 3703 1054 3765 iieateret.
1078 3706 1155 3781 Ergo
1178 3708 1208 3763 in

134 3793 192 3853 hae
217 3792 405 3870 hypothetica
423 3794 665 3858 determinatione
683 3805 845 3878 creaturae,
867 3816 917 3863 oen
935 3806 967 3863 in
986 3807 1050 3881 ipae
1067 3802 1210 3883 opieetiva

133 3899 164 3953 et
184 3892 376 3953 determinate
399 3898 521 3955 veritate
544 3904 681 3957 eventum
706 3898 788 3958 iiium
814 3898 869 3959 aab
890 3899 1055 3967 eonditione
1076 3898 1207 3959 futurum

135 3989 213 4051 Deus
232 3996 397 4051 oontuetur.
1019 4020 1025 4029 ·
