2892 4425
426 369 505 415 raas
524 367 644 413 eamn
664 384 677 401 ·
698 368 916 415 mrononoau
1151 364 1206 421 tit
1259 402 1266 413 ,

28 534 34 544 .
131 477 431 555 menumquam
444 478 536 555 aiiqni
559 485 710 555 tamquam
731 481 895 539 maximum
917 480 1067 540 inventum
1086 462 1209 543 recentis

132 576 345 653 Peycboiogim
362 574 527 653 dilaudant3
539 577 619 637 sicut
633 579 778 637 introitum
798 577 893 654 Enbs,
908 578 959 653 qui
978 577 1038 637 aiia
1061 576 1209 639 chimaera

131 678 189 749 est,
211 679 245 733 ut
266 676 429 735 maximum
453 674 608 735 inventum
630 673 805 751 Ontuiogiae
830 674 1012 751 praedicant.

652 882 690 937 ii.

331 1075 374 1125 Dc
391 1072 428 1126 tie
445 1085 521 1141 quoe
538 1069 582 1126 od
596 1071 837 1142 imperationem
852 1070 1011 1141 pertinent.

194 1265 247 1317 ot.
269 1258 491 1336 imaginationis
510 1272 653 1334 organum
680 1256 798 1317 cerebro
824 1260 967 1319 contineri
988 1259 1125 1336 videtur,
1148 1274 1211 1337 quo

134 1355 257 1433 proinde
275 1355 366 1432 iaceo,
380 1358 445 1432 ipse
463 1357 552 1443 mam
572 1356 773 1432 perturbatur.
789 1356 974 1433 Quamquam
991 1374 1050 1417 uon
1066 1360 1211 1418 immerito

132 1452 194 1512 diei
211 1458 310 1527 posset
328 1470 365 1513 ex
384 1460 447 1513 tuto
460 1460 619 1531 systemate
638 1470 746 1513 nervon
766 1454 865 1531 aitqua
885 1456 998 1515 ratione
1017 1455 1154 1533 pendere;
1169 1458 1209 1517 si·

131 1548 251 1627 quidem
270 1552 347 1609 inter
364 1557 475 1610 ceteras
494 1566 617 1627 musas,
637 1551 715 1611 uude
735 1552 951 1629 imaginationis
972 1554 1127 1614 venemur
1147 1556 1209 1615 cxi·

133 1652 217 1707 emat
236 1644 346 1723 (quates
364 1653 435 1708 snut
452 1654 545 1721 rems,
574 1664 676 1725 sexus,
696 1651 848 1725 temperies
868 1652 1007 1729 eorporis)
1026 1654 1210 1727 podssimum

133 1746 244 1804 eminet
261 1760 419 1806 nervorum
428 1745 565 1807 debilitas
584 1752 673 1823 atque
686 1749 842 1823 spirituum
863 1747 929 1821 iiius
942 1752 1154 1825 permeantium
1173 1752 1211 1810 ir·

134 1840 300 1902 ritabiiitae.
388 1875 393 1883 -

193 1938 242 1999 Ad
268 1939 414 2001 obiectum
438 1942 654 2019 imaginationis
679 1942 759 2019 quod
788 1940 931 2019 pertinet,
959 1944 1035 2004 iniso
1057 1944 1212 2005 uaoereurr

133 2038 311 2114 phantasma
329 2040 446 2099 nonnisi
466 2038 503 2098 da
522 2040 572 2116 iis,
585 2055 662 2115 qnae
679 2042 745 2100 aisa
760 2042 964 2117 attinguntur,
979 2039 1100 2101 formari
1114 2050 1232 2117 posses
1333 2094 1338 2103 .

135 2133 292 2195 bianiimte
309 2137 389 2196 euim
408 2151 470 2196 non
495 2135 584 2196 modo
604 2138 687 2197 visus
707 2136 759 2197 sed
784 2140 873 2197 etiam
893 2142 1056 2197 ceterorum
1075 2153 1214 2198 munuum

135 2233 249 2295 obiecta
268 2236 476 2312 imaginamur.
497 2234 690 2311 Perspicuum
718 2235 750 2295 id
774 2240 818 2295 est
837 2250 874 2294 aa
899 2236 1031 2311 somniis3
1055 2236 1086 2294 iu
1106 2233 1214 2312 quibus

137 2347 197 2391 nou
219 2331 306 2391 modo
327 2332 509 2393 obiectorum
530 2331 792 2409 cooperantium,
815 2347 918 2392 verum
942 2333 1029 2392 etiam
1054 2347 1212 2408 sonorum,

135 2443 293 2504 saporum,
313 2429 454 2506 odorum,
476 2429 603 2506 doloris,
624 2429 805 2505 voiuptatis,
825 2434 913 2505 atque
926 2427 1051 2488 aiinrum
1071 2429 1102 2487 id
1123 2445 1214 2505 ganas
1250 2493 1252 2502 ,
1284 2428 1289 2438 ’

135 2526 343 2603 pbaumsm
359 2529 536 2588 excitantur.
550 2527 639 2588 Velut
651 2542 720 2587 cunr
743 2528 810 2602 quis
830 2528 967 2585 convivio
985 2526 1112 2585 assidere
1128 2531 1220 2602 atque

135 2623 231 2699 epuiis
252 2625 404 2701 exquisitis
422 2624 523 2701 retici,
545 2630 598 2686 aut
617 2626 649 2683 in
670 2624 811 2684 viridario
829 2623 1050 2700 perambulare,
1065 2621 1212 2684 bononien

135 2727 182 2781 tas
199 2721 288 2781 dores
307 2721 448 2799 olfacere,
475 2727 527 2783 aut
556 2721 725 2796 rumerari,
753 2727 804 2781 aut
828 2721 909 2780 humi
931 2721 1139 2798 procumbere,
1159 2719 1216 2780 sibi

25 2793 36 2818 ⁹
135 2819 310 2879 somniando
323 2820 449 2879 videtur.
463 2819 559 2878 Immo
570 2835 663 2896 aeque
676 2819 715 2881 ad
730 2821 874 2880 insomnia
895 2817 1047 2896 perfugere
1059 2833 1134 2894 opus
1151 2823 1214 2897 est,

136 2923 171 2976 ut
190 2918 343 2976 veritatem
363 2918 442 2978 bane
460 2923 616 2994 testemnr3
633 2934 669 2978 oa
682 2919 761 2978 enim
779 2933 816 2976 ex
834 2919 899 2992 ipsa
913 2917 1014 2994 vigilia
1032 2917 1104 2976 satis
1118 2931 1216 2992 super

136 3029 195 3090 qne
221 3013 374 3074 diiudicari
394 3021 500 3090 potest.
520 3015 558 3074 Et
575 3030 647 3076 saue
667 3031 764 3074 nonne
785 3021 888 3074 cautor
910 3017 941 3074 in
962 3030 1016 3076 sna
1038 3021 1101 3074 arte
1127 3013 1217 3090 probo

137 3115 272 3170 emeatus
298 3113 411 3171 musica
437 3114 523 3188 signa
550 3114 660 3172 iutuitu
691 3111 848 3171 dumtaxat
875 3111 1026 3172 oculorum
1047 3110 1216 3186 lustrando,

138 3205 302 3267 cautilenae
321 3210 478 3269 ranetates
496 3224 600 3268 omncs
620 3207 677 3268 sibi
696 3209 909 3286 imaginatione
926 3207 1046 3269 simniai
1060 3209 1095 3266 ¹?
1114 3206 1218 3266 Nonne

137 3306 270 3362 vestrum
292 3306 417 3381 quisque
430 3321 528 3366 rosam
542 3304 779 3365 animadvertens
799 3322 887 3382 quam
913 3306 986 3365 aiias
1005 3304 1120 3381 niiocii,
1134 3306 1218 3365 ouius

136 3399 237 3462 odoris
255 3399 309 3460 iiia
327 3403 368 3462 sit
388 3401 467 3462 iiiiou
487 3402 543 3462 sibi
570 3404 790 3480 repraesentati
804 3402 884 3462 idem
905 3402 1020 3462 dicatur
1044 3403 1081 3464 de
1099 3402 1218 3480 reliquis

195 3602 337 3665 tdognitio
358 3604 455 3666 omnis,
474 3616 506 3654 ec
523 3602 628 3668 proinde
647 3603 702 3667 ipse
718 3604 828 3654 uusado
844 3604 919 3667 (quae
936 3605 1003 3654 certe
1018 3603 1127 3668 cognitio
1147 3615 1219 3668 quea

135 3679 196 3732 m
205 3681 442 3746 estipotcetobiecti
451 3685 534 3748 immo
547 3685 716 3749 metaphorice
726 3682 859 3746 nominari,
874 3685 1004 3748 propterea
1017 3683 1219 3748 qundobiectun

134 3763 279 3824 paeonum
294 3775 342 3813 suo
361 3762 438 3814 ruodo
452 3765 627 3827 repreeseutet.
650 3763 834 3827 inioognitiona
846 3763 912 3814 anim
931 3763 983 3814 duo
1001 3765 1125 3828 respectis
1143 3763 1220 3814 cousi·

8 3894 11 3900 ,
134 3840 219 3893 dauri
237 3847 351 3908 possum:
374 3844 439 3896 aiter
453 3844 486 3896 ed
501 3844 651 3907 subiectum,
663 3857 679 3894 e
691 3857 743 3908 quo
756 3843 863 3907 diuitum
878 3844 940 3895 aiter
953 3844 986 3894 ad
1004 3843 1138 3904 obiectum,
1150 3841 1218 3907 qnod

134 3921 219 3972 refert
234 3923 341 3974 Ratione
351 3922 425 3988 primi
438 3927 574 3989 respectus,
584 3925 649 3975 ectio
659 3924 784 3988 quaedem
799 3924 884 3976 vitatis
896 3925 943 3989 ost3
959 3924 1053 3976 ratione
1063 3921 1174 3986 secundi,
1183 3923 1220 3972 eet

140 4003 409 4068 expressionum
428 4005 545 4068 reiquae
562 4004 706 4069 percipitur.
