<?xml version="1.0" encoding="UTF-8"?>
<!DOCTYPE html PUBLIC "-//W3C//DTD XHTML 1.0 Transitional//EN"
    "http://www.w3.org/TR/xhtml1/DTD/xhtml1-transitional.dtd">
<html xmlns="http://www.w3.org/1999/xhtml" xml:lang="en" lang="en">
 <head>
  <title>
</title>
<meta http-equiv="Content-Type" content="text/html;charset=utf-8" />
  <meta name='ocr-system' content='tesseract 3.04.00' />
  <meta name='ocr-capabilities' content='ocr_page ocr_carea ocr_par ocr_line ocrx_word'/>
</head>
<body>
  <div class='ocr_page' id='page_1' title='image "./institutionesph01libegoog_0641.png"; bbox 0 0 2892 4425; ppageno 0'>
   <div class='ocr_carea' id='block_1_1' title="bbox 372 378 1238 435">
    <p class='ocr_par' dir='ltr' id='par_1_1' title="bbox 372 378 1238 435">
     <span class='ocr_line' id='line_1_1' title="bbox 372 378 1238 435; baseline -0.005 -1"><span class='ocrx_word' id='word_1_1' title='bbox 372 390 451 435; x_wconf 80' lang='lat' dir='ltr'>rins</span> <span class='ocrx_word' id='word_1_2' title='bbox 470 389 585 434; x_wconf 76' lang='lat' dir='ltr'>rursu</span> <span class='ocrx_word' id='word_1_3' title='bbox 604 405 616 420; x_wconf 94' lang='lat'><strong>·</strong></span> <span class='ocrx_word' id='word_1_4' title='bbox 636 389 821 434; x_wconf 81' lang='lat' dir='ltr'>rusunoou</span> <span class='ocrx_word' id='word_1_5' title='bbox 843 387 1021 432; x_wconf 77' lang='lat' dir='ltr'>utronno</span> <span class='ocrx_word' id='word_1_6' title='bbox 1181 378 1238 432; x_wconf 80' lang='lat' dir='ltr'>itt</span> 
     </span>
    </p>
   </div>
   <div class='ocr_carea' id='block_1_2' title="bbox 158 495 1240 1356">
    <p class='ocr_par' dir='ltr' id='par_1_2' title="bbox 158 495 1240 1356">
     <span class='ocr_line' id='line_1_2' title="bbox 159 495 1240 576; baseline -0.005 -16"><span class='ocrx_word' id='word_1_7' title='bbox 159 508 216 574; x_wconf 85' lang='lat' dir='ltr'>est,</span> <span class='ocrx_word' id='word_1_8' title='bbox 236 507 267 559; x_wconf 91' lang='lat' dir='ltr'>et</span> <span class='ocrx_word' id='word_1_9' title='bbox 279 500 330 559; x_wconf 86' lang='lat' dir='ltr'>liei</span> <span class='ocrx_word' id='word_1_10' title='bbox 349 501 493 576; x_wconf 75' lang='lat' dir='ltr'>supientia</span> <span class='ocrx_word' id='word_1_11' title='bbox 507 504 538 558; x_wconf 89' lang='lat' dir='ltr'>et</span> <span class='ocrx_word' id='word_1_12' title='bbox 555 498 672 558; x_wconf 81' lang='lat' dir='ltr'>bonitus</span> <span class='ocrx_word' id='word_1_13' title='bbox 686 496 849 574; x_wconf 75' lang='lat' dir='ltr'>odorando,</span> <span class='ocrx_word' id='word_1_14' title='bbox 861 511 937 574; x_wconf 83' lang='lat' dir='ltr'>quoe</span> <span class='ocrx_word' id='word_1_15' title='bbox 954 497 1141 558; x_wconf 79' lang='lat' dir='ltr'>senoumtmu</span> <span class='ocrx_word' id='word_1_16' title='bbox 1153 495 1240 572; x_wconf 83' lang='lat' dir='ltr'>piune</span> 
     </span>
     <span class='ocr_line' id='line_1_3' title="bbox 159 592 1238 672; baseline -0.004 -16"><span class='ocrx_word' id='word_1_17' title='bbox 159 604 273 658; x_wconf 84' lang='lat' dir='ltr'>estetu</span> <span class='ocrx_word' id='word_1_18' title='bbox 291 598 338 657; x_wconf 89' lang='lat' dir='ltr'>sui</span> <span class='ocrx_word' id='word_1_19' title='bbox 354 601 461 656; x_wconf 79' lang='lat' dir='ltr'>notura</span> <span class='ocrx_word' id='word_1_20' title='bbox 474 611 533 655; x_wconf 92' lang='lat' dir='ltr'>non</span> <span class='ocrx_word' id='word_1_21' title='bbox 556 594 666 655; x_wconf 86' lang='lat' dir='ltr'>deiioit.</span> <span class='ocrx_word' id='word_1_22' title='bbox 688 593 812 668; x_wconf 83' lang='lat' dir='ltr'>Quodsi</span> <span class='ocrx_word' id='word_1_23' title='bbox 834 595 902 670; x_wconf 90' lang='lat' dir='ltr'>quis</span> <span class='ocrx_word' id='word_1_24' title='bbox 924 592 1135 670; x_wconf 88' lang='lat' dir='ltr'>impudentius,</span> <span class='ocrx_word' id='word_1_25' title='bbox 1149 609 1238 672; x_wconf 84' lang='lat' dir='ltr'>quum</span> 
     </span>
     <span class='ocr_line' id='line_1_4' title="bbox 159 691 1238 770; baseline -0.002 -18"><span class='ocrx_word' id='word_1_26' title='bbox 159 695 228 754; x_wconf 85' lang='lat' dir='ltr'>terri</span> <span class='ocrx_word' id='word_1_27' title='bbox 248 697 363 770; x_wconf 90' lang='lat' dir='ltr'>possit,</span> <span class='ocrx_word' id='word_1_28' title='bbox 386 693 505 752; x_wconf 79' lang='lat' dir='ltr'>divinoe</span> <span class='ocrx_word' id='word_1_29' title='bbox 520 691 721 768; x_wconf 81' lang='lat' dir='ltr'>providentius</span> <span class='ocrx_word' id='word_1_30' title='bbox 741 705 846 751; x_wconf 78' lang='lat' dir='ltr'>moses</span> <span class='ocrx_word' id='word_1_31' title='bbox 866 706 968 750; x_wconf 84' lang='lat' dir='ltr'>omnes</span> <span class='ocrx_word' id='word_1_32' title='bbox 991 693 1115 751; x_wconf 74' lang='lat' dir='ltr'>serutari</span> <span class='ocrx_word' id='word_1_33' title='bbox 1140 692 1238 766; x_wconf 74' lang='lat' dir='ltr'>veiint,</span> 
     </span>
     <span class='ocr_line' id='line_1_5' title="bbox 159 789 1237 868; baseline -0.004 -14"><span class='ocrx_word' id='word_1_34' title='bbox 159 795 344 854; x_wconf 85' lang='lat' dir='ltr'>isstuiiitioe</span> <span class='ocrx_word' id='word_1_35' title='bbox 360 799 462 852; x_wconf 83' lang='lat' dir='ltr'>notum</span> <span class='ocrx_word' id='word_1_36' title='bbox 481 795 654 868; x_wconf 69' lang='lat' dir='ltr'>incurreret,</span> <span class='ocrx_word' id='word_1_37' title='bbox 669 798 757 868; x_wconf 83' lang='lat' dir='ltr'>utque</span> <span class='ocrx_word' id='word_1_38' title='bbox 775 789 848 850; x_wconf 86' lang='lat' dir='ltr'>iliud</span> <span class='ocrx_word' id='word_1_39' title='bbox 867 789 1001 866; x_wconf 78' lang='lat' dir='ltr'>Apostoli</span> <span class='ocrx_word' id='word_1_40' title='bbox 1020 792 1084 850; x_wconf 88' lang='lat' dir='ltr'>iuro</span> <span class='ocrx_word' id='word_1_41' title='bbox 1106 791 1237 852; x_wconf 79' lang='lat' dir='ltr'>audiret:</span> 
     </span>
     <span class='ocr_line' id='line_1_6' title="bbox 160 887 1238 968; baseline -0.006 -16"><span class='ocrx_word' id='word_1_42' title='bbox 160 891 297 966; x_wconf 83' lang='lat' dir='ltr'>Ohomo,</span> <span class='ocrx_word' id='word_1_43' title='bbox 315 893 349 950; x_wconf 83' lang='lat' dir='ltr'>tu</span> <span class='ocrx_word' id='word_1_44' title='bbox 367 893 435 968; x_wconf 80' lang='lat' dir='ltr'>quis</span> <span class='ocrx_word' id='word_1_45' title='bbox 454 908 484 950; x_wconf 81' lang='lat' dir='ltr'>es</span> <span class='ocrx_word' id='word_1_46' title='bbox 504 892 557 968; x_wconf 80' lang='lat' dir='ltr'>qui</span> <span class='ocrx_word' id='word_1_47' title='bbox 573 888 692 949; x_wconf 77' lang='lat' dir='ltr'>iudicor</span> <span class='ocrx_word' id='word_1_48' title='bbox 712 889 831 949; x_wconf 80' lang='lat' dir='ltr'>Deum?</span> <span class='ocrx_word' id='word_1_49' title='bbox 846 887 995 964; x_wconf 85' lang='lat' dir='ltr'>Numquid</span> <span class='ocrx_word' id='word_1_50' title='bbox 1016 887 1145 948; x_wconf 87' lang='lat' dir='ltr'>oonsiiiis</span> <span class='ocrx_word' id='word_1_51' title='bbox 1163 887 1238 948; x_wconf 84' lang='lat' dir='ltr'>diri·</span> 
     </span>
     <span class='ocr_line' id='line_1_7' title="bbox 158 986 1238 1065; baseline -0.005 -16"><span class='ocrx_word' id='word_1_52' title='bbox 158 993 206 1049; x_wconf 91' lang='lat' dir='ltr'>nis</span> <span class='ocrx_word' id='word_1_53' title='bbox 224 988 426 1065; x_wconf 68' lang='lat' dir='ltr'>interfuimus,</span> <span class='ocrx_word' id='word_1_54' title='bbox 440 996 474 1049; x_wconf 93' lang='lat' dir='ltr'>ut</span> <span class='ocrx_word' id='word_1_55' title='bbox 492 1003 593 1049; x_wconf 87' lang='lat' dir='ltr'>eorum</span> <span class='ocrx_word' id='word_1_56' title='bbox 608 1003 716 1047; x_wconf 79' lang='lat' dir='ltr'>umsnu</span> <span class='ocrx_word' id='word_1_57' title='bbox 736 987 899 1062; x_wconf 82' lang='lat' dir='ltr'>puteiuoere</span> <span class='ocrx_word' id='word_1_58' title='bbox 919 1001 954 1044; x_wconf 83' lang='lat' dir='ltr'>so</span> <span class='ocrx_word' id='word_1_59' title='bbox 974 986 1030 1046; x_wconf 87' lang='lat' dir='ltr'>sub</span> <span class='ocrx_word' id='word_1_60' title='bbox 1049 986 1152 1045; x_wconf 86' lang='lat' dir='ltr'>divum</span> <span class='ocrx_word' id='word_1_61' title='bbox 1173 1001 1238 1062; x_wconf 94' lang='lat' dir='ltr'>pro-</span> 
     </span>
     <span class='ocr_line' id='line_1_8' title="bbox 159 1083 1240 1170; baseline -0.002 -26"><span class='ocrx_word' id='word_1_62' title='bbox 159 1085 235 1146; x_wconf 88' lang='lat' dir='ltr'>ierre</span> <span class='ocrx_word' id='word_1_63' title='bbox 258 1086 429 1146; x_wconf 83' lang='lat' dir='ltr'>ruieumosi</span> <span class='ocrx_word' id='word_1_64' title='bbox 448 1084 526 1170; x_wconf 79' lang='lat' dir='ltr'>¹Sotis</span> <span class='ocrx_word' id='word_1_65' title='bbox 546 1093 590 1146; x_wconf 81' lang='lat' dir='ltr'>est</span> <span class='ocrx_word' id='word_1_66' title='bbox 612 1087 688 1144; x_wconf 87' lang='lat' dir='ltr'>soirs</span> <span class='ocrx_word' id='word_1_67' title='bbox 707 1085 781 1144; x_wconf 91' lang='lat' dir='ltr'>nihii</span> <span class='ocrx_word' id='word_1_68' title='bbox 800 1100 820 1143; x_wconf 89' lang='lat' dir='ltr'>u</span> <span class='ocrx_word' id='word_1_69' title='bbox 839 1083 899 1144; x_wconf 85' lang='lat' dir='ltr'>Deo</span> <span class='ocrx_word' id='word_1_70' title='bbox 918 1083 982 1142; x_wconf 86' lang='lat' dir='ltr'>iisri</span> <span class='ocrx_word' id='word_1_71' title='bbox 996 1083 1075 1161; x_wconf 88' lang='lat' dir='ltr'>quod</span> <span class='ocrx_word' id='word_1_72' title='bbox 1096 1098 1154 1142; x_wconf 91' lang='lat' dir='ltr'>non</span> <span class='ocrx_word' id='word_1_73' title='bbox 1174 1099 1240 1143; x_wconf 87' lang='lat' dir='ltr'>sun-</span> 
     </span>
     <span class='ocr_line' id='line_1_9' title="bbox 158 1181 1238 1260; baseline -0.002 -17"><span class='ocrx_word' id='word_1_74' title='bbox 158 1185 260 1243; x_wconf 85' lang='lat' dir='ltr'>otituto</span> <span class='ocrx_word' id='word_1_75' title='bbox 279 1189 311 1242; x_wconf 91' lang='lat' dir='ltr'>ot</span> <span class='ocrx_word' id='word_1_76' title='bbox 333 1184 479 1258; x_wconf 72' lang='lat' dir='ltr'>nequitate</span> <span class='ocrx_word' id='word_1_77' title='bbox 500 1185 539 1242; x_wconf 90' lang='lat' dir='ltr'>sit</span> <span class='ocrx_word' id='word_1_78' title='bbox 560 1183 692 1260; x_wconf 84' lang='lat' dir='ltr'>pienum,</span> <span class='ocrx_word' id='word_1_79' title='bbox 716 1197 771 1241; x_wconf 87' lang='lat' dir='ltr'>neo</span> <span class='ocrx_word' id='word_1_80' title='bbox 797 1182 924 1240; x_wconf 89' lang='lat' dir='ltr'>hominis</span> <span class='ocrx_word' id='word_1_81' title='bbox 942 1181 1089 1240; x_wconf 82' lang='lat' dir='ltr'>tuntiiium</span> <span class='ocrx_word' id='word_1_82' title='bbox 1112 1186 1238 1242; x_wconf 88' lang='lat' dir='ltr'>mentem</span> 
     </span>
     <span class='ocr_line' id='line_1_10' title="bbox 158 1278 1156 1356; baseline 0 -18"><span class='ocrx_word' id='word_1_83' title='bbox 158 1279 352 1355; x_wconf 84' lang='lat' dir='ltr'>protunditsti</span> <span class='ocrx_word' id='word_1_84' title='bbox 372 1279 547 1340; x_wconf 76' lang='lat' dir='ltr'>iudiciorum</span> <span class='ocrx_word' id='word_1_85' title='bbox 568 1286 753 1340; x_wconf 75' lang='lat' dir='ltr'>aeternorum</span> <span class='ocrx_word' id='word_1_86' title='bbox 774 1278 949 1340; x_wconf 84' lang='lat' dir='ltr'>sorutnndus</span> <span class='ocrx_word' id='word_1_87' title='bbox 966 1295 1029 1339; x_wconf 86' lang='lat' dir='ltr'>esse</span> <span class='ocrx_word' id='word_1_88' title='bbox 1046 1294 1156 1356; x_wconf 86' lang='lat' dir='ltr'>purum.</span> 
     </span>
    </p>
   </div>
   <div class='ocr_carea' id='block_1_3' title="bbox 615 1478 780 1537">
    <p class='ocr_par' dir='ltr' id='par_1_3' title="bbox 615 1478 780 1537">
     <span class='ocr_line' id='line_1_11' title="bbox 615 1478 780 1537; baseline -0.006 0"><span class='ocrx_word' id='word_1_89' title='bbox 615 1478 780 1537; x_wconf 76' lang='lat' dir='ltr'>Conclusio.</span> 
     </span>
    </p>
   </div>
   <div class='ocr_carea' id='block_1_4' title="bbox 157 1667 1349 2232">
    <p class='ocr_par' dir='ltr' id='par_1_4' title="bbox 157 1667 1349 2232">
     <span class='ocr_line' id='line_1_12' title="bbox 219 1667 1349 1750; baseline 0.001 -21"><span class='ocrx_word' id='word_1_90' title='bbox 219 1669 300 1729; x_wconf 76' lang='lat' dir='ltr'>lineo</span> <span class='ocrx_word' id='word_1_91' title='bbox 319 1667 411 1729; x_wconf 83' lang='lat' dir='ltr'>irohui</span> <span class='ocrx_word' id='word_1_92' title='bbox 431 1667 468 1729; x_wconf 87' lang='lat' dir='ltr'>(ie</span> <span class='ocrx_word' id='word_1_93' title='bbox 490 1668 688 1748; x_wconf 71' lang='lat' dir='ltr'>philosophia,</span> <span class='ocrx_word' id='word_1_94' title='bbox 713 1681 789 1745; x_wconf 87' lang='lat' dir='ltr'>quus</span> <span class='ocrx_word' id='word_1_95' title='bbox 809 1667 974 1747; x_wconf 76' lang='lat' dir='ltr'>vobiscum,</span> <span class='ocrx_word' id='word_1_96' title='bbox 998 1671 1170 1748; x_wconf 74' lang='lat' dir='ltr'>optatissimi</span> <span class='ocrx_word' id='word_1_97' title='bbox 1193 1673 1237 1730; x_wconf 92' lang='lat' dir='ltr'>iu·</span> <span class='ocrx_word' id='word_1_98' title='bbox 1344 1739 1349 1750; x_wconf 27' lang='lat'>¹</span> 
     </span>
     <span class='ocr_line' id='line_1_13' title="bbox 159 1764 1237 1846; baseline 0.002 -20"><span class='ocrx_word' id='word_1_99' title='bbox 159 1781 260 1841; x_wconf 84' lang='lat' dir='ltr'>venes,</span> <span class='ocrx_word' id='word_1_100' title='bbox 279 1764 364 1825; x_wconf 87' lang='lat' dir='ltr'>hrevi</span> <span class='ocrx_word' id='word_1_101' title='bbox 383 1765 472 1826; x_wconf 90' lang='lat' dir='ltr'>huius</span> <span class='ocrx_word' id='word_1_102' title='bbox 489 1767 561 1825; x_wconf 90' lang='lat' dir='ltr'>unni</span> <span class='ocrx_word' id='word_1_103' title='bbox 578 1768 726 1826; x_wconf 86' lang='lat' dir='ltr'>eurriouio</span> <span class='ocrx_word' id='word_1_104' title='bbox 740 1769 999 1828; x_wconf 74' lang='lat' dir='ltr'>communicarem.</span> <span class='ocrx_word' id='word_1_105' title='bbox 1019 1768 1159 1846; x_wconf 74' lang='lat' dir='ltr'>Equidem</span> <span class='ocrx_word' id='word_1_106' title='bbox 1179 1784 1237 1828; x_wconf 92' lang='lat' dir='ltr'>non</span> 
     </span>
     <span class='ocr_line' id='line_1_14' title="bbox 159 1862 1238 1952; baseline 0.005 -31"><span class='ocrx_word' id='word_1_107' title='bbox 159 1863 273 1922; x_wconf 87' lang='lat' dir='ltr'>iniieior</span> <span class='ocrx_word' id='word_1_108' title='bbox 284 1863 429 1938; x_wconf 79' lang='lat' dir='ltr'>permulto</span> <span class='ocrx_word' id='word_1_109' title='bbox 441 1862 539 1924; x_wconf 83' lang='lat' dir='ltr'>udhuo</span> <span class='ocrx_word' id='word_1_110' title='bbox 552 1863 724 1940; x_wconf 76' lang='lat' dir='ltr'>desiderari,</span> <span class='ocrx_word' id='word_1_111' title='bbox 735 1879 811 1952; x_wconf 72' lang='lat' dir='ltr'>quse</span> <span class='ocrx_word' id='word_1_112' title='bbox 824 1865 862 1924; x_wconf 84' lang='lat' dir='ltr'>ud</span> <span class='ocrx_word' id='word_1_113' title='bbox 877 1865 1034 1940; x_wconf 89' lang='lat' dir='ltr'>pieniorem</span> <span class='ocrx_word' id='word_1_114' title='bbox 1049 1866 1136 1926; x_wconf 80' lang='lat' dir='ltr'>innius</span> <span class='ocrx_word' id='word_1_115' title='bbox 1148 1869 1238 1926; x_wconf 87' lang='lat' dir='ltr'>seien-</span> 
     </span>
     <span class='ocr_line' id='line_1_15' title="bbox 158 1961 1239 2038; baseline 0.005 -19"><span class='ocrx_word' id='word_1_116' title='bbox 158 1963 218 2020; x_wconf 83' lang='lat' dir='ltr'>tise</span> <span class='ocrx_word' id='word_1_117' title='bbox 237 1963 371 2020; x_wconf 79' lang='lat' dir='ltr'>notitiem</span> <span class='ocrx_word' id='word_1_118' title='bbox 392 1963 549 2035; x_wconf 86' lang='lat' dir='ltr'>pertinent.</span> <span class='ocrx_word' id='word_1_119' title='bbox 565 1961 621 2020; x_wconf 74' lang='lat' dir='ltr'>seo</span> <span class='ocrx_word' id='word_1_120' title='bbox 641 1977 676 2020; x_wconf 90' lang='lat' dir='ltr'>es</span> <span class='ocrx_word' id='word_1_121' title='bbox 696 1977 751 2020; x_wconf 87' lang='lat' dir='ltr'>nos</span> <span class='ocrx_word' id='word_1_122' title='bbox 771 1961 907 2022; x_wconf 86' lang='lat' dir='ltr'>oumuito</span> <span class='ocrx_word' id='word_1_123' title='bbox 926 1965 1186 2038; x_wconf 72' lang='lat' dir='ltr'>praetermisimus,</span> <span class='ocrx_word' id='word_1_124' title='bbox 1201 1979 1239 2024; x_wconf 90' lang='lat' dir='ltr'>ne</span> 
     </span>
     <span class='ocr_line' id='line_1_16' title="bbox 157 2057 1237 2136; baseline 0.003 -20"><span class='ocrx_word' id='word_1_125' title='bbox 157 2057 246 2134; x_wconf 52' lang='lat' dir='ltr'>pium</span> <span class='ocrx_word' id='word_1_126' title='bbox 270 2071 360 2133; x_wconf 80' lang='lat' dir='ltr'>quom</span> <span class='ocrx_word' id='word_1_127' title='bbox 380 2074 435 2133; x_wconf 86' lang='lat' dir='ltr'>pur</span> <span class='ocrx_word' id='word_1_128' title='bbox 459 2063 556 2134; x_wconf 87' lang='lat' dir='ltr'>osset,</span> <span class='ocrx_word' id='word_1_129' title='bbox 583 2063 697 2118; x_wconf 80' lang='lat' dir='ltr'>vestros</span> <span class='ocrx_word' id='word_1_130' title='bbox 717 2059 832 2118; x_wconf 84' lang='lat' dir='ltr'>unimus</span> <span class='ocrx_word' id='word_1_131' title='bbox 852 2073 1053 2134; x_wconf 75' lang='lat' dir='ltr'>gravaremus.</span> <span class='ocrx_word' id='word_1_132' title='bbox 1080 2059 1237 2136; x_wconf 82' lang='lat' dir='ltr'>Reliquum</span> 
     </span>
     <span class='ocr_line' id='line_1_17' title="bbox 158 2153 1239 2232; baseline 0.003 -17"><span class='ocrx_word' id='word_1_133' title='bbox 158 2161 204 2215; x_wconf 87' lang='lat' dir='ltr'>est</span> <span class='ocrx_word' id='word_1_134' title='bbox 225 2161 260 2215; x_wconf 92' lang='lat' dir='ltr'>ut</span> <span class='ocrx_word' id='word_1_135' title='bbox 279 2157 405 2232; x_wconf 86' lang='lat' dir='ltr'>semino,</span> <span class='ocrx_word' id='word_1_136' title='bbox 432 2170 507 2232; x_wconf 84' lang='lat' dir='ltr'>quoe</span> <span class='ocrx_word' id='word_1_137' title='bbox 527 2155 577 2216; x_wconf 84' lang='lat' dir='ltr'>hio</span> <span class='ocrx_word' id='word_1_138' title='bbox 597 2171 658 2215; x_wconf 92' lang='lat' dir='ltr'>non</span> <span class='ocrx_word' id='word_1_139' title='bbox 684 2156 748 2215; x_wconf 90' lang='lat' dir='ltr'>sine</span> <span class='ocrx_word' id='word_1_140' title='bbox 776 2153 888 2215; x_wconf 87' lang='lat' dir='ltr'>deieotu</span> <span class='ocrx_word' id='word_1_141' title='bbox 915 2155 996 2215; x_wconf 84' lang='lat' dir='ltr'>velut</span> <span class='ocrx_word' id='word_1_142' title='bbox 1013 2155 1105 2217; x_wconf 89' lang='lat' dir='ltr'>humo</span> <span class='ocrx_word' id='word_1_143' title='bbox 1120 2159 1239 2217; x_wconf 89' lang='lat' dir='ltr'>uommi·</span> 
     </span>
    </p>
   </div>
   <div class='ocr_carea' id='block_1_5' title="bbox 157 2252 1345 2329">
    <p class='ocr_par' dir='ltr' id='par_1_5' title="bbox 157 2252 1345 2329">
     <span class='ocr_line' id='line_1_18' title="bbox 157 2252 1345 2329; baseline 0.001 -16"><span class='ocrx_word' id='word_1_144' title='bbox 157 2256 267 2327; x_wconf 86' lang='lat' dir='ltr'>simus,</span> <span class='ocrx_word' id='word_1_145' title='bbox 290 2269 344 2313; x_wconf 82' lang='lat' dir='ltr'>uos</span> <span class='ocrx_word' id='word_1_146' title='bbox 364 2252 538 2328; x_wconf 65' lang='lat' dir='ltr'>primoum</span> <span class='ocrx_word' id='word_1_147' title='bbox 558 2256 638 2313; x_wconf 88' lang='lat' dir='ltr'>euris</span> <span class='ocrx_word' id='word_1_148' title='bbox 661 2252 802 2313; x_wconf 86' lang='lat' dir='ltr'>omnihus</span> <span class='ocrx_word' id='word_1_149' title='bbox 830 2256 1036 2329; x_wconf 83' lang='lat' dir='ltr'>promoventis.</span> <span class='ocrx_word' id='word_1_150' title='bbox 1066 2254 1131 2327; x_wconf 81' lang='lat' dir='ltr'>Qun</span> <span class='ocrx_word' id='word_1_151' title='bbox 1152 2256 1181 2313; x_wconf 91' lang='lat' dir='ltr'>in</span> <span class='ocrx_word' id='word_1_152' title='bbox 1207 2270 1238 2313; x_wconf 90' lang='lat' dir='ltr'>re</span> <span class='ocrx_word' id='word_1_153' title='bbox 1337 2306 1345 2314; x_wconf 95' lang='lat'><em>.</em></span> 
     </span>
    </p>
   </div>
   <div class='ocr_carea' id='block_1_6' title="bbox 156 2350 1238 2721">
    <p class='ocr_par' dir='ltr' id='par_1_6' title="bbox 156 2350 1238 2630">
     <span class='ocr_line' id='line_1_19' title="bbox 158 2350 1237 2428; baseline 0 -17"><span class='ocrx_word' id='word_1_154' title='bbox 158 2368 212 2411; x_wconf 81' lang='lat' dir='ltr'>vos</span> <span class='ocrx_word' id='word_1_155' title='bbox 234 2350 421 2410; x_wconf 85' lang='lat' dir='ltr'>uehementer</span> <span class='ocrx_word' id='word_1_156' title='bbox 447 2350 569 2427; x_wconf 89' lang='lat' dir='ltr'>hortor,</span> <span class='ocrx_word' id='word_1_157' title='bbox 599 2354 632 2411; x_wconf 94' lang='lat' dir='ltr'>ut</span> <span class='ocrx_word' id='word_1_158' title='bbox 657 2356 803 2427; x_wconf 78' lang='lat' dir='ltr'>quonium</span> <span class='ocrx_word' id='word_1_159' title='bbox 828 2352 928 2409; x_wconf 89' lang='lat' dir='ltr'>onimo</span> <span class='ocrx_word' id='word_1_160' title='bbox 950 2351 1061 2410; x_wconf 81' lang='lat' dir='ltr'>nunniti</span> <span class='ocrx_word' id='word_1_161' title='bbox 1089 2352 1237 2428; x_wconf 83' lang='lat' dir='ltr'>poteritis,</span> 
     </span>
     <span class='ocr_line' id='line_1_20' title="bbox 157 2447 1236 2525; baseline 0.001 -18"><span class='ocrx_word' id='word_1_162' title='bbox 157 2454 301 2524; x_wconf 80' lang='lat' dir='ltr'>quonium</span> <span class='ocrx_word' id='word_1_163' title='bbox 325 2447 425 2507; x_wconf 86' lang='lat' dir='ltr'>iuhore</span> <span class='ocrx_word' id='word_1_164' title='bbox 442 2447 638 2525; x_wconf 67' lang='lat' dir='ltr'>oontendere«,</span> <span class='ocrx_word' id='word_1_165' title='bbox 660 2450 692 2507; x_wconf 91' lang='lat' dir='ltr'>in</span> <span class='ocrx_word' id='word_1_166' title='bbox 716 2462 818 2508; x_wconf 83' lang='lat' dir='ltr'>rerum</span> <span class='ocrx_word' id='word_1_167' title='bbox 842 2448 1015 2523; x_wconf 77' lang='lat' dir='ltr'>sapientium</span> <span class='ocrx_word' id='word_1_168' title='bbox 1038 2448 1236 2522; x_wconf 80' lang='lat' dir='ltr'>ineumbstis3</span> 
     </span>
     <span class='ocr_line' id='line_1_21' title="bbox 156 2542 1238 2630; baseline 0 -25"><span class='ocrx_word' id='word_1_169' title='bbox 156 2561 280 2621; x_wconf 83' lang='lat' dir='ltr'>eumque</span> <span class='ocrx_word' id='word_1_170' title='bbox 297 2561 356 2605; x_wconf 90' lang='lat' dir='ltr'>non</span> <span class='ocrx_word' id='word_1_171' title='bbox 378 2544 417 2604; x_wconf 84' lang='lat' dir='ltr'>ob</span> <span class='ocrx_word' id='word_1_172' title='bbox 429 2544 496 2605; x_wconf 88' lang='lat' dir='ltr'>niiis</span> <span class='ocrx_word' id='word_1_173' title='bbox 510 2543 641 2607; x_wconf 77' lang='lat' dir='ltr'>fontibus</span> <span class='ocrx_word' id='word_1_174' title='bbox 659 2562 724 2605; x_wconf 88' lang='lat' dir='ltr'>esse</span> <span class='ocrx_word' id='word_1_175' title='bbox 746 2542 900 2621; x_wconf 83' lang='lat' dir='ltr'>petendum</span> <span class='ocrx_word' id='word_1_176' title='bbox 919 2546 1103 2630; x_wconf 82' lang='lat' dir='ltr'>existimetis,</span> <span class='ocrx_word' id='word_1_177' title='bbox 1124 2546 1181 2604; x_wconf 91' lang='lat' dir='ltr'>nisi</span> <span class='ocrx_word' id='word_1_178' title='bbox 1200 2546 1238 2605; x_wconf 85' lang='lat' dir='ltr'>nh</span> 
     </span>
    </p>

    <p class='ocr_par' dir='ltr' id='par_1_7' title="bbox 158 2642 1234 2721">
     <span class='ocr_line' id='line_1_22' title="bbox 158 2642 1234 2721; baseline 0.001 -20"><span class='ocrx_word' id='word_1_179' title='bbox 158 2644 207 2718; x_wconf 90' lang='lat' dir='ltr'>iis,</span> <span class='ocrx_word' id='word_1_180' title='bbox 221 2660 240 2702; x_wconf 88' lang='lat' dir='ltr'>s</span> <span class='ocrx_word' id='word_1_181' title='bbox 253 2642 361 2720; x_wconf 80' lang='lat' dir='ltr'>quihus</span> <span class='ocrx_word' id='word_1_182' title='bbox 373 2644 467 2719; x_wconf 84' lang='lat' dir='ltr'>pistos</span> <span class='ocrx_word' id='word_1_183' title='bbox 477 2643 565 2703; x_wconf 90' lang='lat' dir='ltr'>simui</span> <span class='ocrx_word' id='word_1_184' title='bbox 579 2649 610 2703; x_wconf 86' lang='lat' dir='ltr'>ot</span> <span class='ocrx_word' id='word_1_185' title='bbox 624 2649 811 2705; x_wconf 80' lang='lat' dir='ltr'>merusonoto</span> <span class='ocrx_word' id='word_1_186' title='bbox 825 2642 932 2703; x_wconf 83' lang='lat' dir='ltr'>Christi</span> <span class='ocrx_word' id='word_1_187' title='bbox 955 2644 1056 2720; x_wconf 78' lang='lat' dir='ltr'>religio</span> <span class='ocrx_word' id='word_1_188' title='bbox 1069 2647 1234 2721; x_wconf 80' lang='lat' dir='ltr'>ottingitur.</span> 
     </span>
    </p>
   </div>
   <div class='ocr_carea' id='block_1_7' title="bbox 440 3384 958 3431">
    <p class='ocr_par' dir='ltr' id='par_1_8' title="bbox 440 3384 958 3431">
     <span class='ocr_line' id='line_1_23' title="bbox 440 3384 958 3431; baseline 0.006 -7"><span class='ocrx_word' id='word_1_189' title='bbox 440 3384 526 3427; x_wconf 72' lang='lat' dir='ltr'>titiis</span> <span class='ocrx_word' id='word_1_190' title='bbox 546 3384 748 3431; x_wconf 75' lang='lat' dir='ltr'>rusomotns</span> <span class='ocrx_word' id='word_1_191' title='bbox 770 3384 958 3427; x_wconf 71' lang='lat' dir='ltr'>MTUMLIS.</span> 
     </span>
    </p>
   </div>
   <div class='ocr_carea' id='block_1_8' title="bbox 0 0 1450 4425">
    <p class='ocr_par' dir='ltr' id='par_1_9' title="bbox 0 0 1450 4425">
     <span class='ocr_line' id='line_1_24' title="bbox 0 0 1450 4425; baseline 0 0"><span class='ocrx_word' id='word_1_192' title='bbox 0 0 1450 4425; x_wconf 95' lang='lat' dir='ltr'> </span> 
     </span>
    </p>
   </div>
  </div>
 </body>
</html>
