<?xml version="1.0" encoding="UTF-8"?>
<!DOCTYPE html PUBLIC "-//W3C//DTD XHTML 1.0 Transitional//EN"
    "http://www.w3.org/TR/xhtml1/DTD/xhtml1-transitional.dtd">
<html xmlns="http://www.w3.org/1999/xhtml" xml:lang="en" lang="en">
 <head>
  <title>
</title>
<meta http-equiv="Content-Type" content="text/html;charset=utf-8" />
  <meta name='ocr-system' content='tesseract 3.04.00' />
  <meta name='ocr-capabilities' content='ocr_page ocr_carea ocr_par ocr_line ocrx_word'/>
</head>
<body>
  <div class='ocr_page' id='page_1' title='image "./institutionesph01libegoog_0011.png"; bbox 0 0 2892 4425; ppageno 0'>
   <div class='ocr_carea' id='block_1_1' title="bbox 533 428 1192 480">
    <p class='ocr_par' dir='ltr' id='par_1_1' title="bbox 533 428 1192 480">
     <span class='ocr_line' id='line_1_1' title="bbox 533 428 1192 480; baseline 0.005 -3"><span class='ocrx_word' id='word_1_1' title='bbox 533 433 769 477; x_wconf 65' lang='lat' dir='ltr'><strong>HERMIONES</strong></span> <span class='ocrx_word' id='word_1_2' title='bbox 1173 428 1192 480; x_wconf 67' lang='lat'>⁸</span> 
     </span>
    </p>
   </div>
   <div class='ocr_carea' id='block_1_2' title="bbox 40 540 1199 3928">
    <p class='ocr_par' dir='ltr' id='par_1_2' title="bbox 114 540 1195 1011">
     <span class='ocr_line' id='line_1_2' title="bbox 116 540 1194 621; baseline 0.001 -18"><span class='ocrx_word' id='word_1_3' title='bbox 116 542 213 621; x_wconf 87' lang='lat' dir='ltr'><strong>phiam</strong></span> <span class='ocrx_word' id='word_1_4' title='bbox 234 542 383 618; x_wconf 87' lang='lat' dir='ltr'><strong>historiae,</strong></span> <span class='ocrx_word' id='word_1_5' title='bbox 407 541 620 617; x_wconf 69' lang='lat' dir='ltr'>philosophiam</span> <span class='ocrx_word' id='word_1_6' title='bbox 641 543 755 615; x_wconf 79' lang='lat' dir='ltr'><strong>pnisis,</strong></span> <span class='ocrx_word' id='word_1_7' title='bbox 777 540 990 616; x_wconf 71' lang='lat' dir='ltr'><strong>philosophiam</strong></span> <span class='ocrx_word' id='word_1_8' title='bbox 1004 540 1194 617; x_wconf 85' lang='lat' dir='ltr'><strong>pulchrarum</strong></span> 
     </span>
     <span class='ocr_line' id='line_1_3' title="bbox 114 638 1195 717; baseline 0 -16"><span class='ocrx_word' id='word_1_9' title='bbox 114 645 233 716; x_wconf 74' lang='lat' dir='ltr'><strong>actium,</strong></span> <span class='ocrx_word' id='word_1_10' title='bbox 254 648 341 717; x_wconf 86' lang='lat' dir='ltr'><strong>atqua</strong></span> <span class='ocrx_word' id='word_1_11' title='bbox 363 642 404 699; x_wconf 89' lang='lat' dir='ltr'><strong>ita</strong></span> <span class='ocrx_word' id='word_1_12' title='bbox 428 640 465 698; x_wconf 88' lang='lat' dir='ltr'><strong>de</strong></span> <span class='ocrx_word' id='word_1_13' title='bbox 483 640 548 699; x_wconf 86' lang='lat' dir='ltr'><strong>aliis</strong></span> <span class='ocrx_word' id='word_1_14' title='bbox 566 640 680 715; x_wconf 86' lang='lat' dir='ltr'><strong>generis</strong></span> <span class='ocrx_word' id='word_1_15' title='bbox 698 638 839 697; x_wconf 88' lang='lat' dir='ltr'><strong>eiusdem.</strong></span> <span class='ocrx_word' id='word_1_16' title='bbox 858 638 890 698; x_wconf 85' lang='lat' dir='ltr'><strong>Si</strong></span> <span class='ocrx_word' id='word_1_17' title='bbox 911 642 1001 716; x_wconf 87' lang='lat' dir='ltr'><strong>igitur</strong></span> <span class='ocrx_word' id='word_1_18' title='bbox 1017 640 1195 701; x_wconf 89' lang='lat' dir='ltr'><strong>elementum</strong></span> 
     </span>
     <span class='ocr_line' id='line_1_4' title="bbox 114 734 1192 813; baseline -0.001 -15"><span class='ocrx_word' id='word_1_19' title='bbox 114 754 267 798; x_wconf 88' lang='lat' dir='ltr'><strong>commune</strong></span> <span class='ocrx_word' id='word_1_20' title='bbox 285 754 322 797; x_wconf 83' lang='lat' dir='ltr'><strong>ex</strong></span> <span class='ocrx_word' id='word_1_21' title='bbox 345 737 392 797; x_wconf 91' lang='lat' dir='ltr'><strong>his</strong></span> <span class='ocrx_word' id='word_1_22' title='bbox 409 736 636 809; x_wconf 74' lang='lat' dir='ltr'><strong>abstrahamus,</strong></span> <span class='ocrx_word' id='word_1_23' title='bbox 664 734 828 795; x_wconf 86' lang='lat' dir='ltr'><strong>videbimus</strong></span> <span class='ocrx_word' id='word_1_24' title='bbox 849 736 979 811; x_wconf 86' lang='lat' dir='ltr'><strong>proiecto</strong></span> <span class='ocrx_word' id='word_1_25' title='bbox 1004 737 1043 796; x_wconf 91' lang='lat' dir='ltr'><strong>ad</strong></span> <span class='ocrx_word' id='word_1_26' title='bbox 1064 738 1192 813; x_wconf 88' lang='lat' dir='ltr'><strong>philoso-</strong></span> 
     </span>
     <span class='ocr_line' id='line_1_5' title="bbox 114 834 1193 913; baseline 0.001 -20"><span class='ocrx_word' id='word_1_27' title='bbox 114 834 215 911; x_wconf 75' lang='lat' dir='ltr'><strong>phiam·</strong></span> <span class='ocrx_word' id='word_1_28' title='bbox 235 838 393 913; x_wconf 86' lang='lat' dir='ltr'><strong>generatim</strong></span> <span class='ocrx_word' id='word_1_29' title='bbox 415 837 575 909; x_wconf 76' lang='lat' dir='ltr'><strong>inspectam</strong></span> <span class='ocrx_word' id='word_1_30' title='bbox 595 835 759 908; x_wconf 86' lang='lat' dir='ltr'><strong>pertinere,</strong></span> <span class='ocrx_word' id='word_1_31' title='bbox 781 839 815 891; x_wconf 91' lang='lat' dir='ltr'><strong>ut</strong></span> <span class='ocrx_word' id='word_1_32' title='bbox 835 849 931 893; x_wconf 87' lang='lat' dir='ltr'><strong>rerum</strong></span> <span class='ocrx_word' id='word_1_33' title='bbox 949 850 1053 894; x_wconf 80' lang='lat' dir='ltr'><strong>causan</strong></span> <span class='ocrx_word' id='word_1_34' title='bbox 1071 837 1193 895; x_wconf 84' lang='lat' dir='ltr'><strong>investi·</strong></span> 
     </span>
     <span class='ocr_line' id='line_1_6' title="bbox 115 934 624 1011; baseline 0 -20"><span class='ocrx_word' id='word_1_35' title='bbox 115 940 163 1007; x_wconf 86' lang='lat' dir='ltr'><strong>get</strong></span> <span class='ocrx_word' id='word_1_36' title='bbox 183 940 212 993; x_wconf 89' lang='lat' dir='ltr'><strong>et</strong></span> <span class='ocrx_word' id='word_1_37' title='bbox 231 934 366 1007; x_wconf 85' lang='lat' dir='ltr'><strong>explicet.</strong></span> <span class='ocrx_word' id='word_1_38' title='bbox 620 1004 624 1011; x_wconf 20' lang='grc' dir='ltr'>ι</span> 
     </span>
    </p>

    <p class='ocr_par' dir='ltr' id='par_1_3' title="bbox 40 1026 1197 2468">
     <span class='ocr_line' id='line_1_7' title="bbox 173 1026 1192 1105; baseline 0 -16"><span class='ocrx_word' id='word_1_39' title='bbox 173 1032 318 1105; x_wconf 79' lang='lat' dir='ltr'><strong>lamnam,</strong></span> <span class='ocrx_word' id='word_1_40' title='bbox 337 1045 403 1088; x_wconf 90' lang='lat' dir='ltr'><strong>cum</strong></span> <span class='ocrx_word' id='word_1_41' title='bbox 422 1042 467 1087; x_wconf 92' lang='lat' dir='ltr'><strong>res</strong></span> <span class='ocrx_word' id='word_1_42' title='bbox 486 1042 586 1087; x_wconf 89' lang='lat' dir='ltr'><strong>omnes</strong></span> <span class='ocrx_word' id='word_1_43' title='bbox 603 1026 684 1086; x_wconf 92' lang='lat' dir='ltr'><strong>aliud</strong></span> <span class='ocrx_word' id='word_1_44' title='bbox 699 1043 760 1085; x_wconf 87' lang='lat' dir='ltr'><strong>nnn</strong></span> <span class='ocrx_word' id='word_1_45' title='bbox 776 1028 836 1087; x_wconf 85' lang='lat' dir='ltr'><strong>sint</strong></span> <span class='ocrx_word' id='word_1_46' title='bbox 856 1029 912 1087; x_wconf 84' lang='lat' dir='ltr'><strong>nisi</strong></span> <span class='ocrx_word' id='word_1_47' title='bbox 927 1026 1028 1103; x_wconf 65' lang='lat' dir='ltr'><strong>Mona,</strong></span> <span class='ocrx_word' id='word_1_48' title='bbox 1048 1028 1192 1103; x_wconf 77' lang='lat' dir='ltr'><strong>anundus,</strong></span> 
     </span>
     <span class='ocr_line' id='line_1_8' title="bbox 40 1125 1195 1203; baseline 0.001 -18"><span class='ocrx_word' id='word_1_49' title='bbox 40 1178 43 1185; x_wconf 91' lang='lat'>.</span> <span class='ocrx_word' id='word_1_50' title='bbox 118 1130 212 1201; x_wconf 82' lang='lat' dir='ltr'><strong>Deus,·</strong></span> <span class='ocrx_word' id='word_1_51' title='bbox 232 1126 417 1203; x_wconf 76' lang='lat' dir='ltr'><strong>philosophia</strong></span> <span class='ocrx_word' id='word_1_52' title='bbox 430 1128 473 1185; x_wconf 89' lang='lat' dir='ltr'><strong>sin</strong></span> <span class='ocrx_word' id='word_1_53' title='bbox 492 1127 522 1185; x_wconf 90' lang='lat' dir='ltr'><strong>iu</strong></span> <span class='ocrx_word' id='word_1_54' title='bbox 543 1126 588 1185; x_wconf 86' lang='lat' dir='ltr'><strong>his</strong></span> <span class='ocrx_word' id='word_1_55' title='bbox 600 1125 766 1185; x_wconf 86' lang='lat' dir='ltr'><strong>scrutandis</strong></span> <span class='ocrx_word' id='word_1_56' title='bbox 781 1129 927 1201; x_wconf 83' lang='lat' dir='ltr'><strong>uersatur,</strong></span> <span class='ocrx_word' id='word_1_57' title='bbox 946 1132 980 1186; x_wconf 85' lang='lat' dir='ltr'><strong>ut</strong></span> <span class='ocrx_word' id='word_1_58' title='bbox 1001 1144 1063 1185; x_wconf 89' lang='lat' dir='ltr'><strong>non</strong></span> <span class='ocrx_word' id='word_1_59' title='bbox 1076 1144 1195 1203; x_wconf 86' lang='lat' dir='ltr'><strong>quomo·</strong></span> 
     </span>
     <span class='ocr_line' id='line_1_9' title="bbox 112 1222 1190 1299; baseline -0.002 -16"><span class='ocrx_word' id='word_1_60' title='bbox 112 1224 278 1299; x_wconf 61' lang='lat' dir='ltr'><strong>mumque</strong></span> <span class='ocrx_word' id='word_1_61' title='bbox 296 1238 346 1282; x_wconf 83' lang='lat' dir='ltr'><strong>eas</strong></span> <span class='ocrx_word' id='word_1_62' title='bbox 363 1222 540 1298; x_wconf 84' lang='lat' dir='ltr'><strong>speculetur,</strong></span> <span class='ocrx_word' id='word_1_63' title='bbox 562 1222 614 1280; x_wconf 88' lang='lat' dir='ltr'><strong>scd</strong></span> <span class='ocrx_word' id='word_1_64' title='bbox 632 1222 775 1282; x_wconf 87' lang='lat' dir='ltr'><strong>altissima</strong></span> <span class='ocrx_word' id='word_1_65' title='bbox 794 1222 922 1297; x_wconf 85' lang='lat' dir='ltr'><strong>quadarn</strong></span> <span class='ocrx_word' id='word_1_66' title='bbox 943 1222 1190 1298; x_wconf 83' lang='lat' dir='ltr'><strong>consideratiouc;</strong></span> 
     </span>
     <span class='ocr_line' id='line_1_10' title="bbox 115 1319 1193 1397; baseline 0.001 -18"><span class='ocrx_word' id='word_1_67' title='bbox 115 1328 202 1397; x_wconf 89' lang='lat' dir='ltr'><strong>prout</strong></span> <span class='ocrx_word' id='word_1_68' title='bbox 215 1323 353 1379; x_wconf 86' lang='lat' dir='ltr'><strong>nimirum</strong></span> <span class='ocrx_word' id='word_1_69' title='bbox 373 1322 505 1379; x_wconf 85' lang='lat' dir='ltr'><strong>notiones</strong></span> <span class='ocrx_word' id='word_1_70' title='bbox 520 1319 661 1395; x_wconf 88' lang='lat' dir='ltr'><strong>quasdam</strong></span> <span class='ocrx_word' id='word_1_71' title='bbox 675 1328 827 1394; x_wconf 79' lang='lat' dir='ltr'><strong>supremas</strong></span> <span class='ocrx_word' id='word_1_72' title='bbox 843 1319 1048 1395; x_wconf 76' lang='lat' dir='ltr'><strong>suppeditant,</strong></span> <span class='ocrx_word' id='word_1_73' title='bbox 1062 1336 1138 1396; x_wconf 83' lang='lat' dir='ltr'><strong>qaae</strong></span> <span class='ocrx_word' id='word_1_74' title='bbox 1160 1325 1193 1380; x_wconf 91' lang='lat' dir='ltr'><strong>in</strong></span> 
     </span>
     <span class='ocr_line' id='line_1_11' title="bbox 114 1417 1194 1497; baseline -0.002 -18"><span class='ocrx_word' id='word_1_75' title='bbox 114 1418 236 1495; x_wconf 80' lang='lat' dir='ltr'><strong>singuiis</strong></span> <span class='ocrx_word' id='word_1_76' title='bbox 252 1417 437 1477; x_wconf 79' lang='lat' dir='ltr'><strong>inferioribus</strong></span> <span class='ocrx_word' id='word_1_77' title='bbox 454 1418 583 1477; x_wconf 81' lang='lat' dir='ltr'><strong>scientiis</strong></span> <span class='ocrx_word' id='word_1_78' title='bbox 603 1417 729 1497; x_wconf 82' lang='lat' dir='ltr'><strong>latitent.</strong></span> <span class='ocrx_word' id='word_1_79' title='bbox 751 1418 877 1476; x_wconf 87' lang='lat' dir='ltr'><strong>Nomine</strong></span> <span class='ocrx_word' id='word_1_80' title='bbox 896 1419 974 1475; x_wconf 90' lang='lat' dir='ltr'><strong>enim</strong></span> <span class='ocrx_word' id='word_1_81' title='bbox 990 1417 1194 1493; x_wconf 86' lang='lat' dir='ltr'><strong>philosophiae</strong></span> 
     </span>
     <span class='ocr_line' id='line_1_12' title="bbox 111 1514 1195 1591; baseline -0.004 -14"><span class='ocrx_word' id='word_1_82' title='bbox 111 1534 225 1591; x_wconf 87' lang='lat' dir='ltr'><strong>semper</strong></span> <span class='ocrx_word' id='word_1_83' title='bbox 241 1516 389 1575; x_wconf 84' lang='lat' dir='ltr'><strong>intellecta</strong></span> <span class='ocrx_word' id='word_1_84' title='bbox 405 1520 453 1574; x_wconf 90' lang='lat' dir='ltr'><strong>est</strong></span> <span class='ocrx_word' id='word_1_85' title='bbox 469 1518 589 1573; x_wconf 89' lang='lat' dir='ltr'><strong>scientia</strong></span> <span class='ocrx_word' id='word_1_86' title='bbox 602 1514 745 1591; x_wconf 83' lang='lat' dir='ltr'><strong>quaedam</strong></span> <span class='ocrx_word' id='word_1_87' title='bbox 758 1515 917 1591; x_wconf 89' lang='lat' dir='ltr'><strong>generalis,</strong></span> <span class='ocrx_word' id='word_1_88' title='bbox 930 1517 1016 1573; x_wconf 86' lang='lat' dir='ltr'><strong>cuins</strong></span> <span class='ocrx_word' id='word_1_89' title='bbox 1033 1514 1195 1575; x_wconf 80' lang='lat' dir='ltr'><strong>dictamina</strong></span> 
     </span>
     <span class='ocr_line' id='line_1_13' title="bbox 60 1611 1193 1688; baseline -0.002 -17"><span class='ocrx_word' id='word_1_90' title='bbox 60 1612 64 1619; x_wconf 87' lang='lat'>&#39;</span> <span class='ocrx_word' id='word_1_91' title='bbox 113 1616 142 1671; x_wconf 94' lang='lat' dir='ltr'><strong>ln</strong></span> <span class='ocrx_word' id='word_1_92' title='bbox 161 1613 286 1688; x_wconf 85' lang='lat' dir='ltr'><strong>reliquas</strong></span> <span class='ocrx_word' id='word_1_93' title='bbox 300 1628 400 1671; x_wconf 80' lang='lat' dir='ltr'><strong>omnes</strong></span> <span class='ocrx_word' id='word_1_94' title='bbox 414 1612 645 1686; x_wconf 87' lang='lat' dir='ltr'><strong>dominarentur,</strong></span> <span class='ocrx_word' id='word_1_95' title='bbox 663 1614 762 1687; x_wconf 87' lang='lat' dir='ltr'><strong>cisque</strong></span> <span class='ocrx_word' id='word_1_96' title='bbox 774 1614 833 1668; x_wconf 87' lang='lat' dir='ltr'><strong>vim</strong></span> <span class='ocrx_word' id='word_1_97' title='bbox 847 1611 1021 1687; x_wconf 80' lang='lat' dir='ltr'><strong>tribuerent,</strong></span> <span class='ocrx_word' id='word_1_98' title='bbox 1036 1611 1115 1687; x_wconf 85' lang='lat' dir='ltr'><strong>leges</strong></span> <span class='ocrx_word' id='word_1_99' title='bbox 1138 1614 1193 1669; x_wconf 84' lang='lat' dir='ltr'><strong>ina·</strong></span> 
     </span>
     <span class='ocr_line' id='line_1_14' title="bbox 112 1708 1194 1785; baseline -0.001 -16"><span class='ocrx_word' id='word_1_100' title='bbox 112 1716 274 1785; x_wconf 83' lang='lat' dir='ltr'><strong>ponerent,</strong></span> <span class='ocrx_word' id='word_1_101' title='bbox 298 1724 333 1768; x_wconf 91' lang='lat' dir='ltr'><strong>ac</strong></span> <span class='ocrx_word' id='word_1_102' title='bbox 351 1709 438 1766; x_wconf 91' lang='lat' dir='ltr'><strong>ilucm</strong></span> <span class='ocrx_word' id='word_1_103' title='bbox 461 1708 632 1767; x_wconf 89' lang='lat' dir='ltr'><strong>indicarunt.</strong></span> <span class='ocrx_word' id='word_1_104' title='bbox 658 1708 700 1767; x_wconf 82' lang='lat' dir='ltr'><strong>Ex</strong></span> <span class='ocrx_word' id='word_1_105' title='bbox 723 1724 781 1784; x_wconf 89' lang='lat' dir='ltr'><strong>quo</strong></span> <span class='ocrx_word' id='word_1_106' title='bbox 802 1709 913 1767; x_wconf 84' lang='lat' dir='ltr'><strong>iactum</strong></span> <span class='ocrx_word' id='word_1_107' title='bbox 933 1715 978 1767; x_wconf 84' lang='lat' dir='ltr'><strong>est</strong></span> <span class='ocrx_word' id='word_1_108' title='bbox 1002 1714 1037 1767; x_wconf 91' lang='lat' dir='ltr'><strong>ut</strong></span> <span class='ocrx_word' id='word_1_109' title='bbox 1055 1712 1194 1768; x_wconf 87' lang='lat' dir='ltr'><strong>scientias</strong></span> 
     </span>
     <span class='ocr_line' id='line_1_15' title="bbox 110 1789 1193 1885; baseline -0.002 -18"><span class='ocrx_word' id='word_1_110' title='bbox 110 1808 282 1885; x_wconf 84' lang='lat' dir='ltr'><strong>dignitatem</strong></span> <span class='ocrx_word' id='word_1_111' title='bbox 300 1808 428 1865; x_wconf 88' lang='lat' dir='ltr'><strong>maxima</strong></span> <span class='ocrx_word' id='word_1_112' title='bbox 441 1807 609 1881; x_wconf 87' lang='lat' dir='ltr'><strong>attingeret,</strong></span> <span class='ocrx_word' id='word_1_113' title='bbox 626 1811 657 1863; x_wconf 89' lang='lat' dir='ltr'><strong>et</strong></span> <span class='ocrx_word' id='word_1_114' title='bbox 675 1807 705 1863; x_wconf 92' lang='lat' dir='ltr'><strong>ln</strong></span> <span class='ocrx_word' id='word_1_115' title='bbox 724 1812 835 1864; x_wconf 61' lang='lat' dir='ltr'><strong>meras</strong></span> <span class='ocrx_word' id='word_1_116' title='bbox 849 1805 997 1864; x_wconf 81' lang='lat' dir='ltr'><strong>naturales</strong></span> <span class='ocrx_word' id='word_1_117' title='bbox 1011 1789 1193 1883; x_wconf 84' lang='lat' dir='ltr'><strong>disciplinas,</strong></span> 
     </span>
     <span class='ocr_line' id='line_1_16' title="bbox 111 1903 1192 1981; baseline -0.001 -18"><span class='ocrx_word' id='word_1_118' title='bbox 111 1906 196 1981; x_wconf 86' lang='lat' dir='ltr'><strong>quasi</strong></span> <span class='ocrx_word' id='word_1_119' title='bbox 212 1906 333 1963; x_wconf 84' lang='lat' dir='ltr'><strong>scicntia</strong></span> <span class='ocrx_word' id='word_1_120' title='bbox 348 1906 549 1979; x_wconf 80' lang='lat' dir='ltr'><strong>scientiarum,</strong></span> <span class='ocrx_word' id='word_1_121' title='bbox 565 1904 761 1979; x_wconf 86' lang='lat' dir='ltr'><strong>principatum</strong></span> <span class='ocrx_word' id='word_1_122' title='bbox 780 1903 907 1978; x_wconf 88' lang='lat' dir='ltr'><strong>aliquem</strong></span> <span class='ocrx_word' id='word_1_123' title='bbox 922 1906 987 1963; x_wconf 90' lang='lat' dir='ltr'><strong>iure</strong></span> <span class='ocrx_word' id='word_1_124' title='bbox 1003 1906 1121 1978; x_wconf 89' lang='lat' dir='ltr'><strong>proprio</strong></span> <span class='ocrx_word' id='word_1_125' title='bbox 1134 1904 1192 1962; x_wconf 85' lang='lat' dir='ltr'><strong>sihi</strong></span> 
     </span>
     <span class='ocr_line' id='line_1_17' title="bbox 111 2000 1192 2076; baseline -0.004 -15"><span class='ocrx_word' id='word_1_126' title='bbox 111 2002 296 2061; x_wconf 74' lang='lat' dir='ltr'><strong>adscisceret.</strong></span> <span class='ocrx_word' id='word_1_127' title='bbox 318 2002 385 2076; x_wconf 87' lang='lat' dir='ltr'><strong>ipsa</strong></span> <span class='ocrx_word' id='word_1_128' title='bbox 398 2003 475 2060; x_wconf 89' lang='lat' dir='ltr'><strong>enim</strong></span> <span class='ocrx_word' id='word_1_129' title='bbox 496 2004 602 2061; x_wconf 83' lang='lat' dir='ltr'><strong>uirtute</strong></span> <span class='ocrx_word' id='word_1_130' title='bbox 615 2016 670 2059; x_wconf 85' lang='lat' dir='ltr'><strong>sua</strong></span> <span class='ocrx_word' id='word_1_131' title='bbox 693 2006 824 2076; x_wconf 71' lang='lat' dir='ltr'><strong>penctm</strong></span> <span class='ocrx_word' id='word_1_132' title='bbox 844 2000 1062 2075; x_wconf 76' lang='lat' dir='ltr'><strong>quodammodo</strong></span> <span class='ocrx_word' id='word_1_133' title='bbox 1078 2007 1108 2058; x_wconf 95' lang='lat' dir='ltr'><strong>et</strong></span> <span class='ocrx_word' id='word_1_134' title='bbox 1126 2016 1192 2075; x_wconf 88' lang='lat' dir='ltr'><strong>per·</strong></span> 
     </span>
     <span class='ocr_line' id='line_1_18' title="bbox 114 2099 1196 2173; baseline -0.003 -14"><span class='ocrx_word' id='word_1_135' title='bbox 114 2101 194 2159; x_wconf 84' lang='lat' dir='ltr'><strong>uadit</strong></span> <span class='ocrx_word' id='word_1_136' title='bbox 210 2102 342 2159; x_wconf 87' lang='lat' dir='ltr'><strong>notiones</strong></span> <span class='ocrx_word' id='word_1_137' title='bbox 355 2116 456 2158; x_wconf 86' lang='lat' dir='ltr'><strong>omnes</strong></span> <span class='ocrx_word' id='word_1_138' title='bbox 472 2105 501 2157; x_wconf 88' lang='lat' dir='ltr'><strong>ct</strong></span> <span class='ocrx_word' id='word_1_139' title='bbox 514 2099 705 2157; x_wconf 81' lang='lat' dir='ltr'><strong>fundamenta</strong></span> <span class='ocrx_word' id='word_1_140' title='bbox 723 2106 885 2157; x_wconf 81' lang='lat' dir='ltr'><strong>ceterarum</strong></span> <span class='ocrx_word' id='word_1_141' title='bbox 899 2100 1100 2172; x_wconf 79' lang='lat' dir='ltr'><strong>scientiarum,</strong></span> <span class='ocrx_word' id='word_1_142' title='bbox 1118 2111 1196 2173; x_wconf 84' lang='lat' dir='ltr'><strong>quun</strong></span> 
     </span>
     <span class='ocr_line' id='line_1_19' title="bbox 77 2185 1196 2274; baseline -0.003 -17"><span class='ocrx_word' id='word_1_143' title='bbox 77 2185 79 2191; x_wconf 73' lang='grc'><strong>’</strong></span> <span class='ocrx_word' id='word_1_144' title='bbox 110 2198 264 2274; x_wconf 85' lang='lat' dir='ltr'><strong>augustius</strong></span> <span class='ocrx_word' id='word_1_145' title='bbox 286 2197 431 2272; x_wconf 79' lang='lat' dir='ltr'><strong>obiectum</strong></span> <span class='ocrx_word' id='word_1_146' title='bbox 454 2202 483 2255; x_wconf 83' lang='lat' dir='ltr'><strong>et</strong></span> <span class='ocrx_word' id='word_1_147' title='bbox 507 2196 656 2256; x_wconf 89' lang='lat' dir='ltr'><strong>humiliori</strong></span> <span class='ocrx_word' id='word_1_148' title='bbox 680 2198 793 2255; x_wconf 87' lang='lat' dir='ltr'><strong>ratione</strong></span> <span class='ocrx_word' id='word_1_149' title='bbox 812 2194 998 2254; x_wconf 87' lang='lat' dir='ltr'><strong>considerant</strong></span> <span class='ocrx_word' id='word_1_150' title='bbox 1017 2200 1108 2270; x_wconf 83' lang='lat' dir='ltr'><strong>utque</strong></span> <span class='ocrx_word' id='word_1_151' title='bbox 1130 2194 1196 2254; x_wconf 91' lang='lat' dir='ltr'><strong>ideo</strong></span> 
     </span>
     <span class='ocr_line' id='line_1_20' title="bbox 99 2292 1197 2370; baseline 0 -18"><span class='ocrx_word' id='word_1_152' title='bbox 99 2293 150 2352; x_wconf 88' lang='lat' dir='ltr'><strong>·ad</strong></span> <span class='ocrx_word' id='word_1_153' title='bbox 170 2295 396 2370; x_wconf 87' lang='lat' dir='ltr'><strong>philosophiam,</strong></span> <span class='ocrx_word' id='word_1_154' title='bbox 416 2298 442 2354; x_wconf 91' lang='lat' dir='ltr'><strong>sl</strong></span> <span class='ocrx_word' id='word_1_155' title='bbox 465 2311 523 2354; x_wconf 90' lang='lat' dir='ltr'><strong>nnn</strong></span> <span class='ocrx_word' id='word_1_156' title='bbox 545 2303 578 2353; x_wconf 92' lang='lat' dir='ltr'><strong>ut</strong></span> <span class='ocrx_word' id='word_1_157' title='bbox 595 2301 690 2369; x_wconf 86' lang='lat' dir='ltr'><strong>partes</strong></span> <span class='ocrx_word' id='word_1_158' title='bbox 709 2297 802 2368; x_wconf 88' lang='lat' dir='ltr'><strong>ipsam</strong></span> <span class='ocrx_word' id='word_1_159' title='bbox 821 2292 1043 2369; x_wconf 79' lang='lat' dir='ltr'><strong>constituentes,</strong></span> <span class='ocrx_word' id='word_1_160' title='bbox 1065 2300 1145 2354; x_wconf 87' lang='lat' dir='ltr'><strong>certe</strong></span> <span class='ocrx_word' id='word_1_161' title='bbox 1163 2301 1197 2352; x_wconf 91' lang='lat' dir='ltr'><strong>ut</strong></span> 
     </span>
     <span class='ocr_line' id='line_1_21' title="bbox 109 2391 800 2468; baseline -0.001 -20"><span class='ocrx_word' id='word_1_162' title='bbox 109 2391 310 2450; x_wconf 87' lang='lat' dir='ltr'><strong>derivationes</strong></span> <span class='ocrx_word' id='word_1_163' title='bbox 327 2393 594 2468; x_wconf 87' lang='lat' dir='ltr'><strong>applicationesque</strong></span> <span class='ocrx_word' id='word_1_164' title='bbox 615 2397 800 2450; x_wconf 87' lang='lat' dir='ltr'><strong>revocantur.</strong></span> 
     </span>
    </p>

    <p class='ocr_par' dir='ltr' id='par_1_4' title="bbox 109 2486 1195 2852">
     <span class='ocr_line' id='line_1_22' title="bbox 171 2486 1191 2563; baseline 0.001 -19"><span class='ocrx_word' id='word_1_165' title='bbox 171 2489 343 2560; x_wconf 83' lang='lat' dir='ltr'><strong>Quaenam</strong></span> <span class='ocrx_word' id='word_1_166' title='bbox 365 2490 407 2545; x_wconf 89' lang='lat' dir='ltr'><strong>lta</strong></span> <span class='ocrx_word' id='word_1_167' title='bbox 430 2490 512 2560; x_wconf 87' lang='lat' dir='ltr'><strong>sint,</strong></span> <span class='ocrx_word' id='word_1_168' title='bbox 538 2488 723 2562; x_wconf 88' lang='lat' dir='ltr'><strong>philosophia</strong></span> <span class='ocrx_word' id='word_1_169' title='bbox 747 2490 907 2563; x_wconf 84' lang='lat' dir='ltr'><strong>generatim</strong></span> <span class='ocrx_word' id='word_1_170' title='bbox 932 2486 1048 2545; x_wconf 83' lang='lat' dir='ltr'><strong>dednirl</strong></span> <span class='ocrx_word' id='word_1_171' title='bbox 1075 2492 1191 2561; x_wconf 85' lang='lat' dir='ltr'><strong>posset:</strong></span> 
     </span>
     <span class='ocr_line' id='line_1_23' title="bbox 109 2583 1195 2660; baseline 0 -17"><span class='ocrx_word' id='word_1_172' title='bbox 109 2586 236 2643; x_wconf 79' lang='lat' dir='ltr'><strong>scientia</strong></span> <span class='ocrx_word' id='word_1_173' title='bbox 249 2599 453 2660; x_wconf 80' lang='lat' dir='ltr'><strong>supremorum</strong></span> <span class='ocrx_word' id='word_1_174' title='bbox 467 2586 625 2642; x_wconf 77' lang='lat' dir='ltr'><strong>veritatum</strong></span> <span class='ocrx_word' id='word_1_175' title='bbox 637 2583 774 2642; x_wconf 80' lang='lat' dir='ltr'><strong>naturali</strong></span> <span class='ocrx_word' id='word_1_176' title='bbox 788 2583 899 2642; x_wconf 82' lang='lat' dir='ltr'><strong>lumine</strong></span> <span class='ocrx_word' id='word_1_177' title='bbox 912 2587 1094 2660; x_wconf 82' lang='lat' dir='ltr'><strong>comparatu.</strong></span> <span class='ocrx_word' id='word_1_178' title='bbox 1108 2583 1195 2656; x_wconf 79' lang='lat' dir='ltr'><strong>Quod</strong></span> 
     </span>
     <span class='ocr_line' id='line_1_24' title="bbox 109 2680 1195 2757; baseline -0.002 -15"><span class='ocrx_word' id='word_1_179' title='bbox 109 2681 247 2742; x_wconf 87' lang='lat' dir='ltr'><strong>nltimam</strong></span> <span class='ocrx_word' id='word_1_180' title='bbox 262 2682 369 2740; x_wconf 89' lang='lat' dir='ltr'><strong>idcirco</strong></span> <span class='ocrx_word' id='word_1_181' title='bbox 388 2683 535 2756; x_wconf 88' lang='lat' dir='ltr'><strong>ponimus,</strong></span> <span class='ocrx_word' id='word_1_182' title='bbox 555 2687 586 2740; x_wconf 89' lang='lat' dir='ltr'><strong>ut</strong></span> <span class='ocrx_word' id='word_1_183' title='bbox 607 2697 625 2740; x_wconf 88' lang='lat' dir='ltr'><strong>a</strong></span> <span class='ocrx_word' id='word_1_184' title='bbox 642 2681 800 2757; x_wconf 82' lang='lat' dir='ltr'><strong>theologia,</strong></span> <span class='ocrx_word' id='word_1_185' title='bbox 818 2695 896 2756; x_wconf 87' lang='lat' dir='ltr'><strong>quae</strong></span> <span class='ocrx_word' id='word_1_186' title='bbox 913 2695 971 2738; x_wconf 89' lang='lat' dir='ltr'><strong>non</strong></span> <span class='ocrx_word' id='word_1_187' title='bbox 986 2697 1004 2739; x_wconf 88' lang='lat' dir='ltr'><strong>a</strong></span> <span class='ocrx_word' id='word_1_188' title='bbox 1021 2680 1131 2739; x_wconf 87' lang='lat' dir='ltr'><strong>lumine</strong></span> <span class='ocrx_word' id='word_1_189' title='bbox 1145 2697 1195 2740; x_wconf 87' lang='lat' dir='ltr'><strong>nc·</strong></span> 
     </span>
     <span class='ocr_line' id='line_1_25' title="bbox 110 2777 898 2852; baseline -0.004 -15"><span class='ocrx_word' id='word_1_190' title='bbox 110 2784 196 2838; x_wconf 88' lang='lat' dir='ltr'><strong>turae</strong></span> <span class='ocrx_word' id='word_1_191' title='bbox 215 2778 265 2837; x_wconf 91' lang='lat' dir='ltr'><strong>sed</strong></span> <span class='ocrx_word' id='word_1_192' title='bbox 287 2794 306 2836; x_wconf 90' lang='lat' dir='ltr'><strong>a</strong></span> <span class='ocrx_word' id='word_1_193' title='bbox 325 2777 396 2836; x_wconf 83' lang='lat' dir='ltr'><strong>Fide</strong></span> <span class='ocrx_word' id='word_1_194' title='bbox 416 2779 558 2852; x_wconf 88' lang='lat' dir='ltr'><strong>principia</strong></span> <span class='ocrx_word' id='word_1_195' title='bbox 579 2779 696 2852; x_wconf 86' lang='lat' dir='ltr'><strong>accipit,</strong></span> <span class='ocrx_word' id='word_1_196' title='bbox 719 2786 898 2837; x_wconf 64' lang='lat' dir='ltr'><strong>mantuo.</strong></span> 
     </span>
    </p>

    <p class='ocr_par' dir='ltr' id='par_1_5' title="bbox 84 2874 1199 3928">
     <span class='ocr_line' id='line_1_26' title="bbox 173 2874 1195 2951; baseline -0.001 -17"><span class='ocrx_word' id='word_1_197' title='bbox 173 2884 203 2934; x_wconf 78' lang='lat' dir='ltr'><strong>s.</strong></span> <span class='ocrx_word' id='word_1_198' title='bbox 225 2877 321 2951; x_wconf 79' lang='lat' dir='ltr'><strong>Atque</strong></span> <span class='ocrx_word' id='word_1_199' title='bbox 334 2875 364 2933; x_wconf 90' lang='lat' dir='ltr'><strong>id</strong></span> <span class='ocrx_word' id='word_1_200' title='bbox 379 2891 437 2934; x_wconf 88' lang='lat' dir='ltr'><strong>nnn</strong></span> <span class='ocrx_word' id='word_1_201' title='bbox 453 2877 493 2934; x_wconf 87' lang='lat' dir='ltr'><strong>ita</strong></span> <span class='ocrx_word' id='word_1_202' title='bbox 507 2875 631 2951; x_wconf 89' lang='lat' dir='ltr'><strong>intelligi</strong></span> <span class='ocrx_word' id='word_1_203' title='bbox 644 2874 732 2934; x_wconf 88' lang='lat' dir='ltr'><strong>dehet</strong></span> <span class='ocrx_word' id='word_1_204' title='bbox 744 2876 829 2951; x_wconf 87' lang='lat' dir='ltr'><strong>quasi</strong></span> <span class='ocrx_word' id='word_1_205' title='bbox 844 2891 925 2933; x_wconf 89' lang='lat' dir='ltr'><strong>rnens</strong></span> <span class='ocrx_word' id='word_1_206' title='bbox 940 2874 1067 2932; x_wconf 89' lang='lat' dir='ltr'><strong>hominis</strong></span> <span class='ocrx_word' id='word_1_207' title='bbox 1083 2874 1121 2933; x_wconf 90' lang='lat' dir='ltr'><strong>ad</strong></span> <span class='ocrx_word' id='word_1_208' title='bbox 1135 2875 1195 2950; x_wconf 87' lang='lat' dir='ltr'><strong>ple·</strong></span> 
     </span>
     <span class='ocr_line' id='line_1_27' title="bbox 110 2973 1195 3048; baseline 0 -18"><span class='ocrx_word' id='word_1_209' title='bbox 110 2988 181 3031; x_wconf 88' lang='lat' dir='ltr'><strong>num</strong></span> <span class='ocrx_word' id='word_1_210' title='bbox 195 2973 336 3032; x_wconf 87' lang='lat' dir='ltr'><strong>eiusmodi</strong></span> <span class='ocrx_word' id='word_1_211' title='bbox 351 2975 502 3032; x_wconf 86' lang='lat' dir='ltr'><strong>scientiam</strong></span> <span class='ocrx_word' id='word_1_212' title='bbox 518 2989 617 3048; x_wconf 85' lang='lat' dir='ltr'><strong>reapse</strong></span> <span class='ocrx_word' id='word_1_213' title='bbox 631 2976 805 3048; x_wconf 56' lang='lat' dir='ltr'><strong>wranerii,</strong></span> <span class='ocrx_word' id='word_1_214' title='bbox 818 2973 863 3031; x_wconf 84' lang='lat' dir='ltr'><strong>vei</strong></span> <span class='ocrx_word' id='word_1_215' title='bbox 878 2975 916 3030; x_wconf 89' lang='lat' dir='ltr'><strong>sit</strong></span> <span class='ocrx_word' id='word_1_216' title='bbox 929 2987 1058 3048; x_wconf 85' lang='lat' dir='ltr'><strong>unquam</strong></span> <span class='ocrx_word' id='word_1_217' title='bbox 1074 2989 1195 3046; x_wconf 87' lang='lat' dir='ltr'><strong>peruen-</strong></span> 
     </span>
     <span class='ocr_line' id='line_1_28' title="bbox 84 3069 1196 3148; baseline 0 -18"><span class='ocrx_word' id='word_1_218' title='bbox 84 3078 188 3130; x_wconf 85' lang='lat' dir='ltr'><strong>·turn.</strong></span> <span class='ocrx_word' id='word_1_219' title='bbox 211 3069 360 3131; x_wconf 78' lang='lat' dir='ltr'><strong>Perfectus</strong></span> <span class='ocrx_word' id='word_1_220' title='bbox 379 3075 457 3130; x_wconf 90' lang='lat' dir='ltr'><strong>enim</strong></span> <span class='ocrx_word' id='word_1_221' title='bbox 476 3073 591 3147; x_wconf 88' lang='lat' dir='ltr'><strong>sapiens</strong></span> <span class='ocrx_word' id='word_1_222' title='bbox 608 3073 684 3131; x_wconf 92' lang='lat' dir='ltr'><strong>allus</strong></span> <span class='ocrx_word' id='word_1_223' title='bbox 698 3087 800 3131; x_wconf 84' lang='lat' dir='ltr'><strong>revera</strong></span> <span class='ocrx_word' id='word_1_224' title='bbox 819 3088 878 3130; x_wconf 88' lang='lat' dir='ltr'><strong>non</strong></span> <span class='ocrx_word' id='word_1_225' title='bbox 899 3078 944 3130; x_wconf 83' lang='lat' dir='ltr'><strong>est</strong></span> <span class='ocrx_word' id='word_1_226' title='bbox 957 3074 1012 3130; x_wconf 89' lang='lat' dir='ltr'><strong>nisi</strong></span> <span class='ocrx_word' id='word_1_227' title='bbox 1027 3071 1124 3145; x_wconf 88' lang='lat' dir='ltr'><strong>Deus,</strong></span> <span class='ocrx_word' id='word_1_228' title='bbox 1144 3075 1196 3148; x_wconf 89' lang='lat' dir='ltr'><strong>qul</strong></span> 
     </span>
     <span class='ocr_line' id='line_1_29' title="bbox 109 3168 1195 3246; baseline 0.002 -20"><span class='ocrx_word' id='word_1_229' title='bbox 109 3168 212 3227; x_wconf 84' lang='lat' dir='ltr'><strong>amnia</strong></span> <span class='ocrx_word' id='word_1_230' title='bbox 232 3171 398 3246; x_wconf 77' lang='lat' dir='ltr'><strong>cognitione</strong></span> <span class='ocrx_word' id='word_1_231' title='bbox 412 3185 466 3228; x_wconf 88' lang='lat' dir='ltr'><strong>sua</strong></span> <span class='ocrx_word' id='word_1_232' title='bbox 480 3169 595 3228; x_wconf 88' lang='lat' dir='ltr'><strong>intinitn</strong></span> <span class='ocrx_word' id='word_1_233' title='bbox 617 3169 852 3245; x_wconf 69' lang='lat' dir='ltr'><strong>comprehendit,</strong></span> <span class='ocrx_word' id='word_1_234' title='bbox 872 3171 1002 3246; x_wconf 85' lang='lat' dir='ltr'><strong>cognitio</strong></span> <span class='ocrx_word' id='word_1_235' title='bbox 1020 3175 1118 3228; x_wconf 88' lang='lat' dir='ltr'><strong>autem</strong></span> <span class='ocrx_word' id='word_1_236' title='bbox 1139 3169 1195 3228; x_wconf 87' lang='lat' dir='ltr'><strong>ha·</strong></span> 
     </span>
     <span class='ocr_line' id='line_1_30' title="bbox 110 3267 1195 3342; baseline 0 -18"><span class='ocrx_word' id='word_1_237' title='bbox 110 3283 201 3325; x_wconf 88' lang='lat' dir='ltr'><strong>mana</strong></span> <span class='ocrx_word' id='word_1_238' title='bbox 213 3270 289 3326; x_wconf 86' lang='lat' dir='ltr'><strong>inter</strong></span> <span class='ocrx_word' id='word_1_239' title='bbox 309 3267 472 3328; x_wconf 65' lang='lat' dir='ltr'><strong>amolutam</strong></span> <span class='ocrx_word' id='word_1_240' title='bbox 496 3269 647 3326; x_wconf 87' lang='lat' dir='ltr'><strong>scientiam</strong></span> <span class='ocrx_word' id='word_1_241' title='bbox 666 3274 695 3326; x_wconf 91' lang='lat' dir='ltr'><strong>ct</strong></span> <span class='ocrx_word' id='word_1_242' title='bbox 712 3267 911 3325; x_wconf 81' lang='lat' dir='ltr'><strong>omnimodam</strong></span> <span class='ocrx_word' id='word_1_243' title='bbox 926 3269 1122 3342; x_wconf 84' lang='lat' dir='ltr'><strong>ignorantiam</strong></span> <span class='ocrx_word' id='word_1_244' title='bbox 1138 3283 1195 3324; x_wconf 85' lang='lat' dir='ltr'><strong>me·</strong></span> 
     </span>
     <span class='ocr_line' id='line_1_31' title="bbox 109 3362 1196 3439; baseline 0 -19"><span class='ocrx_word' id='word_1_245' title='bbox 109 3362 193 3420; x_wconf 88' lang='lat' dir='ltr'><strong>dium</strong></span> <span class='ocrx_word' id='word_1_246' title='bbox 211 3365 356 3438; x_wconf 88' lang='lat' dir='ltr'><strong>quoddam</strong></span> <span class='ocrx_word' id='word_1_247' title='bbox 378 3370 456 3424; x_wconf 74' lang='lat' dir='ltr'><strong>tend</strong></span> <span class='ocrx_word' id='word_1_248' title='bbox 474 3367 538 3424; x_wconf 83' lang='lat' dir='ltr'><strong>lter.</strong></span> <span class='ocrx_word' id='word_1_249' title='bbox 561 3365 626 3437; x_wconf 83' lang='lat' dir='ltr'><strong>Qua</strong></span> <span class='ocrx_word' id='word_1_250' title='bbox 643 3367 673 3422; x_wconf 92' lang='lat' dir='ltr'><strong>in</strong></span> <span class='ocrx_word' id='word_1_251' title='bbox 691 3365 884 3439; x_wconf 77' lang='lat' dir='ltr'><strong>repraestare</strong></span> <span class='ocrx_word' id='word_1_252' title='bbox 897 3364 1085 3422; x_wconf 86' lang='lat' dir='ltr'><strong>Lactantius:</strong></span> <span class='ocrx_word' id='word_1_253' title='bbox 1106 3387 1118 3414; x_wconf 71' lang='grc' dir='ltr'>ι</span> <span class='ocrx_word' id='word_1_254' title='bbox 1137 3364 1196 3420; x_wconf 83' lang='lat' dir='ltr'><strong>niti</strong></span> 
     </span>
     <span class='ocr_line' id='line_1_32' title="bbox 111 3459 1191 3542; baseline 0 -26"><span class='ocrx_word' id='word_1_255' title='bbox 111 3483 125 3508; x_wconf 72' lang='lat' dir='ltr'><strong>o</strong></span> <span class='ocrx_word' id='word_1_256' title='bbox 144 3465 322 3534; x_wconf 83' lang='lat' dir='ltr'><strong>putaverant</strong></span> <span class='ocrx_word' id='word_1_257' title='bbox 343 3465 410 3522; x_wconf 90' lang='lat' dir='ltr'><strong>sciri</strong></span> <span class='ocrx_word' id='word_1_258' title='bbox 425 3481 509 3539; x_wconf 84' lang='lat' dir='ltr'><strong>posse</strong></span> <span class='ocrx_word' id='word_1_259' title='bbox 522 3465 640 3538; x_wconf 82' lang='lat' dir='ltr'><strong>omnia3</strong></span> <span class='ocrx_word' id='word_1_260' title='bbox 663 3462 693 3520; x_wconf 91' lang='lat' dir='ltr'><strong>hi</strong></span> <span class='ocrx_word' id='word_1_261' title='bbox 708 3463 854 3537; x_wconf 87' lang='lat' dir='ltr'><strong>sapientes</strong></span> <span class='ocrx_word' id='word_1_262' title='bbox 868 3461 969 3536; x_wconf 83' lang='lat' dir='ltr'><strong>utiquc</strong></span> <span class='ocrx_word' id='word_1_263' title='bbox 981 3475 1040 3517; x_wconf 89' lang='lat' dir='ltr'><strong>non</strong></span> <span class='ocrx_word' id='word_1_264' title='bbox 1054 3459 1191 3542; x_wconf 60' lang='lat' dir='ltr'><strong>luerunt:</strong></span> 
     </span>
     <span class='ocr_line' id='line_1_33' title="bbox 113 3555 1196 3636; baseline -0.002 -22"><span class='ocrx_word' id='word_1_265' title='bbox 113 3579 126 3606; x_wconf 72' lang='lat' dir='ltr'><strong>a</strong></span> <span class='ocrx_word' id='word_1_266' title='bbox 145 3555 197 3628; x_wconf 83' lang='lat' dir='ltr'><strong>alil</strong></span> <span class='ocrx_word' id='word_1_267' title='bbox 217 3557 310 3632; x_wconf 80' lang='lat' dir='ltr'><strong>nihu3</strong></span> <span class='ocrx_word' id='word_1_268' title='bbox 333 3575 369 3618; x_wconf 87' lang='lat' dir='ltr'><strong>ne</strong></span> <span class='ocrx_word' id='word_1_269' title='bbox 393 3559 423 3618; x_wconf 93' lang='lat' dir='ltr'><strong>hl</strong></span> <span class='ocrx_word' id='word_1_270' title='bbox 446 3561 562 3636; x_wconf 76' lang='lat' dir='ltr'><strong>quidem</strong></span> <span class='ocrx_word' id='word_1_271' title='bbox 588 3563 733 3635; x_wconf 87' lang='lat' dir='ltr'><strong>sapientes</strong></span> <span class='ocrx_word' id='word_1_272' title='bbox 753 3559 884 3618; x_wconf 81' lang='lat' dir='ltr'><strong>inerunt.</strong></span> <span class='ocrx_word' id='word_1_273' title='bbox 905 3557 950 3616; x_wconf 87' lang='lat' dir='ltr'><strong>llll</strong></span> <span class='ocrx_word' id='word_1_274' title='bbox 966 3560 1035 3633; x_wconf 80' lang='lat' dir='ltr'><strong>qnia</strong></span> <span class='ocrx_word' id='word_1_275' title='bbox 1056 3557 1122 3632; x_wconf 89' lang='lat' dir='ltr'><strong>plus</strong></span> <span class='ocrx_word' id='word_1_276' title='bbox 1141 3555 1196 3613; x_wconf 89' lang='lat' dir='ltr'><strong>hu·</strong></span> 
     </span>
     <span class='ocr_line' id='line_1_34' title="bbox 109 3655 1193 3732; baseline -0.001 -20"><span class='ocrx_word' id='word_1_277' title='bbox 109 3679 125 3704; x_wconf 72' lang='grc' dir='ltr'><strong>«ι</strong></span> <span class='ocrx_word' id='word_1_278' title='bbox 143 3655 217 3712; x_wconf 89' lang='lat' dir='ltr'><strong>mini</strong></span> <span class='ocrx_word' id='word_1_279' title='bbox 240 3655 399 3731; x_wconf 85' lang='lat' dir='ltr'><strong>dederunt,</strong></span> <span class='ocrx_word' id='word_1_280' title='bbox 419 3658 448 3715; x_wconf 95' lang='lat' dir='ltr'><strong>hl</strong></span> <span class='ocrx_word' id='word_1_281' title='bbox 470 3662 540 3732; x_wconf 84' lang='lat' dir='ltr'><strong>quia</strong></span> <span class='ocrx_word' id='word_1_282' title='bbox 555 3661 665 3718; x_wconf 89' lang='lat' dir='ltr'><strong>minus.</strong></span> <span class='ocrx_word' id='word_1_283' title='bbox 690 3657 829 3731; x_wconf 85' lang='lat' dir='ltr'><strong>Utrisque</strong></span> <span class='ocrx_word' id='word_1_284' title='bbox 852 3658 882 3713; x_wconf 91' lang='lat' dir='ltr'><strong>ln</strong></span> <span class='ocrx_word' id='word_1_285' title='bbox 907 3661 1193 3728; x_wconf 85' lang='lat' dir='ltr'><strong>utramquepartem</strong></span> 
     </span>
     <span class='ocr_line' id='line_1_35' title="bbox 110 3752 1198 3832; baseline 0.004 -26"><span class='ocrx_word' id='word_1_286' title='bbox 110 3779 125 3806; x_wconf 71' lang='lat' dir='ltr'><strong>a</strong></span> <span class='ocrx_word' id='word_1_287' title='bbox 143 3753 249 3812; x_wconf 87' lang='lat' dir='ltr'><strong>modus</strong></span> <span class='ocrx_word' id='word_1_288' title='bbox 272 3752 376 3811; x_wconf 87' lang='lat' dir='ltr'><strong>deluit.</strong></span> <span class='ocrx_word' id='word_1_289' title='bbox 402 3753 458 3812; x_wconf 91' lang='lat' dir='ltr'><strong>Uhl</strong></span> <span class='ocrx_word' id='word_1_290' title='bbox 479 3771 548 3832; x_wconf 88' lang='lat' dir='ltr'><strong>ergo</strong></span> <span class='ocrx_word' id='word_1_291' title='bbox 562 3756 726 3831; x_wconf 81' lang='lat' dir='ltr'><strong>sapientiai</strong></span> <span class='ocrx_word' id='word_1_292' title='bbox 740 3754 780 3813; x_wconf 88' lang='lat' dir='ltr'><strong>Ut</strong></span> <span class='ocrx_word' id='word_1_293' title='bbox 795 3769 888 3829; x_wconf 82' lang='lat' dir='ltr'><strong>neque</strong></span> <span class='ocrx_word' id='word_1_294' title='bbox 902 3760 932 3812; x_wconf 92' lang='lat' dir='ltr'><strong>tc</strong></span> <span class='ocrx_word' id='word_1_295' title='bbox 943 3754 1044 3810; x_wconf 89' lang='lat' dir='ltr'><strong>omnia</strong></span> <span class='ocrx_word' id='word_1_296' title='bbox 1058 3754 1134 3810; x_wconf 86' lang='lat' dir='ltr'><strong>scira</strong></span> <span class='ocrx_word' id='word_1_297' title='bbox 1147 3769 1198 3826; x_wconf 91' lang='lat' dir='ltr'><strong>pn·</strong></span> 
     </span>
     <span class='ocr_line' id='line_1_36' title="bbox 111 3849 1199 3928; baseline -0.007 -14"><span class='ocrx_word' id='word_1_298' title='bbox 111 3875 125 3901; x_wconf 67' lang='grc' dir='ltr'>ι</span> <span class='ocrx_word' id='word_1_299' title='bbox 145 3858 202 3926; x_wconf 74' lang='lat' dir='ltr'><strong>tas,</strong></span> <span class='ocrx_word' id='word_1_300' title='bbox 215 3850 295 3926; x_wconf 88' lang='lat' dir='ltr'><strong>quod</strong></span> <span class='ocrx_word' id='word_1_301' title='bbox 308 3849 361 3909; x_wconf 88' lang='lat' dir='ltr'><strong>Dat</strong></span> <span class='ocrx_word' id='word_1_302' title='bbox 375 3857 437 3925; x_wconf 86' lang='lat' dir='ltr'><strong>est;</strong></span> <span class='ocrx_word' id='word_1_303' title='bbox 458 3867 549 3927; x_wconf 85' lang='lat' dir='ltr'><strong>neque</strong></span> <span class='ocrx_word' id='word_1_304' title='bbox 562 3856 662 3913; x_wconf 89' lang='lat' dir='ltr'><strong>omnia</strong></span> <span class='ocrx_word' id='word_1_305' title='bbox 675 3854 808 3928; x_wconf 82' lang='lat' dir='ltr'><strong>nescire,</strong></span> <span class='ocrx_word' id='word_1_306' title='bbox 829 3851 907 3928; x_wconf 89' lang='lat' dir='ltr'><strong>quod</strong></span> <span class='ocrx_word' id='word_1_307' title='bbox 928 3849 1048 3926; x_wconf 56' lang='lat' dir='ltr'><strong>pendis</strong></span> <span class='ocrx_word' id='word_1_308' title='bbox 1073 3851 1095 3906; x_wconf 83' lang='lat'><strong>¹.</strong></span> <span class='ocrx_word' id='word_1_309' title='bbox 1116 3875 1128 3899; x_wconf 88' lang='lat'><strong>·</strong></span> <span class='ocrx_word' id='word_1_310' title='bbox 1153 3849 1199 3907; x_wconf 89' lang='lat' dir='ltr'><strong>ld·</strong></span> 
     </span>
    </p>
   </div>
   <div class='ocr_carea' id='block_1_3' title="bbox 171 4062 513 4122">
    <p class='ocr_par' dir='ltr' id='par_1_6' title="bbox 171 4062 513 4122">
     <span class='ocr_line' id='line_1_37' title="bbox 171 4062 513 4122; baseline 0 -11"><span class='ocrx_word' id='word_1_311' title='bbox 171 4069 181 4111; x_wconf 88' lang='grc' dir='ltr'><strong>ι</strong></span> <span class='ocrx_word' id='word_1_312' title='bbox 198 4064 286 4114; x_wconf 78' lang='lat' dir='ltr'><strong>Dicin.</strong></span> <span class='ocrx_word' id='word_1_313' title='bbox 303 4065 368 4114; x_wconf 86' lang='lat' dir='ltr'><strong>lusi.</strong></span> <span class='ocrx_word' id='word_1_314' title='bbox 386 4062 402 4112; x_wconf 92' lang='lat' dir='ltr'><strong>l.</strong></span> <span class='ocrx_word' id='word_1_315' title='bbox 419 4069 440 4122; x_wconf 90' lang='lat' dir='ltr'><strong>i,</strong></span> <span class='ocrx_word' id='word_1_316' title='bbox 453 4075 475 4110; x_wconf 86' lang='lat' dir='ltr'><strong>c.</strong></span> <span class='ocrx_word' id='word_1_317' title='bbox 489 4071 513 4112; x_wconf 85' lang='lat' dir='ltr'><strong>n.</strong></span> 
     </span>
    </p>
   </div>
   <div class='ocr_carea' id='block_1_4' title="bbox 0 0 1450 4425">
    <p class='ocr_par' dir='ltr' id='par_1_7' title="bbox 0 0 1450 4425">
     <span class='ocr_line' id='line_1_38' title="bbox 0 0 1450 4425; baseline 0 2"><span class='ocrx_word' id='word_1_318' title='bbox 0 0 1450 4425; x_wconf 95' lang='lat' dir='ltr'><strong> </strong></span> 
     </span>
    </p>
   </div>
  </div>
 </body>
</html>
