2892 4425
229 348 268 402 iti
335 348 340 361 '
679 355 834 401 -toerorr
866 372 870 380 ·

226 466 370 528 eiusmodi
384 470 513 543 quotuor
531 470 678 525 onustaret
696 467 842 524 terminis.
863 462 1019 524 Terminus
1036 463 1128 540 enim,
1140 465 1200 541 ‘qui
1216 464 1315 527 iatius·

226 571 306 641 patet
327 566 357 624 in
382 563 584 639 conclusione,
612 562 874 639 proprietateque
896 560 999 621 ‹litlert
1015 560 1057 621 ab
1075 577 1113 621 eo
1134 564 1186 639 qut
1206 564 1307 623 minus

226 661 344 736 patebat
366 664 397 720 in
419 662 597 736 praemissis.

283 758 395 817 Tertia:
412 756 530 817 Meritus
545 758 737 817 termimu'ue
748 754 937 833 laprediotur
950 754 1127 815 illationem.
1141 757 1213 817 Eius
1225 760 1305 819 enim

225 858 354 931 partium
374 860 419 915 ost
438 857 600 930 ooinparari
620 857 650 913 iu
672 856 840 930 praemissis
859 869 927 912 eum
941 854 1071 913 suniero
1088 861 1119 914 et
1137 855 1305 931 pmetiiosto

100 1008 103 1019 ,
227 952 377 1029 illationis,
398 958 432 1012 nt
451 951 586 1011 videatur
606 958 706 1011 utrum
726 951 759 1009 iri
777 954 855 1011 iuter
867 966 900 1009 se
918 953 1096 1010 oonrenlant
1114 968 1217 1011 neena.
1240 952 1305 1013 lin·

226 1066 283 1111 uos
302 1058 400 1111 autern
421 1050 560 1109 illationis
580 1056 625 1109 eat
645 1064 702 1107 uon
723 1064 895 1124 comparare
913 1048 1042 1107 medium
1062 1064 1130 1107 enm
1149 1052 1302 1126 extremis,

225 1147 277 1207 sed
296 1150 361 1224 ipsa
379 1152 509 1207 extmma
529 1146 624 1239 omni
638 1145 835 1219 affirmatiope
854 1147 1052 1220 malaopera,
1077 1151 1130 1204 ant
1149 1148 1304 1221 uegetioris

224 1248 387 1321 seiungere,
401 1251 521 1321 propter
533 1242 702 1304 eorumdem
716 1244 963 1318 oomparntinnem
977 1258 1045 1301 oum
1059 1241 1156 1301 medlo
1173 1244 1205 1301 in
1218 1259 1302 1319 prae·

392 1349 404 1401 t
424 1360 464 1402 m.
519 1372 529 1399 ›

224 1345 394 1515 mutarit
403 1360 420 1497 ra
430 1437 547 1499 Medius
562 1440 702 1497 terminus
715 1440 749 1496 iu
762 1453 823 1497 uuo
834 1434 941 1495 saltem
956 1438 1188 1513 proemium-um
1201 1437 1303 1498 distri·

226 1537 325 1611 buitur
338 1539 484 1595 sumatur.
504 1536 547 1593 Ex
562 1538 626 1610 ipsa
646 1535 810 1611 syllogismi
824 1541 929 1593 natura
947 1534 978 1593 id
997 1536 1099 1593 claret.
1121 1534 1207 1617 Natu
1217 1536 1303 1599 aliter

224 1634 317 1694 illatio
329 1632 409 1693 dioto
428 1632 465 1691 de
478 1634 558 1691 omui
577 1636 608 1691 rt
626 1630 706 1691 dioto
724 1631 762 1690 de
775 1630 859 1691 auito
872 1647 933 1690 non
947 1633 1097 1689 niteretur.
1119 1630 1244 1708 sumpto
1261 1635 1301 1692 si·

224 1732 341 1807 quidem
362 1730 457 1789 medio
479 1745 537 1789 non
558 1728 655 1805 quoad
684 1734 775 1788 totam
796 1744 878 1787 suam
903 1727 1106 1805 latitudinem,
1132 1728 1185 1787 seri
1204 1729 1301 1805 quom

120 1814 124 1833 '
224 1834 336 1905 partem
354 1828 520 1902 dumtaxat,
541 1828 709 1901 contingere
723 1828 830 1901 poterit
845 1831 878 1883 nt
891 1824 1090 1901 praedicatum
1105 1826 1301 1887 oonolusioois

224 1926 379 1985 conveniat
398 1930 451 1984 aut
470 1924 612 1999 discrepet
637 1924 705 1981 huic
719 1924 795 1997 parti
814 1928 943 1998 tautum,
963 1916 1034 1999 quin
1057 1930 1156 1983 tamen
1174 1924 1230 1983 sub
1248 1924 1302 1985 iila

223 2022 384 2083 subiectum
411 2021 550 2080 illationis
570 2023 766 2101 contueatur.
794 2020 845 2078 ins
865 2021 955 2096 igitur
979 2018 1084 2079 exinde
1102 2036 1162 2079 non
1183 2024 1239 2081 erit
1261 2022 1301 2082 ari

222 2120 299 2178 idem
318 2119 516 2197 praedicatum
536 2118 573 2177 de
593 2118 649 2177 hoo
668 2116 799 2177 subiecto
819 2116 1027 2177 affirmandum
1044 2104 1100 2177 'aot
1119 2118 1298 2195 negantium.

222 2215 289 2276 Non
304 2219 380 2276 enim
402 2218 433 2274 iu
453 2233 487 2276 ea
508 2223 589 2292 parte
609 2216 698 2274 madii
718 2218 847 2292 termini,
862 2232 938 2292 quae
956 2232 1025 2275 oum
1045 2216 1214 2292 praedicato
1232 2217 1298 2277 illa·

221 2315 309 2372 tionis
328 2321 496 2389 comparata
515 2319 569 2390 est,
587 2312 637 2372 sed
658 2316 689 2394 iu
710 2313 781 2390 alla,
795 2329 871 2390 quae
891 2315 998 2373 omissa
1012 2319 1070 2389 ost,
1082 2313 1297 2375 includebatur.

222 2410 363 2488 Exemplo
384 2428 430 2471 res
448 2411 498 2470 tiet
518 2411 670 2471 illustrior.
693 2409 832 2471 Sumatur
851 2411 900 2470 hio
920 2411 1129 2488 syllogismus:
1152 2427 1243 2489 epum
1255 2417 1303 2472 est

220 2509 354 2586 mrtmol‚·
374 2509 460 2570 tiorno
479 2513 525 2570 ert
543 2508 674 2582 outmnt‚·
694 2525 765 2586 opo
777 2524 869 2586 equus
887 2513 933 2568 est
951 2507 1048 2570 tomo.
1062 2507 1104 2570 Ut
1116 2512 1241 2586 quisqam
1253 2513 1298 2568 vi·

220 2607 282 2684 (let,
297 2607 410 2668 medius
427 2610 569 2667 terminus
585 2604 710 2688 animet,
733 2609 784 2683 qni
803 2609 835 2664 in
853 2612 959 2665 neutro
970 2609 1132 2682 praemissa
1149 2606 1301 2666 distribui-

220 2710 282 2779 tur,
300 2721 361 2764 non
380 2703 478 2780 quoad
497 2701 629 2762 mmdem
650 2704 696 2762 sni
717 2708 832 2778 partem
851 2719 919 2763 enm
933 2702 1065 2762 subiecto
1083 2709 1114 2762 et
1131 2703 1302 2780 praedicato

219 2800 359 2860 illationis
375 2807 581 2878 eomparatur.
595 2799 668 2860 Cum
682 2803 761 2858 enirn
774 2799 883 2860 dieitur
900 2817 991 2878 epuus
1004 2805 1050 2860 est
1062 2800 1187 2876 mmai,
1202 2800 1234 2860 itl
1248 2817 1300 2861 re·

219 2915 285 2958 rum
306 2903 350 2957 est
369 2897 406 2956 tie
425 2897 525 2972 aliqua
545 2899 641 2972 speeie
661 2899 817 2972 animalis;
839 2900 968 2975 itemque
986 2913 1054 2957 eum
1074 2881 1193 2957 additur
1212 2896 1302 2958 tomo

219 2999 263 3056 est
283 2994 413 3067 animal,
436 3009 535 3054 verum
550 2997 637 3054 mam
658 2993 715 3055 hoo
734 3001 791 3072 ost,
812 2996 864 3054 sed
883 2995 921 3055 de
933 2995 993 3056 aiis
1012 2997 1170 3055 animantis
1189 2999 1300 3072 speeie.

218 3093 315 3167 Quare
338 3098 468 3152 extrema
487 3107 555 3151 oum
575 3090 676 3151 eodem
697 3091 794 3151 merliu
818 3109 920 3152 rerem
938 3109 999 3152 uon
1019 3092 1231 3169 ooulmoutur3
1253 3099 1300 3152 at·

218 3205 276 3267 que
293 3191 358 3250 ideo
379 3192 408 3248 oi
425 3195 588 3250 structuras
604 3191 768 3268 syllogismi
782 3190 871 3250 hoius
889 3191 996 3251 deduci
1010 3193 1112 3268 oeqott
1128 3197 1231 3250 mutua
1245 3207 1300 3250 ox·

218 3292 378 3347 tremorum
389 3289 594 3346 eonvenieutia
614 3287 659 3346 vel
679 3288 885 3362 discrepantia.
1226 3315 1232 3320 ·

278 3383 319 3444 Ut
333 3390 432 3444 autem
440 3390 543 3460 pateat
558 3391 655 3444 utrum
677 3384 790 3443 medios
810 3386 841 3442 io
858 3387 1026 3460 praemissis
1040 3401 1141 3444 reuera
1154 3383 1300 3444 tornio-

220 3484 279 3541 tlue
298 3484 469 3558 recipiatur,
491 3482 563 3542 itaeo
582 3481 689 3558 duplex
705 3481 805 3558 regula
824 3489 969 3556 spectetur
981 3489 1123 3561 oportere
1135 3483 1300 3542 subiectum

217 3582 344 3638 inomni
365 3586 394 3638 et
413 3579 475 3639 sola
488 3583 684 3656 propositione
699 3578 858 3638 universali
875 3582 1040 3654 penetotius
1057 3582 1229 3640 motatore
1243 3595 1301 3640 sua

217 3675 370 3735 latitudine
383 3679 522 3752 sumitur,
542 3675 740 3752 praedicatum
755 3689 825 3734 uero
839 3678 956 3735 nonnisi
972 3678 1004 3736 in
1020 3677 1084 3737 sola
1099 3679 1299 3753 propositione

217 3775 364 3848 negativa.
450 3781 458 3794 '

276 3869 402 3942 Quinta:
428 3869 478 3929 Eo·
490 3867 606 3928 duobus
618 3870 789 3944 maenum
804 3869 984 3945 meantibus
999 3869 1087 3930 auito
1105 3872 1240 3948 sequitur
1257 3868 1297 3929 tt·

219 3959 304 4026 totio.
324 3963 387 4026 Nisi
408 3966 485 4025 enim
507 3965 648 4026 alterutra
667 3966 828 4042 praemissa
847 3965 976 4028 allirrnat
991 3968 1167 4030 alterutrum
1187 3967 1296 4028 iiiatio·
