<?xml version="1.0" encoding="UTF-8"?>
<!DOCTYPE html PUBLIC "-//W3C//DTD XHTML 1.0 Transitional//EN"
    "http://www.w3.org/TR/xhtml1/DTD/xhtml1-transitional.dtd">
<html xmlns="http://www.w3.org/1999/xhtml" xml:lang="en" lang="en">
 <head>
  <title>
</title>
<meta http-equiv="Content-Type" content="text/html;charset=utf-8" />
  <meta name='ocr-system' content='tesseract 3.04.00' />
  <meta name='ocr-capabilities' content='ocr_page ocr_carea ocr_par ocr_line ocrx_word'/>
</head>
<body>
  <div class='ocr_page' id='page_1' title='image "./institutionesph01libegoog_0258.png"; bbox 0 0 2892 4425; ppageno 0'>
   <div class='ocr_carea' id='block_1_1' title="bbox 247 353 985 405">
    <p class='ocr_par' dir='ltr' id='par_1_1' title="bbox 247 353 985 405">
     <span class='ocr_line' id='line_1_1' title="bbox 247 353 985 405; baseline -0.007 -1"><span class='ocrx_word' id='word_1_1' title='bbox 247 353 304 404; x_wconf 73' lang='lat'><strong>252</strong></span> <span class='ocrx_word' id='word_1_2' title='bbox 573 357 792 402; x_wconf 60' lang='lat' dir='ltr'><strong>Ummidius</strong></span> <span class='ocrx_word' id='word_1_3' title='bbox 813 355 985 405; x_wconf 57' lang='lat' dir='ltr'><strong>onustis</strong></span> 
     </span>
    </p>
   </div>
   <div class='ocr_carea' id='block_1_2' title="bbox 245 445 1320 3290">
    <p class='ocr_par' dir='ltr' id='par_1_2' title="bbox 245 445 1312 920">
     <span class='ocr_line' id='line_1_2' title="bbox 245 445 1311 541; baseline -0.003 -12"><span class='ocrx_word' id='word_1_4' title='bbox 245 470 381 530; x_wconf 73' lang='lat' dir='ltr'><strong>aeonum</strong></span> <span class='ocrx_word' id='word_1_5' title='bbox 402 467 574 526; x_wconf 81' lang='lat' dir='ltr'><strong>theoretieos</strong></span> <span class='ocrx_word' id='word_1_6' title='bbox 594 481 782 541; x_wconf 71' lang='lat' dir='ltr'><strong>persuum,</strong></span> <span class='ocrx_word' id='word_1_7' title='bbox 804 468 885 524; x_wconf 79' lang='lat' dir='ltr'><strong>varia</strong></span> <span class='ocrx_word' id='word_1_8' title='bbox 913 467 1018 540; x_wconf 90' lang='lat' dir='ltr'><strong>promit</strong></span> <span class='ocrx_word' id='word_1_9' title='bbox 1040 465 1187 540; x_wconf 74' lang='lat' dir='ltr'><strong>exmnptn,</strong></span> <span class='ocrx_word' id='word_1_10' title='bbox 1204 445 1311 541; x_wconf 79' lang='lat' dir='ltr'><strong>quibos</strong></span> 
     </span>
     <span class='ocr_line' id='line_1_3' title="bbox 245 562 1311 642; baseline -0.002 -17"><span class='ocrx_word' id='word_1_11' title='bbox 245 566 366 626; x_wconf 86' lang='lat' dir='ltr'><strong>totidem</strong></span> <span class='ocrx_word' id='word_1_12' title='bbox 386 565 492 625; x_wconf 87' lang='lat' dir='ltr'><strong>iodieis</strong></span> <span class='ocrx_word' id='word_1_13' title='bbox 503 563 671 642; x_wconf 57' lang='lat' dir='ltr'><strong>mathiten</strong></span> <span class='ocrx_word' id='word_1_14' title='bbox 685 582 706 624; x_wconf 89' lang='lat' dir='ltr'><strong>o</strong></span> <span class='ocrx_word' id='word_1_15' title='bbox 722 566 818 642; x_wconf 72' lang='lat' dir='ltr'><strong>priori</strong></span> <span class='ocrx_word' id='word_1_16' title='bbox 831 565 972 624; x_wconf 86' lang='lat' dir='ltr'><strong>eontineri</strong></span> <span class='ocrx_word' id='word_1_17' title='bbox 991 565 1139 622; x_wconf 81' lang='lat' dir='ltr'><strong>existimat</strong></span> <span class='ocrx_word' id='word_1_18' title='bbox 1153 566 1174 622; x_wconf 91' lang='lat'><strong>¹.</strong></span> <span class='ocrx_word' id='word_1_19' title='bbox 1190 562 1311 624; x_wconf 78' lang='lat' dir='ltr'><strong>Sodou-</strong></span> 
     </span>
     <span class='ocr_line' id='line_1_4' title="bbox 245 661 1311 740; baseline 0 -18"><span class='ocrx_word' id='word_1_20' title='bbox 245 670 362 740; x_wconf 79' lang='lat' dir='ltr'><strong>tepuom</strong></span> <span class='ocrx_word' id='word_1_21' title='bbox 377 679 413 722; x_wconf 91' lang='lat' dir='ltr'><strong>ea</strong></span> <span class='ocrx_word' id='word_1_22' title='bbox 435 663 604 739; x_wconf 78' lang='lat' dir='ltr'><strong>singiiiatim</strong></span> <span class='ocrx_word' id='word_1_23' title='bbox 616 661 788 738; x_wconf 80' lang='lat' dir='ltr'><strong>referamus,</strong></span> <span class='ocrx_word' id='word_1_24' title='bbox 801 679 904 738; x_wconf 87' lang='lat' dir='ltr'><strong>operae</strong></span> <span class='ocrx_word' id='word_1_25' title='bbox 920 664 1044 737; x_wconf 87' lang='lat' dir='ltr'><strong>pretium</strong></span> <span class='ocrx_word' id='word_1_26' title='bbox 1055 663 1109 720; x_wconf 88' lang='lat' dir='ltr'><strong>erit</strong></span> <span class='ocrx_word' id='word_1_27' title='bbox 1128 662 1214 721; x_wconf 85' lang='lat' dir='ltr'><strong>huius</strong></span> <span class='ocrx_word' id='word_1_28' title='bbox 1231 679 1311 722; x_wconf 89' lang='lat' dir='ltr'><strong>eom·</strong></span> 
     </span>
     <span class='ocr_line' id='line_1_5' title="bbox 245 759 1312 837; baseline 0 -16"><span class='ocrx_word' id='word_1_29' title='bbox 245 764 335 821; x_wconf 91' lang='lat' dir='ltr'><strong>monti</strong></span> <span class='ocrx_word' id='word_1_30' title='bbox 350 760 558 820; x_wconf 73' lang='lat' dir='ltr'><strong>absurditaum</strong></span> <span class='ocrx_word' id='word_1_31' title='bbox 578 760 819 837; x_wconf 82' lang='lat' dir='ltr'><strong>animadvertere,</strong></span> <span class='ocrx_word' id='word_1_32' title='bbox 837 775 913 836; x_wconf 88' lang='lat' dir='ltr'><strong>quoe</strong></span> <span class='ocrx_word' id='word_1_33' title='bbox 929 759 1045 836; x_wconf 81' lang='lat' dir='ltr'><strong>quidem</strong></span> <span class='ocrx_word' id='word_1_34' title='bbox 1067 775 1103 818; x_wconf 80' lang='lat' dir='ltr'><strong>er</strong></span> <span class='ocrx_word' id='word_1_35' title='bbox 1124 760 1189 836; x_wconf 83' lang='lat' dir='ltr'><strong>ipso</strong></span> <span class='ocrx_word' id='word_1_36' title='bbox 1211 759 1312 821; x_wconf 82' lang='lat' dir='ltr'><strong>huma·</strong></span> 
     </span>
     <span class='ocr_line' id='line_1_6' title="bbox 245 859 904 920; baseline -0.009 -2"><span class='ocrx_word' id='word_1_37' title='bbox 245 875 301 920; x_wconf 86' lang='lat' dir='ltr'><strong>nae</strong></span> <span class='ocrx_word' id='word_1_38' title='bbox 326 862 431 919; x_wconf 86' lang='lat' dir='ltr'><strong>mentis</strong></span> <span class='ocrx_word' id='word_1_39' title='bbox 454 865 559 920; x_wconf 77' lang='lat' dir='ltr'><strong>notura</strong></span> <span class='ocrx_word' id='word_1_40' title='bbox 576 859 662 920; x_wconf 76' lang='lat' dir='ltr'><strong>focile</strong></span> <span class='ocrx_word' id='word_1_41' title='bbox 683 861 849 918; x_wconf 76' lang='lat' dir='ltr'><strong>innotescit.</strong></span> <span class='ocrx_word' id='word_1_42' title='bbox 898 873 904 912; x_wconf 87' lang='grc'><strong>·,</strong></span> 
     </span>
    </p>

    <p class='ocr_par' dir='ltr' id='par_1_3' title="bbox 245 957 1318 2291">
     <span class='ocr_line' id='line_1_7' title="bbox 306 957 1312 1034; baseline -0.001 -18"><span class='ocrx_word' id='word_1_43' title='bbox 306 965 356 1016; x_wconf 82' lang='lat' dir='ltr'><strong>st.</strong></span> <span class='ocrx_word' id='word_1_44' title='bbox 378 957 463 1017; x_wconf 77' lang='lat' dir='ltr'><strong>idern</strong></span> <span class='ocrx_word' id='word_1_45' title='bbox 489 959 567 1016; x_wconf 89' lang='lat' dir='ltr'><strong>enim</strong></span> <span class='ocrx_word' id='word_1_46' title='bbox 597 973 665 1017; x_wconf 86' lang='lat' dir='ltr'><strong>eom</strong></span> <span class='ocrx_word' id='word_1_47' title='bbox 685 957 877 1034; x_wconf 71' lang='lat' dir='ltr'><strong>cognoscendi</strong></span> <span class='ocrx_word' id='word_1_48' title='bbox 908 961 937 1016; x_wconf 86' lang='lat' dir='ltr'><strong>vi</strong></span> <span class='ocrx_word' id='word_1_49' title='bbox 956 963 1078 1032; x_wconf 77' lang='lat' dir='ltr'><strong>montet,</strong></span> <span class='ocrx_word' id='word_1_50' title='bbox 1097 959 1197 1034; x_wconf 84' lang='lat' dir='ltr'><strong>nequit</strong></span> <span class='ocrx_word' id='word_1_51' title='bbox 1217 957 1312 1032; x_wconf 81' lang='lat' dir='ltr'><strong>proie-</strong></span> 
     </span>
     <span class='ocr_line' id='line_1_8' title="bbox 245 1053 1314 1132; baseline -0.003 -17"><span class='ocrx_word' id='word_1_52' title='bbox 245 1063 294 1115; x_wconf 90' lang='lat' dir='ltr'><strong>oto</strong></span> <span class='ocrx_word' id='word_1_53' title='bbox 314 1071 444 1132; x_wconf 84' lang='lat' dir='ltr'><strong>unquam</strong></span> <span class='ocrx_word' id='word_1_54' title='bbox 467 1057 601 1114; x_wconf 72' lang='lat' dir='ltr'><strong>mmntiri</strong></span> <span class='ocrx_word' id='word_1_55' title='bbox 620 1053 746 1128; x_wconf 83' lang='lat' dir='ltr'><strong>obtorto,</strong></span> <span class='ocrx_word' id='word_1_56' title='bbox 767 1053 845 1130; x_wconf 86' lang='lat' dir='ltr'><strong>quod</strong></span> <span class='ocrx_word' id='word_1_57' title='bbox 866 1069 919 1114; x_wconf 87' lang='lat' dir='ltr'><strong>nee</strong></span> <span class='ocrx_word' id='word_1_58' title='bbox 938 1057 967 1113; x_wconf 90' lang='lat' dir='ltr'><strong>in</strong></span> <span class='ocrx_word' id='word_1_59' title='bbox 990 1069 1032 1128; x_wconf 87' lang='lat' dir='ltr'><strong>se,</strong></span> <span class='ocrx_word' id='word_1_60' title='bbox 1052 1069 1104 1112; x_wconf 88' lang='lat' dir='ltr'><strong>nso</strong></span> <span class='ocrx_word' id='word_1_61' title='bbox 1122 1055 1153 1112; x_wconf 91' lang='lat' dir='ltr'><strong>in</strong></span> <span class='ocrx_word' id='word_1_62' title='bbox 1176 1053 1233 1112; x_wconf 92' lang='lat' dir='ltr'><strong>aiio</strong></span> <span class='ocrx_word' id='word_1_63' title='bbox 1246 1069 1314 1112; x_wconf 86' lang='lat' dir='ltr'><strong>oon-</strong></span> 
     </span>
     <span class='ocr_line' id='line_1_9' title="bbox 245 1153 1312 1230; baseline -0.001 -16"><span class='ocrx_word' id='word_1_64' title='bbox 245 1159 353 1214; x_wconf 88' lang='lat' dir='ltr'><strong>tuator.</strong></span> <span class='ocrx_word' id='word_1_65' title='bbox 376 1153 518 1230; x_wconf 85' lang='lat' dir='ltr'><strong>Itemque,</strong></span> <span class='ocrx_word' id='word_1_66' title='bbox 536 1169 605 1214; x_wconf 87' lang='lat' dir='ltr'><strong>eom</strong></span> <span class='ocrx_word' id='word_1_67' title='bbox 622 1155 685 1212; x_wconf 87' lang='lat' dir='ltr'><strong>eius</strong></span> <span class='ocrx_word' id='word_1_68' title='bbox 702 1159 786 1210; x_wconf 85' lang='lat' dir='ltr'><strong>aetus</strong></span> <span class='ocrx_word' id='word_1_69' title='bbox 803 1155 910 1228; x_wconf 89' lang='lat' dir='ltr'><strong>omnis,</strong></span> <span class='ocrx_word' id='word_1_70' title='bbox 929 1153 1073 1212; x_wconf 83' lang='lat' dir='ltr'><strong>obiectum</strong></span> <span class='ocrx_word' id='word_1_71' title='bbox 1088 1154 1254 1228; x_wconf 69' lang='lat' dir='ltr'><strong>cognitione</strong></span> <span class='ocrx_word' id='word_1_72' title='bbox 1266 1159 1312 1213; x_wconf 86' lang='lat' dir='ltr'><strong>at·</strong></span> 
     </span>
     <span class='ocr_line' id='line_1_10' title="bbox 245 1249 1313 1328; baseline 0 -18"><span class='ocrx_word' id='word_1_73' title='bbox 245 1253 373 1328; x_wconf 76' lang='lat' dir='ltr'><strong>tingens,</strong></span> <span class='ocrx_word' id='word_1_74' title='bbox 386 1255 417 1310; x_wconf 91' lang='lat' dir='ltr'><strong>in</strong></span> <span class='ocrx_word' id='word_1_75' title='bbox 436 1249 634 1326; x_wconf 82' lang='lat' dir='ltr'><strong>perspiciendo</strong></span> <span class='ocrx_word' id='word_1_76' title='bbox 647 1252 687 1310; x_wconf 88' lang='lat' dir='ltr'><strong>sit</strong></span> <span class='ocrx_word' id='word_1_77' title='bbox 699 1253 824 1326; x_wconf 82' lang='lat' dir='ltr'><strong>positua3</strong></span> <span class='ocrx_word' id='word_1_78' title='bbox 840 1250 978 1309; x_wconf 79' lang='lat' dir='ltr'><strong>indicium</strong></span> <span class='ocrx_word' id='word_1_79' title='bbox 992 1249 1120 1325; x_wconf 84' lang='lat' dir='ltr'><strong>proierre</strong></span> <span class='ocrx_word' id='word_1_80' title='bbox 1134 1265 1192 1308; x_wconf 93' lang='lat' dir='ltr'><strong>non</strong></span> <span class='ocrx_word' id='word_1_81' title='bbox 1205 1257 1313 1328; x_wconf 87' lang='lat' dir='ltr'><strong>potest,</strong></span> 
     </span>
     <span class='ocr_line' id='line_1_11' title="bbox 246 1335 1314 1423; baseline -0.002 -15"><span class='ocrx_word' id='word_1_82' title='bbox 246 1351 303 1408; x_wconf 89' lang='lat' dir='ltr'><strong>nisi</strong></span> <span class='ocrx_word' id='word_1_83' title='bbox 320 1351 440 1408; x_wconf 89' lang='lat' dir='ltr'><strong>remita</strong></span> <span class='ocrx_word' id='word_1_84' title='bbox 454 1365 486 1408; x_wconf 84' lang='lat' dir='ltr'><strong>se</strong></span> <span class='ocrx_word' id='word_1_85' title='bbox 505 1347 614 1407; x_wconf 85' lang='lat' dir='ltr'><strong>habere</strong></span> <span class='ocrx_word' id='word_1_86' title='bbox 629 1349 691 1408; x_wconf 88' lang='lat' dir='ltr'><strong>soie</strong></span> <span class='ocrx_word' id='word_1_87' title='bbox 707 1364 763 1408; x_wconf 87' lang='lat' dir='ltr'><strong>suo</strong></span> <span class='ocrx_word' id='word_1_88' title='bbox 777 1335 984 1423; x_wconf 81' lang='lat' dir='ltr'><strong>deprehendet.</strong></span> <span class='ocrx_word' id='word_1_89' title='bbox 999 1349 1164 1421; x_wconf 83' lang='lat' dir='ltr'><strong>Quooirea,</strong></span> <span class='ocrx_word' id='word_1_90' title='bbox 1185 1345 1234 1406; x_wconf 88' lang='lat' dir='ltr'><strong>ubi</strong></span> <span class='ocrx_word' id='word_1_91' title='bbox 1255 1363 1314 1406; x_wconf 90' lang='lat' dir='ltr'><strong>nou</strong></span> 
     </span>
     <span class='ocr_line' id='line_1_12' title="bbox 245 1445 1316 1522; baseline -0.001 -17"><span class='ocrx_word' id='word_1_92' title='bbox 245 1446 282 1506; x_wconf 89' lang='lat' dir='ltr'><strong>de</strong></span> <span class='ocrx_word' id='word_1_93' title='bbox 300 1446 368 1515; x_wconf 50' lang='lat' dir='ltr'><strong>tide,</strong></span> <span class='ocrx_word' id='word_1_94' title='bbox 382 1447 546 1506; x_wconf 78' lang='lat' dir='ltr'><strong>auctoritati</strong></span> <span class='ocrx_word' id='word_1_95' title='bbox 566 1445 766 1520; x_wconf 63' lang='lat' dir='ltr'><strong>motando,</strong></span> <span class='ocrx_word' id='word_1_96' title='bbox 786 1446 837 1505; x_wconf 87' lang='lat' dir='ltr'><strong>sed</strong></span> <span class='ocrx_word' id='word_1_97' title='bbox 862 1446 898 1506; x_wconf 93' lang='lat' dir='ltr'><strong>de</strong></span> <span class='ocrx_word' id='word_1_98' title='bbox 919 1445 1026 1507; x_wconf 86' lang='lat' dir='ltr'><strong>iudicio</strong></span> <span class='ocrx_word' id='word_1_99' title='bbox 1048 1447 1146 1522; x_wconf 78' lang='lat' dir='ltr'><strong>egitm</strong></span> <span class='ocrx_word' id='word_1_100' title='bbox 1166 1451 1316 1520; x_wconf 76' lang='lat' dir='ltr'><strong>spectante</strong></span> 
     </span>
     <span class='ocr_line' id='line_1_13' title="bbox 246 1543 1314 1620; baseline 0 -18"><span class='ocrx_word' id='word_1_101' title='bbox 246 1545 284 1602; x_wconf 89' lang='lat' dir='ltr'><strong>od</strong></span> <span class='ocrx_word' id='word_1_102' title='bbox 300 1546 469 1617; x_wconf 81' lang='lat' dir='ltr'><strong>seientiam3</strong></span> <span class='ocrx_word' id='word_1_103' title='bbox 495 1557 610 1602; x_wconf 81' lang='lat' dir='ltr'><strong>neeesse</strong></span> <span class='ocrx_word' id='word_1_104' title='bbox 630 1550 698 1618; x_wconf 81' lang='lat' dir='ltr'><strong>ost,</strong></span> <span class='ocrx_word' id='word_1_105' title='bbox 718 1550 753 1603; x_wconf 87' lang='lat' dir='ltr'><strong>ot</strong></span> <span class='ocrx_word' id='word_1_106' title='bbox 774 1559 855 1603; x_wconf 88' lang='lat' dir='ltr'><strong>mens</strong></span> <span class='ocrx_word' id='word_1_107' title='bbox 887 1543 1041 1620; x_wconf 84' lang='lat' dir='ltr'><strong>abaliquo</strong></span> <span class='ocrx_word' id='word_1_108' title='bbox 1060 1544 1169 1602; x_wconf 85' lang='lat' dir='ltr'><strong>motivo</strong></span> <span class='ocrx_word' id='word_1_109' title='bbox 1187 1549 1239 1602; x_wconf 89' lang='lat' dir='ltr'><strong>ant</strong></span> <span class='ocrx_word' id='word_1_110' title='bbox 1267 1559 1314 1602; x_wconf 86' lang='lat' dir='ltr'><strong>ra-</strong></span> 
     </span>
     <span class='ocr_line' id='line_1_14' title="bbox 245 1639 1313 1716; baseline -0.003 -16"><span class='ocrx_word' id='word_1_111' title='bbox 245 1643 325 1700; x_wconf 87' lang='lat' dir='ltr'><strong>tione</strong></span> <span class='ocrx_word' id='word_1_112' title='bbox 348 1639 493 1700; x_wconf 78' lang='lat' dir='ltr'><strong>obiectum</strong></span> <span class='ocrx_word' id='word_1_113' title='bbox 515 1642 689 1700; x_wconf 81' lang='lat' dir='ltr'><strong>intrinsecus</strong></span> <span class='ocrx_word' id='word_1_114' title='bbox 709 1639 854 1700; x_wconf 79' lang='lat' dir='ltr'><strong>officiente</strong></span> <span class='ocrx_word' id='word_1_115' title='bbox 881 1641 918 1700; x_wconf 86' lang='lat' dir='ltr'><strong>sd</strong></span> <span class='ocrx_word' id='word_1_116' title='bbox 941 1657 1092 1700; x_wconf 75' lang='lat' dir='ltr'><strong>assensum</strong></span> <span class='ocrx_word' id='word_1_117' title='bbox 1115 1639 1313 1716; x_wconf 85' lang='lat' dir='ltr'><strong>pertrahatur.</strong></span> 
     </span>
     <span class='ocr_line' id='line_1_15' title="bbox 245 1735 1317 1815; baseline 0.002 -19"><span class='ocrx_word' id='word_1_118' title='bbox 245 1737 337 1815; x_wconf 72' lang='lat' dir='ltr'><strong>Atqui</strong></span> <span class='ocrx_word' id='word_1_119' title='bbox 353 1741 384 1796; x_wconf 90' lang='lat' dir='ltr'><strong>in</strong></span> <span class='ocrx_word' id='word_1_120' title='bbox 401 1738 516 1798; x_wconf 90' lang='lat' dir='ltr'><strong>iodieiis</strong></span> <span class='ocrx_word' id='word_1_121' title='bbox 529 1739 610 1798; x_wconf 87' lang='lat' dir='ltr'><strong>hisee</strong></span> <span class='ocrx_word' id='word_1_122' title='bbox 622 1738 775 1798; x_wconf 64' lang='lat' dir='ltr'><strong>bottonis</strong></span> <span class='ocrx_word' id='word_1_123' title='bbox 796 1739 908 1799; x_wconf 90' lang='lat' dir='ltr'><strong>nuiium</strong></span> <span class='ocrx_word' id='word_1_124' title='bbox 926 1735 1015 1798; x_wconf 82' lang='lat' dir='ltr'><strong>menti</strong></span> <span class='ocrx_word' id='word_1_125' title='bbox 1033 1739 1235 1798; x_wconf 83' lang='lat' dir='ltr'><strong>obversaretur</strong></span> <span class='ocrx_word' id='word_1_126' title='bbox 1256 1755 1317 1798; x_wconf 90' lang='lat' dir='ltr'><strong>mo·</strong></span> 
     </span>
     <span class='ocr_line' id='line_1_16' title="bbox 246 1835 1316 1914; baseline 0 -18"><span class='ocrx_word' id='word_1_127' title='bbox 246 1837 353 1912; x_wconf 76' lang='lat' dir='ltr'><strong>duum,</strong></span> <span class='ocrx_word' id='word_1_128' title='bbox 374 1837 511 1912; x_wconf 84' lang='lat' dir='ltr'><strong>nullaque</strong></span> <span class='ocrx_word' id='word_1_129' title='bbox 534 1836 679 1896; x_wconf 86' lang='lat' dir='ltr'><strong>obieetivo</strong></span> <span class='ocrx_word' id='word_1_130' title='bbox 694 1839 780 1913; x_wconf 86' lang='lat' dir='ltr'><strong>ratio,</strong></span> <span class='ocrx_word' id='word_1_131' title='bbox 801 1853 876 1914; x_wconf 84' lang='lat' dir='ltr'><strong>quae</strong></span> <span class='ocrx_word' id='word_1_132' title='bbox 896 1845 1020 1898; x_wconf 90' lang='lat' dir='ltr'><strong>mentem</strong></span> <span class='ocrx_word' id='word_1_133' title='bbox 1042 1836 1079 1896; x_wconf 94' lang='lat' dir='ltr'><strong>ad</strong></span> <span class='ocrx_word' id='word_1_134' title='bbox 1100 1853 1248 1898; x_wconf 77' lang='lat' dir='ltr'><strong>assensum</strong></span> <span class='ocrx_word' id='word_1_135' title='bbox 1263 1835 1316 1896; x_wconf 83' lang='lat' dir='ltr'><strong>tie-</strong></span> 
     </span>
     <span class='ocr_line' id='line_1_17' title="bbox 245 1934 1314 2012; baseline 0 -18"><span class='ocrx_word' id='word_1_136' title='bbox 245 1941 354 2010; x_wconf 57' lang='lat' dir='ltr'><strong>steron</strong></span> <span class='ocrx_word' id='word_1_137' title='bbox 377 1935 519 2011; x_wconf 86' lang='lat' dir='ltr'><strong>siquidem</strong></span> <span class='ocrx_word' id='word_1_138' title='bbox 539 1950 592 1994; x_wconf 87' lang='lat' dir='ltr'><strong>nee</strong></span> <span class='ocrx_word' id='word_1_139' title='bbox 613 1934 741 1995; x_wconf 77' lang='lat' dir='ltr'><strong>evidenti</strong></span> <span class='ocrx_word' id='word_1_140' title='bbox 764 1935 893 1996; x_wconf 89' lang='lat' dir='ltr'><strong>idearum</strong></span> <span class='ocrx_word' id='word_1_141' title='bbox 915 1953 1012 2011; x_wconf 80' lang='lat' dir='ltr'><strong>nexu,</strong></span> <span class='ocrx_word' id='word_1_142' title='bbox 1033 1951 1087 1996; x_wconf 86' lang='lat' dir='ltr'><strong>nee</strong></span> <span class='ocrx_word' id='word_1_143' title='bbox 1109 1943 1241 2012; x_wconf 89' lang='lat' dir='ltr'><strong>pereepta</strong></span> <span class='ocrx_word' id='word_1_144' title='bbox 1264 1951 1314 1995; x_wconf 84' lang='lat' dir='ltr'><strong>ex·</strong></span> 
     </span>
     <span class='ocr_line' id='line_1_18' title="bbox 247 2033 1318 2110; baseline 0.006 -20"><span class='ocrx_word' id='word_1_145' title='bbox 247 2034 407 2109; x_wconf 84' lang='lat' dir='ltr'><strong>parientia,</strong></span> <span class='ocrx_word' id='word_1_146' title='bbox 429 2048 483 2092; x_wconf 86' lang='lat' dir='ltr'><strong>noe</strong></span> <span class='ocrx_word' id='word_1_147' title='bbox 505 2035 724 2092; x_wconf 72' lang='lat' dir='ltr'><strong>ratiocinatione</strong></span> <span class='ocrx_word' id='word_1_148' title='bbox 746 2033 875 2110; x_wconf 77' lang='lat' dir='ltr'><strong>legitima</strong></span> <span class='ocrx_word' id='word_1_149' title='bbox 898 2033 958 2109; x_wconf 77' lang='lat' dir='ltr'><strong>per&#39;</strong></span> <span class='ocrx_word' id='word_1_150' title='bbox 971 2034 1111 2093; x_wconf 85' lang='lat' dir='ltr'><strong>Kentinm</strong></span> <span class='ocrx_word' id='word_1_151' title='bbox 1132 2034 1240 2095; x_wconf 87' lang='lat' dir='ltr'><strong>iudieia</strong></span> <span class='ocrx_word' id='word_1_152' title='bbox 1266 2035 1318 2096; x_wconf 91' lang='lat' dir='ltr'><strong>iiia</strong></span> 
     </span>
     <span class='ocr_line' id='line_1_19' title="bbox 246 2130 1315 2208; baseline 0.003 -19"><span class='ocrx_word' id='word_1_153' title='bbox 246 2133 417 2192; x_wconf 87' lang='lat' dir='ltr'><strong>niterentur.</strong></span> <span class='ocrx_word' id='word_1_154' title='bbox 441 2130 518 2203; x_wconf 70' lang='lat' dir='ltr'><strong>ugo</strong></span> <span class='ocrx_word' id='word_1_155' title='bbox 539 2131 646 2190; x_wconf 84' lang='lat' dir='ltr'><strong>indicio</strong></span> <span class='ocrx_word' id='word_1_156' title='bbox 664 2131 805 2192; x_wconf 86' lang='lat' dir='ltr'><strong>eiusmodi</strong></span> <span class='ocrx_word' id='word_1_157' title='bbox 827 2139 947 2192; x_wconf 83' lang='lat' dir='ltr'><strong>naturae</strong></span> <span class='ocrx_word' id='word_1_158' title='bbox 970 2134 1074 2192; x_wconf 87' lang='lat' dir='ltr'><strong>mentis</strong></span> <span class='ocrx_word' id='word_1_159' title='bbox 1100 2132 1246 2192; x_wconf 88' lang='lat' dir='ltr'><strong>humanae</strong></span> <span class='ocrx_word' id='word_1_160' title='bbox 1267 2147 1315 2208; x_wconf 87' lang='lat' dir='ltr'><strong>ps·</strong></span> 
     </span>
     <span class='ocr_line' id='line_1_20' title="bbox 247 2230 550 2291; baseline 0.007 -4"><span class='ocrx_word' id='word_1_161' title='bbox 247 2231 327 2290; x_wconf 89' lang='lat' dir='ltr'><strong>nitus</strong></span> <span class='ocrx_word' id='word_1_162' title='bbox 350 2230 550 2291; x_wconf 81' lang='lat' dir='ltr'><strong>adversantur.</strong></span> 
     </span>
    </p>

    <p class='ocr_par' dir='ltr' id='par_1_4' title="bbox 246 2327 1320 3094">
     <span class='ocr_line' id='line_1_21' title="bbox 307 2327 1317 2406; baseline 0.002 -19"><span class='ocrx_word' id='word_1_163' title='bbox 307 2327 437 2404; x_wconf 68' lang='lat' dir='ltr'><strong>immone</strong></span> <span class='ocrx_word' id='word_1_164' title='bbox 453 2329 485 2387; x_wconf 88' lang='lat' dir='ltr'><strong>in</strong></span> <span class='ocrx_word' id='word_1_165' title='bbox 503 2328 650 2388; x_wconf 86' lang='lat' dir='ltr'><strong>Kontiano</strong></span> <span class='ocrx_word' id='word_1_166' title='bbox 668 2330 805 2406; x_wconf 89' lang='lat' dir='ltr'><strong>opinione</strong></span> <span class='ocrx_word' id='word_1_167' title='bbox 821 2346 902 2391; x_wconf 84' lang='lat' dir='ltr'><strong>mens</strong></span> <span class='ocrx_word' id='word_1_168' title='bbox 920 2337 1018 2389; x_wconf 90' lang='lat' dir='ltr'><strong>nostra</strong></span> <span class='ocrx_word' id='word_1_169' title='bbox 1035 2328 1147 2389; x_wconf 80' lang='lat' dir='ltr'><strong>obiecto</strong></span> <span class='ocrx_word' id='word_1_170' title='bbox 1164 2331 1317 2389; x_wconf 79' lang='lat' dir='ltr'><strong>meentire·</strong></span> 
     </span>
     <span class='ocr_line' id='line_1_22' title="bbox 247 2425 1317 2503; baseline 0.004 -20"><span class='ocrx_word' id='word_1_171' title='bbox 247 2429 309 2499; x_wconf 87' lang='lat' dir='ltr'><strong>tur,</strong></span> <span class='ocrx_word' id='word_1_172' title='bbox 330 2425 410 2501; x_wconf 85' lang='lat' dir='ltr'><strong>qnod</strong></span> <span class='ocrx_word' id='word_1_173' title='bbox 429 2441 488 2486; x_wconf 91' lang='lat' dir='ltr'><strong>non</strong></span> <span class='ocrx_word' id='word_1_174' title='bbox 511 2425 599 2486; x_wconf 84' lang='lat' dir='ltr'><strong>videt.</strong></span> <span class='ocrx_word' id='word_1_175' title='bbox 622 2426 698 2487; x_wconf 80' lang='lat' dir='ltr'><strong>Nam</strong></span> <span class='ocrx_word' id='word_1_176' title='bbox 722 2444 831 2489; x_wconf 85' lang='lat' dir='ltr'><strong>nexum</strong></span> <span class='ocrx_word' id='word_1_177' title='bbox 852 2432 927 2487; x_wconf 90' lang='lat' dir='ltr'><strong>inter</strong></span> <span class='ocrx_word' id='word_1_178' title='bbox 948 2428 1144 2503; x_wconf 76' lang='lat' dir='ltr'><strong>praedicatum</strong></span> <span class='ocrx_word' id='word_1_179' title='bbox 1168 2434 1197 2487; x_wconf 90' lang='lat' dir='ltr'><strong>et</strong></span> <span class='ocrx_word' id='word_1_180' title='bbox 1221 2428 1317 2487; x_wconf 83' lang='lat' dir='ltr'><strong>subia-</strong></span> 
     </span>
     <span class='ocr_line' id='line_1_23' title="bbox 247 2524 1318 2602; baseline 0.002 -19"><span class='ocrx_word' id='word_1_181' title='bbox 247 2529 327 2583; x_wconf 87' lang='lat' dir='ltr'><strong>etum</strong></span> <span class='ocrx_word' id='word_1_182' title='bbox 352 2524 412 2599; x_wconf 79' lang='lat' dir='ltr'><strong>iqui</strong></span> <span class='ocrx_word' id='word_1_183' title='bbox 435 2540 498 2585; x_wconf 87' lang='lat' dir='ltr'><strong>esso</strong></span> <span class='ocrx_word' id='word_1_184' title='bbox 518 2526 635 2587; x_wconf 88' lang='lat' dir='ltr'><strong>deberet</strong></span> <span class='ocrx_word' id='word_1_185' title='bbox 661 2526 804 2587; x_wconf 82' lang='lat' dir='ltr'><strong>obiectum</strong></span> <span class='ocrx_word' id='word_1_186' title='bbox 828 2526 926 2587; x_wconf 81' lang='lat' dir='ltr'><strong>iudicii</strong></span> <span class='ocrx_word' id='word_1_187' title='bbox 948 2526 1027 2601; x_wconf 89' lang='lat' dir='ltr'><strong>quod</strong></span> <span class='ocrx_word' id='word_1_188' title='bbox 1043 2524 1198 2602; x_wconf 79' lang='lat' dir='ltr'><strong>profertur)</strong></span> <span class='ocrx_word' id='word_1_189' title='bbox 1225 2540 1318 2601; x_wconf 84' lang='lat' dir='ltr'><strong>neque</strong></span> 
     </span>
     <span class='ocr_line' id='line_1_24' title="bbox 246 2621 1315 2701; baseline 0.002 -22"><span class='ocrx_word' id='word_1_190' title='bbox 246 2621 277 2680; x_wconf 93' lang='lat' dir='ltr'><strong>io</strong></span> <span class='ocrx_word' id='word_1_191' title='bbox 295 2624 487 2697; x_wconf 75' lang='lat' dir='ltr'><strong>experientiae</strong></span> <span class='ocrx_word' id='word_1_192' title='bbox 502 2625 618 2699; x_wconf 80' lang='lat' dir='ltr'><strong>regione</strong></span> <span class='ocrx_word' id='word_1_193' title='bbox 636 2624 771 2701; x_wconf 84' lang='lat' dir='ltr'><strong>lustrata,</strong></span> <span class='ocrx_word' id='word_1_194' title='bbox 787 2625 923 2700; x_wconf 81' lang='lat' dir='ltr'><strong>nequem</strong></span> <span class='ocrx_word' id='word_1_195' title='bbox 941 2630 1040 2683; x_wconf 92' lang='lat' dir='ltr'><strong>mutua</strong></span> <span class='ocrx_word' id='word_1_196' title='bbox 1060 2624 1199 2681; x_wconf 79' lang='lat' dir='ltr'><strong>relatione</strong></span> <span class='ocrx_word' id='word_1_197' title='bbox 1212 2637 1315 2682; x_wconf 87' lang='lat' dir='ltr'><strong>oenoe·</strong></span> 
     </span>
     <span class='ocr_line' id='line_1_25' title="bbox 249 2720 1320 2798; baseline 0.001 -18"><span class='ocrx_word' id='word_1_198' title='bbox 249 2724 372 2797; x_wconf 66' lang='lat' dir='ltr'><strong>mom,</strong></span> <span class='ocrx_word' id='word_1_199' title='bbox 396 2736 489 2797; x_wconf 81' lang='lat' dir='ltr'><strong>neque</strong></span> <span class='ocrx_word' id='word_1_200' title='bbox 506 2724 536 2779; x_wconf 91' lang='lat' dir='ltr'><strong>tn</strong></span> <span class='ocrx_word' id='word_1_201' title='bbox 557 2724 701 2781; x_wconf 80' lang='lat' dir='ltr'><strong>ratiocinii</strong></span> <span class='ocrx_word' id='word_1_202' title='bbox 722 2722 894 2783; x_wconf 81' lang='lat' dir='ltr'><strong>deductione</strong></span> <span class='ocrx_word' id='word_1_203' title='bbox 917 2738 997 2781; x_wconf 86' lang='lat' dir='ltr'><strong>meus</strong></span> <span class='ocrx_word' id='word_1_204' title='bbox 1018 2723 1205 2798; x_wconf 82' lang='lat' dir='ltr'><strong>conspiceret.</strong></span> <span class='ocrx_word' id='word_1_205' title='bbox 1234 2720 1320 2781; x_wconf 75' lang='lat' dir='ltr'><strong>isset</strong></span> 
     </span>
     <span class='ocr_line' id='line_1_26' title="bbox 249 2820 1318 2896; baseline 0.002 -19"><span class='ocrx_word' id='word_1_206' title='bbox 249 2820 338 2895; x_wconf 79' lang='lat' dir='ltr'><strong>igitur</strong></span> <span class='ocrx_word' id='word_1_207' title='bbox 358 2825 439 2877; x_wconf 87' lang='lat' dir='ltr'><strong>aetus</strong></span> <span class='ocrx_word' id='word_1_208' title='bbox 458 2822 521 2879; x_wconf 90' lang='lat' dir='ltr'><strong>eius</strong></span> <span class='ocrx_word' id='word_1_209' title='bbox 542 2823 622 2878; x_wconf 89' lang='lat' dir='ltr'><strong>omni</strong></span> <span class='ocrx_word' id='word_1_210' title='bbox 645 2821 709 2880; x_wconf 88' lang='lat' dir='ltr'><strong>tuoe</strong></span> <span class='ocrx_word' id='word_1_211' title='bbox 729 2824 859 2896; x_wconf 87' lang='lat' dir='ltr'><strong>privatus</strong></span> <span class='ocrx_word' id='word_1_212' title='bbox 880 2827 925 2896; x_wconf 89' lang='lat' dir='ltr'><strong>et,</strong></span> <span class='ocrx_word' id='word_1_213' title='bbox 948 2826 983 2880; x_wconf 91' lang='lat' dir='ltr'><strong>ut</strong></span> <span class='ocrx_word' id='word_1_214' title='bbox 1009 2821 1180 2895; x_wconf 76' lang='lat' dir='ltr'><strong>lindissem,</strong></span> <span class='ocrx_word' id='word_1_215' title='bbox 1204 2820 1318 2879; x_wconf 88' lang='lat' dir='ltr'><strong>irratio·</strong></span> 
     </span>
     <span class='ocr_line' id='line_1_27' title="bbox 248 2916 1319 2998; baseline 0.003 -24"><span class='ocrx_word' id='word_1_216' title='bbox 248 2916 342 2993; x_wconf 80' lang='lat' dir='ltr'><strong>naits3</strong></span> <span class='ocrx_word' id='word_1_217' title='bbox 363 2920 413 2992; x_wconf 85' lang='lat' dir='ltr'><strong>qni</strong></span> <span class='ocrx_word' id='word_1_218' title='bbox 433 2917 554 2992; x_wconf 84' lang='lat' dir='ltr'><strong>proinde</strong></span> <span class='ocrx_word' id='word_1_219' title='bbox 567 2933 605 2977; x_wconf 88' lang='lat' dir='ltr'><strong>ex</strong></span> <span class='ocrx_word' id='word_1_220' title='bbox 620 2917 711 2978; x_wconf 86' lang='lat' dir='ltr'><strong>iundo</strong></span> <span class='ocrx_word' id='word_1_221' title='bbox 730 2921 849 2979; x_wconf 89' lang='lat' dir='ltr'><strong>rationis</strong></span> <span class='ocrx_word' id='word_1_222' title='bbox 867 2926 968 2998; x_wconf 81' lang='lat' dir='ltr'><strong>eontra</strong></span> <span class='ocrx_word' id='word_1_223' title='bbox 989 2921 1080 2994; x_wconf 89' lang='lat' dir='ltr'><strong>ipsius</strong></span> <span class='ocrx_word' id='word_1_224' title='bbox 1097 2919 1215 2979; x_wconf 83' lang='lat' dir='ltr'><strong>rationis</strong></span> <span class='ocrx_word' id='word_1_225' title='bbox 1234 2924 1319 2977; x_wconf 89' lang='lat' dir='ltr'><strong>natu·</strong></span> 
     </span>
     <span class='ocr_line' id='line_1_28' title="bbox 249 3010 1284 3094; baseline 0.004 -22"><span class='ocrx_word' id='word_1_226' title='bbox 249 3028 312 3073; x_wconf 89' lang='lat' dir='ltr'><strong>ram</strong></span> <span class='ocrx_word' id='word_1_227' title='bbox 334 3013 511 3089; x_wconf 83' lang='lat' dir='ltr'><strong>dimanaret,</strong></span> <span class='ocrx_word' id='word_1_228' title='bbox 530 3030 590 3089; x_wconf 88' lang='lat' dir='ltr'><strong>qno</strong></span> <span class='ocrx_word' id='word_1_229' title='bbox 608 3022 685 3074; x_wconf 89' lang='lat' dir='ltr'><strong>oerte</strong></span> <span class='ocrx_word' id='word_1_230' title='bbox 707 3015 780 3074; x_wconf 89' lang='lat' dir='ltr'><strong>nihii</strong></span> <span class='ocrx_word' id='word_1_231' title='bbox 800 3016 954 3077; x_wconf 79' lang='lat' dir='ltr'><strong>absurdius</strong></span> <span class='ocrx_word' id='word_1_232' title='bbox 971 3016 1043 3094; x_wconf 82' lang='lat' dir='ltr'><strong>tingi</strong></span> <span class='ocrx_word' id='word_1_233' title='bbox 1060 3022 1164 3091; x_wconf 88' lang='lat' dir='ltr'><strong>potest.</strong></span> <span class='ocrx_word' id='word_1_234' title='bbox 1280 3010 1284 3018; x_wconf 81' lang='grc'><em>“</em></span> 
     </span>
    </p>

    <p class='ocr_par' dir='ltr' id='par_1_5' title="bbox 249 3110 1319 3290">
     <span class='ocr_line' id='line_1_29' title="bbox 308 3110 1319 3189; baseline 0.001 -19"><span class='ocrx_word' id='word_1_235' title='bbox 308 3110 460 3171; x_wconf 84' lang='lat' dir='ltr'><strong>Praetereo</strong></span> <span class='ocrx_word' id='word_1_236' title='bbox 476 3128 514 3171; x_wconf 83' lang='lat' dir='ltr'><strong>ex</strong></span> <span class='ocrx_word' id='word_1_237' title='bbox 533 3110 662 3170; x_wconf 89' lang='lat' dir='ltr'><strong>eiusdem</strong></span> <span class='ocrx_word' id='word_1_238' title='bbox 681 3112 780 3172; x_wconf 85' lang='lat' dir='ltr'><strong>Kantii</strong></span> <span class='ocrx_word' id='word_1_239' title='bbox 804 3112 898 3173; x_wconf 82' lang='lat' dir='ltr'><strong>verbis</strong></span> <span class='ocrx_word' id='word_1_240' title='bbox 918 3114 989 3175; x_wconf 88' lang='lat' dir='ltr'><strong>haee</strong></span> <span class='ocrx_word' id='word_1_241' title='bbox 1008 3116 1136 3189; x_wconf 84' lang='lat' dir='ltr'><strong>opinatio</strong></span> <span class='ocrx_word' id='word_1_242' title='bbox 1161 3112 1252 3172; x_wconf 81' lang='lat' dir='ltr'><strong>refeiii</strong></span> <span class='ocrx_word' id='word_1_243' title='bbox 1268 3126 1319 3186; x_wconf 89' lang='lat' dir='ltr'><strong>po·</strong></span> 
     </span>
     <span class='ocr_line' id='line_1_30' title="bbox 249 3210 1318 3290; baseline -0.001 -20"><span class='ocrx_word' id='word_1_244' title='bbox 249 3214 315 3270; x_wconf 86' lang='lat' dir='ltr'><strong>teat.</strong></span> <span class='ocrx_word' id='word_1_245' title='bbox 338 3210 368 3269; x_wconf 93' lang='lat' dir='ltr'><strong>ls</strong></span> <span class='ocrx_word' id='word_1_246' title='bbox 385 3210 463 3269; x_wconf 88' lang='lat' dir='ltr'><strong>euim</strong></span> <span class='ocrx_word' id='word_1_247' title='bbox 479 3212 582 3269; x_wconf 81' lang='lat' dir='ltr'><strong>staurit</strong></span> <span class='ocrx_word' id='word_1_248' title='bbox 600 3216 723 3269; x_wconf 72' lang='lat' dir='ltr'><strong>menum</strong></span> <span class='ocrx_word' id='word_1_249' title='bbox 741 3213 771 3271; x_wconf 93' lang='lat' dir='ltr'><strong>in</strong></span> <span class='ocrx_word' id='word_1_250' title='bbox 790 3212 930 3273; x_wconf 86' lang='lat' dir='ltr'><strong>eiusmodi</strong></span> <span class='ocrx_word' id='word_1_251' title='bbox 948 3214 1120 3290; x_wconf 85' lang='lat' dir='ltr'><strong>synthetieis</strong></span> <span class='ocrx_word' id='word_1_252' title='bbox 1138 3210 1318 3286; x_wconf 80' lang='lat' dir='ltr'><strong>proterendis</strong></span> 
     </span>
    </p>
   </div>
   <div class='ocr_carea' id='block_1_3' title="bbox 250 3370 1322 3516">
    <p class='ocr_par' dir='ltr' id='par_1_6' title="bbox 250 3370 1322 3516">
     <span class='ocr_line' id='line_1_31' title="bbox 311 3370 1321 3435; baseline 0.001 -19"><span class='ocrx_word' id='word_1_253' title='bbox 311 3376 320 3417; x_wconf 86' lang='lat' dir='ltr'><strong>i</strong></span> <span class='ocrx_word' id='word_1_254' title='bbox 337 3370 435 3418; x_wconf 77' lang='lat' dir='ltr'><strong>critico</strong></span> <span class='ocrx_word' id='word_1_255' title='bbox 448 3372 551 3420; x_wconf 73' lang='lat' dir='ltr'><strong>iiatiom</strong></span> <span class='ocrx_word' id='word_1_256' title='bbox 565 3383 658 3434; x_wconf 81' lang='lat' dir='ltr'><strong>purae.</strong></span> <span class='ocrx_word' id='word_1_257' title='bbox 671 3372 750 3420; x_wconf 84' lang='lat' dir='ltr'><strong>instit.</strong></span> <span class='ocrx_word' id='word_1_258' title='bbox 769 3373 1015 3422; x_wconf 83' lang='lat' dir='ltr'><strong>v.Ti1eoriamhsno</strong></span> <span class='ocrx_word' id='word_1_259' title='bbox 1030 3372 1209 3435; x_wconf 84' lang='lat' dir='ltr'><strong>deprompsisse</strong></span> <span class='ocrx_word' id='word_1_260' title='bbox 1224 3370 1321 3419; x_wconf 83' lang='lat' dir='ltr'><strong>videtur</strong></span> 
     </span>
     <span class='ocr_line' id='line_1_32' title="bbox 250 3448 1322 3516; baseline 0.003 -20"><span class='ocrx_word' id='word_1_261' title='bbox 250 3448 315 3497; x_wconf 83' lang='lat' dir='ltr'><strong>iisnt</strong></span> <span class='ocrx_word' id='word_1_262' title='bbox 324 3462 353 3498; x_wconf 82' lang='lat' dir='ltr'><strong>er</strong></span> <span class='ocrx_word' id='word_1_263' title='bbox 365 3448 426 3499; x_wconf 85' lang='lat' dir='ltr'><strong>iieid</strong></span> <span class='ocrx_word' id='word_1_264' title='bbox 437 3450 539 3513; x_wconf 88' lang='lat' dir='ltr'><strong>eiusque</strong></span> <span class='ocrx_word' id='word_1_265' title='bbox 549 3451 633 3500; x_wconf 71' lang='lat' dir='ltr'><strong>wnoio</strong></span> <span class='ocrx_word' id='word_1_266' title='bbox 645 3455 801 3502; x_wconf 79' lang='lat' dir='ltr'><strong>instinctum</strong></span> <span class='ocrx_word' id='word_1_267' title='bbox 814 3453 955 3515; x_wconf 84' lang='lat' dir='ltr'><strong>quemdam,</strong></span> <span class='ocrx_word' id='word_1_268' title='bbox 970 3466 998 3502; x_wconf 80' lang='lat' dir='ltr'><strong>eu</strong></span> <span class='ocrx_word' id='word_1_269' title='bbox 1016 3466 1066 3516; x_wconf 83' lang='lat' dir='ltr'><strong>quo</strong></span> <span class='ocrx_word' id='word_1_270' title='bbox 1079 3452 1170 3502; x_wconf 80' lang='lat' dir='ltr'><strong>iudidio</strong></span> <span class='ocrx_word' id='word_1_271' title='bbox 1182 3464 1268 3501; x_wconf 82' lang='lat' dir='ltr'><strong>seuam</strong></span> <span class='ocrx_word' id='word_1_272' title='bbox 1282 3462 1322 3499; x_wconf 83' lang='lat' dir='ltr'><strong>nr·</strong></span> 
     </span>
    </p>
   </div>
   <div class='ocr_carea' id='block_1_4' title="bbox 125 3530 1324 3596">
    <p class='ocr_par' dir='ltr' id='par_1_7' title="bbox 125 3530 1324 3596">
     <span class='ocr_line' id='line_1_33' title="bbox 125 3530 1324 3596; baseline 0.003 -20"><span class='ocrx_word' id='word_1_273' title='bbox 125 3580 131 3591; x_wconf 36' lang='grc' dir='ltr'><strong><em>Ι</em></strong></span> <span class='ocrx_word' id='word_1_274' title='bbox 248 3530 320 3579; x_wconf 78' lang='lat' dir='ltr'><strong>turre</strong></span> <span class='ocrx_word' id='word_1_275' title='bbox 333 3530 471 3579; x_wconf 88' lang='lat' dir='ltr'><strong>eommunis</strong></span> <span class='ocrx_word' id='word_1_276' title='bbox 482 3530 594 3593; x_wconf 71' lang='lat' dir='ltr'><strong>doment,</strong></span> <span class='ocrx_word' id='word_1_277' title='bbox 605 3530 756 3582; x_wconf 67' lang='lat' dir='ltr'><strong>monente.</strong></span> <span class='ocrx_word' id='word_1_278' title='bbox 776 3536 808 3581; x_wconf 81' lang='lat' dir='ltr'><strong>tia</strong></span> <span class='ocrx_word' id='word_1_279' title='bbox 820 3532 885 3581; x_wconf 89' lang='lat' dir='ltr'><strong>enim</strong></span> <span class='ocrx_word' id='word_1_280' title='bbox 897 3544 981 3596; x_wconf 83' lang='lat' dir='ltr'><strong>reapse</strong></span> <span class='ocrx_word' id='word_1_281' title='bbox 996 3533 1087 3583; x_wconf 86' lang='lat' dir='ltr'><strong>iodieis</strong></span> <span class='ocrx_word' id='word_1_282' title='bbox 1104 3532 1225 3595; x_wconf 82' lang='lat' dir='ltr'><strong>quendem</strong></span> <span class='ocrx_word' id='word_1_283' title='bbox 1241 3534 1324 3581; x_wconf 69' lang='lat' dir='ltr'><strong>eswoi</strong></span> 
     </span>
    </p>
   </div>
   <div class='ocr_carea' id='block_1_5' title="bbox 248 3600 1325 4075">
    <p class='ocr_par' dir='ltr' id='par_1_8' title="bbox 248 3600 1325 4075">
     <span class='ocr_line' id='line_1_34' title="bbox 248 3600 1322 3676; baseline 0.002 -17"><span class='ocrx_word' id='word_1_284' title='bbox 248 3621 331 3671; x_wconf 70' lang='lat' dir='ltr'><strong>meos,</strong></span> <span class='ocrx_word' id='word_1_285' title='bbox 342 3610 489 3661; x_wconf 75' lang='lat' dir='ltr'><strong>unirersslm</strong></span> <span class='ocrx_word' id='word_1_286' title='bbox 499 3612 581 3662; x_wconf 70' lang='lat' dir='ltr'><strong>mosen</strong></span> <span class='ocrx_word' id='word_1_287' title='bbox 594 3614 620 3661; x_wconf 86' lang='lat' dir='ltr'><strong>et</strong></span> <span class='ocrx_word' id='word_1_288' title='bbox 634 3616 779 3675; x_wconf 65' lang='lat' dir='ltr'><strong>anemurio,</strong></span> <span class='ocrx_word' id='word_1_289' title='bbox 794 3626 858 3675; x_wconf 82' lang='lat' dir='ltr'><strong>quae</strong></span> <span class='ocrx_word' id='word_1_290' title='bbox 870 3625 949 3675; x_wconf 85' lang='lat' dir='ltr'><strong>neque</strong></span> <span class='ocrx_word' id='word_1_291' title='bbox 962 3600 1121 3676; x_wconf 79' lang='lat' dir='ltr'><strong>experientia,</strong></span> <span class='ocrx_word' id='word_1_292' title='bbox 1133 3624 1214 3675; x_wconf 86' lang='lat' dir='ltr'><strong>neque</strong></span> <span class='ocrx_word' id='word_1_293' title='bbox 1225 3611 1322 3661; x_wconf 83' lang='lat' dir='ltr'><strong>rationi·</strong></span> 
     </span>
     <span class='ocr_line' id='line_1_35' title="bbox 249 3689 1322 3757; baseline 0.003 -18"><span class='ocrx_word' id='word_1_294' title='bbox 249 3689 300 3752; x_wconf 90' lang='lat' dir='ltr'><strong>nio,</strong></span> <span class='ocrx_word' id='word_1_295' title='bbox 317 3703 395 3753; x_wconf 75' lang='lat' dir='ltr'><strong>neqm</strong></span> <span class='ocrx_word' id='word_1_296' title='bbox 406 3692 548 3742; x_wconf 81' lang='lat' dir='ltr'><strong>immediato</strong></span> <span class='ocrx_word' id='word_1_297' title='bbox 562 3692 670 3743; x_wconf 88' lang='lat' dir='ltr'><strong>idearum</strong></span> <span class='ocrx_word' id='word_1_298' title='bbox 685 3708 749 3744; x_wconf 81' lang='lat' dir='ltr'><strong>nexu</strong></span> <span class='ocrx_word' id='word_1_299' title='bbox 765 3695 954 3757; x_wconf 77' lang='lat' dir='ltr'><strong>percipereninr3</strong></span> <span class='ocrx_word' id='word_1_300' title='bbox 967 3693 1008 3745; x_wconf 84' lang='lat' dir='ltr'><strong>sed</strong></span> <span class='ocrx_word' id='word_1_301' title='bbox 1024 3707 1053 3744; x_wconf 79' lang='lat' dir='ltr'><strong>ea</strong></span> <span class='ocrx_word' id='word_1_302' title='bbox 1066 3693 1143 3743; x_wconf 84' lang='lat' dir='ltr'><strong>inodo</strong></span> <span class='ocrx_word' id='word_1_303' title='bbox 1155 3693 1208 3757; x_wconf 83' lang='lat' dir='ltr'><strong>ipso</strong></span> <span class='ocrx_word' id='word_1_304' title='bbox 1220 3692 1322 3742; x_wconf 87' lang='lat' dir='ltr'><strong>rationis</strong></span> 
     </span>
     <span class='ocr_line' id='line_1_36' title="bbox 249 3770 1324 3836; baseline 0 -17"><span class='ocrx_word' id='word_1_305' title='bbox 249 3772 407 3835; x_wconf 79' lang='lat' dir='ltr'><strong>emergerent.</strong></span> <span class='ocrx_word' id='word_1_306' title='bbox 421 3774 490 3830; x_wconf 84' lang='lat' dir='ltr'><strong>Quae</strong></span> <span class='ocrx_word' id='word_1_307' title='bbox 499 3772 600 3836; x_wconf 84' lang='lat' dir='ltr'><strong>quidem</strong></span> <span class='ocrx_word' id='word_1_308' title='bbox 617 3772 736 3836; x_wconf 90' lang='lat' dir='ltr'><strong>opinatio,</strong></span> <span class='ocrx_word' id='word_1_309' title='bbox 754 3776 781 3823; x_wconf 88' lang='lat' dir='ltr'><strong>ni</strong></span> <span class='ocrx_word' id='word_1_310' title='bbox 793 3775 869 3836; x_wconf 83' lang='lat' dir='ltr'><strong>patei,</strong></span> <span class='ocrx_word' id='word_1_311' title='bbox 886 3786 899 3821; x_wconf 85' lang='lat' dir='ltr'><strong>e</strong></span> <span class='ocrx_word' id='word_1_312' title='bbox 916 3774 1037 3822; x_wconf 83' lang='lat' dir='ltr'><strong>Keniiano</strong></span> <span class='ocrx_word' id='word_1_313' title='bbox 1051 3774 1181 3835; x_wconf 77' lang='lat' dir='ltr'><strong>systemate</strong></span> <span class='ocrx_word' id='word_1_314' title='bbox 1200 3772 1241 3820; x_wconf 81' lang='lat' dir='ltr'><strong>air</strong></span> <span class='ocrx_word' id='word_1_315' title='bbox 1257 3770 1324 3819; x_wconf 82' lang='lat' dir='ltr'><strong>obiu-</strong></span> 
     </span>
     <span class='ocr_line' id='line_1_37' title="bbox 252 3850 1325 3916; baseline 0 -17"><span class='ocrx_word' id='word_1_316' title='bbox 252 3850 298 3901; x_wconf 89' lang='lat' dir='ltr'><strong>dit.</strong></span> <span class='ocrx_word' id='word_1_317' title='bbox 313 3854 394 3910; x_wconf 86' lang='lat' dir='ltr'><strong>Quare</strong></span> <span class='ocrx_word' id='word_1_318' title='bbox 410 3852 516 3904; x_wconf 86' lang='lat' dir='ltr'><strong>mirandi</strong></span> <span class='ocrx_word' id='word_1_319' title='bbox 534 3854 606 3916; x_wconf 84' lang='lat' dir='ltr'><strong>pinne</strong></span> <span class='ocrx_word' id='word_1_320' title='bbox 626 3858 684 3903; x_wconf 88' lang='lat' dir='ltr'><strong>sunt</strong></span> <span class='ocrx_word' id='word_1_321' title='bbox 700 3854 732 3915; x_wconf 89' lang='lat' dir='ltr'><strong>ii,</strong></span> <span class='ocrx_word' id='word_1_322' title='bbox 754 3854 796 3916; x_wconf 86' lang='lat' dir='ltr'><strong>qni</strong></span> <span class='ocrx_word' id='word_1_323' title='bbox 819 3854 899 3902; x_wconf 82' lang='lat' dir='ltr'><strong>itaniii</strong></span> <span class='ocrx_word' id='word_1_324' title='bbox 916 3852 1017 3916; x_wconf 86' lang='lat' dir='ltr'><strong>quidem</strong></span> <span class='ocrx_word' id='word_1_325' title='bbox 1038 3852 1128 3902; x_wconf 84' lang='lat' dir='ltr'><strong>iudicis</strong></span> <span class='ocrx_word' id='word_1_326' title='bbox 1149 3852 1285 3915; x_wconf 78' lang='lat' dir='ltr'><strong>synthetica</strong></span> <span class='ocrx_word' id='word_1_327' title='bbox 1308 3864 1325 3899; x_wconf 78' lang='lat' dir='ltr'><strong>a</strong></span> 
     </span>
     <span class='ocr_line' id='line_1_38' title="bbox 253 3932 1325 3996; baseline -0.001 -14"><span class='ocrx_word' id='word_1_328' title='bbox 253 3932 329 3993; x_wconf 88' lang='lat' dir='ltr'><strong>priori</strong></span> <span class='ocrx_word' id='word_1_329' title='bbox 351 3934 474 3996; x_wconf 83' lang='lat' dir='ltr'><strong>reiieiunt;</strong></span> <span class='ocrx_word' id='word_1_330' title='bbox 492 3946 591 3983; x_wconf 85' lang='lat' dir='ltr'><strong>sensnm</strong></span> <span class='ocrx_word' id='word_1_331' title='bbox 610 3936 691 3982; x_wconf 83' lang='lat' dir='ltr'><strong>tamen</strong></span> <span class='ocrx_word' id='word_1_332' title='bbox 703 3936 804 3983; x_wconf 84' lang='lat' dir='ltr'><strong>naturae</strong></span> <span class='ocrx_word' id='word_1_333' title='bbox 822 3936 961 3983; x_wconf 89' lang='lat' dir='ltr'><strong>eommunis</strong></span> <span class='ocrx_word' id='word_1_334' title='bbox 981 3934 1099 3983; x_wconf 83' lang='lat' dir='ltr'><strong>Reidiano</strong></span> <span class='ocrx_word' id='word_1_335' title='bbox 1115 3933 1162 3983; x_wconf 91' lang='lat' dir='ltr'><strong>ritu</strong></span> <span class='ocrx_word' id='word_1_336' title='bbox 1175 3932 1325 3995; x_wconf 80' lang='lat' dir='ltr'><strong>erpiieeium</strong></span> 
     </span>
     <span class='ocr_line' id='line_1_39' title="bbox 255 4014 366 4075; baseline -0.018 -10"><span class='ocrx_word' id='word_1_337' title='bbox 255 4014 366 4075; x_wconf 82' lang='lat' dir='ltr'><strong>probent.</strong></span> 
     </span>
    </p>
   </div>
   <div class='ocr_carea' id='block_1_6' title="bbox 0 0 1456 4425">
    <p class='ocr_par' dir='ltr' id='par_1_9' title="bbox 0 0 1456 4425">
     <span class='ocr_line' id='line_1_40' title="bbox 0 0 1456 4425; baseline 0 0"><span class='ocrx_word' id='word_1_338' title='bbox 0 0 1456 4425; x_wconf 95' lang='lat' dir='ltr'><strong> </strong></span> 
     </span>
    </p>
   </div>
  </div>
 </body>
</html>
