2892 4425
229 315 285 366 116
694 317 828 362 walcra

226 429 360 489 conituio
381 427 523 506 quaedam
546 432 577 486 ct
597 425 746 486 incondita
765 419 919 487 notl'ormm
937 424 1074 504 lunago,
1099 441 1174 504 quas
1193 427 1296 489 nescio

226 531 326 586 ulrum
348 525 482 602 deinceps
502 526 609 601 corrigi
626 527 732 600 possit.

284 621 394 684 Conha
412 639 480 683 cnm
501 621 538 682 da
559 622 684 699 siugulis
705 619 923 698 quaestiouibus
946 625 1063 700 agitur,
1091 637 1176 698 saepe
1205 623 1292 684 aliter

227 721 415 781 iudicandum
443 727 497 780 est.
522 719 632 780 Ειιιιιιιι
650 723 727 779 euim
750 721 864 796 aliquae
882 721 1068 799 synthesim,
1089 721 1202 797 aliquae
1224 736 1296 780 aua-

227 820 315 897 lysiur
336 822 432 896 potius
453 819 621 895 exquirunt.
651 819 749 892 Quare
772 817 873 878 sedulo
895 817 1136 878 considerandum
1157 825 1201 878 est
1223 817 1295 896 quid

226 921 333 995 cuique
358 920 453 995 magis
469 915 601 976 eonierat
619 923 683 976 tum
708 917 820 975 radone
843 915 953 974 ordinis
970 921 1032 975 tum
1058 917 1169 976 ratione
1186 919 1297 992 perspl-

226 1017 355 1076 cultutls.
379 1015 453 1076 Cum
479 1017 558 1075 enlm
581 1014 649 1073 talis
677 1013 853 1072 oouditlouls
884 1015 1016 1090 quaestio
1040 1015 1189 1090 occurrit,
1219 1029 1296 1092 quae

228 1112 315 1174 iacile
326 1120 356 1174 et
369 1113 501 1174 ordinate
515 1129 567 1190 per
585 1113 730 1190 analyslm
748 1112 887 1187 explicari
910 1115 1018 1188 possit,
1032 1118 1147 1199 tuncca
1160 1111 1300 1173 methodo'
1342 1189 1345 1200 Ι

228 1213 272 1272 utl
291 1212 460 1288 praestabit.
483 1211 579 1288 Magis
600 1212 678 1270 euim
708 1209 838 1287 percellit
862 1211 975 1270 animos
998 1208 1161 1268 auditorum
1179 1215 1209 1270 et
1231 1227 1294 1270 ma-

228 1311 319 1370 lorem
337 1311 556 1371 delectationem
577 1307 676 1368 alleri.
701 1308 753 1369 Siu
774 1325 844 1368 vero
864 1325 909 1368 res
931 1308 1058 1386 incidat,
1081 1325 1156 1385 qnae
1175 1316 1208 1370 ut
1224 1326 1297 1370 una-

193 1461 196 1465 .
227 1407 318 1486 lytlcs
329 1415 489 1483 tractetur,
499 1405 662 1483 perlongus
675 1408 717 1465 irc
735 1406 871 1482 ambages
884 1421 956 1482 opos
971 1413 1064 1482 esset,
1075 1421 1130 1466 uec
1141 1405 1209 1466 inde
1222 1410 1295 1468 satis

229 1505 370 1564 claritatis
387 1507 498 1580 sperari
515 1510 632 1580 posset;
646 1510 716 1563 tuuc
730 1505 768 1564 ad
786 1521 849 1564 eam
870 1503 1040 1563 tradendam
1064 1505 1211 1582 synthesis
1234 1522 1296 1566 ma-

229 1588 276 1679 gis
294 1602 439 1678 expediet.
456 1602 540 1660 lianc
559 1601 738 1677 procedendi·
755 1604 908 1678 rationem,
924 1617 997 1678 quae
1011 1605 1041 1660 iu
1061 1601 1155 1661 forma
1170 1603 1297 1680 discipli·

228 1715 285 1759 nae
301 1699 471 1760 instruenda
488 1699 649 1777 synthesim
668 1700 797 1776 adhibet,
815 1702 843 1758 ln
863 1700 986 1774 siugulis
1004 1706 1100 1759 autem
1118 1700 1299 1776 explicandis

228 1797 446 1874 quaestionibus
465 1795 552 1857 modo
571 1799 715 1876 analyslm
735 1797 821 1857 modo
841 1797 1015 1880 synthesim,
1035 1801 1117 1858 lustu
1137 1801 1176 1858 rel
1194 1815 1299 1876 oppor-

229 1897 386 1954 tunitatem
412 1901 442 1954 et
462 1901 618 1971 naturam,
644 1895 732 1954 modo
755 1901 908 1971 utramque
929 1895 1015 1955 simul
1042 1898 1163 1972 miscet3
1187 1895 1299 1956 metho-

229 1991 303 2051 dum
321 1994 447 2052 mixtam
469 1993 643 2053 nominabis.
668 1993 765 2069 Atque
784 2007 818 2051 aa
837 2009 890 2053 uos
914 1995 945 2052 ln
965 1981 1101 2069 processu
1121 1992 1300 2070 disquisitio-

230 2105 302 2149 num
315 2096 481 2150 nostrarum
498 2097 625 2151 numur.
641 2090 689 2150 Sic
701 2092 779 2149 enlm
794 2089 866 2150 haec
884 2091 1063 2150 instituimus
1077 2095 1300 2169 commentaria,

230 2193 266 2247 ut
279 2189 417 2249 scientiae
431 2189 579 2266 adeptioni
595 2194 626 2248 et
638 2188 864 2249 adulescentium
878 2187 996 2249 utilitati
1016 2195 1134 2249 cautum
1149 2205 1211 2249 essa
1228 2189 1300 2250 sell-

231 2300 299 2347 mus
317 2304 406 2365 quam
420 2290 558 2348 maxime.
577 2286 624 2347 Ad
642 2287 730 2348 huius
746 2290 843 2365 itaque
863 2286 1018 2347 nonnullas
1038 2287 1206 2347 statuendas
1222 2288 1301 2366 leges

233 2384 418 2447 mccdnmus.

648 2570 779 2629 disidodi
796 2570 882 2645 lepos.

268 2762 318 2835 '1.
348 2774 406 2836 lies
432 2774 625 2857 disceptando
657 2776 788 2839 dilucide
815 2782 1023 2857 proponatur,
1052 2794 1089 2838 ac
1115 2776 1301 2857 defiuitione,

232 2890 309 2950 praue
328 2890 432 2935 aoruca
447 2876 589 2955 suplicet,
612 2895 633 2937 u
658 2879 761 2937 ceteris
782 2882 961 2938 secematur.
981 2876 1024 2937 Ut
1042 2878 1118 2936 enim
1142 2880 1214 2938 scite
1230 2878 1302 2938 Tul·

232 2972 311 3048 lius,
333 2976 471 3052 «omnis,
493 2992 606 3052 quaes
628 2977 741 3045 ratione
759 2978 938 3055 suscipitur,
962 2976 998 3036 de
1017 2976 1114 3053 aliqua
1137 2992 1168 3035 re
1187 2976 1309 3037 lnslltu*

236 3094 251 3121 ι
267 3072 310 3129 tlo
329 3069 451 3133 debeis
470 3060 638 3133 delinitione
660 3071 826 3150 proticisc13
850 3080 884 3134 ut
907 3076 1085 3153 intelligatur
1107 3073 1178 3151 quid
1197 3076 1236 3134 slt
1254 3074 1303 3152 id,

236 3190 250 3221 ι
266 3167 303 3227 de
322 3184 382 3246 quo
393 3170 558 3249 disputatur
573 3175 597 3232 ¹.
610 3196 624 3224 υ
640 3170 680 3230 Et
699 3186 770 3231 saue
784 3174 841 3232 ulsl
863 3171 893 3232 ld
914 3180 982 3233 aute
998 3172 1178 3249 constiterit,
1193 3172 1305 3232 incerta

233 3271 264 3326 et
283 3267 414 3346 caligans
438 3277 501 3330 tota
524 3274 581 3331 erit
602 3269 785 3345 disceptatio.
963 3276 966 3281 '

292 3365 335 3425 11.
358 3365 497 3441 Onusam
515 3366 676 3446 dilipeuter
698 3366 898 3427 distribuatur
913 3370 946 3429 iu
961 3370 1075 3445 partes,
1091 3382 1166 3445 quoa
1183 3363 1306 3442 eomple-

232 3464 336 3523 ctitur.
372 3463 438 3524 Non
471 3466 549 3525 euim
577 3464 716 3523 (inuncta
745 3468 788 3524 rel
820 3466 925 3526 notitia
954 3466 1064 3542 acquiri
1096 3470 1217 3543 potest„
1247 3464 1305 3523 ulsl

234 3559 377 3638 elementa
393 3562 512 3640 singula
531 3560 767 3641 considerentur3
786 3563 931 3623 elementa
945 3570 1041 3623 autern
1057 3562 1233 3623 considerari
1253 3578 1306 3621 ne·

234 3665 367 3746 queunt,
391 3662 448 3720 nisi
462 3662 618 3737 separatim
633 3662 791 3722 constituta
812 3661 850 3722 sd
871 3678 902 3722 se
921 3664 1010 3722 animi
1032 3660 1307 3738 contenplatlonem

234 3763 383 3815 mvooeut.

292 3967 304 4013 ι
319 3969 358 4016 ne
374 3964 475 4027 officio
491 3949 534 4018 uh.
552 3970 577 4031 t,
594 3984 616 4020 e.
636 3979 659 4021 ι.
