<?xml version="1.0" encoding="UTF-8"?>
<!DOCTYPE html PUBLIC "-//W3C//DTD XHTML 1.0 Transitional//EN"
    "http://www.w3.org/TR/xhtml1/DTD/xhtml1-transitional.dtd">
<html xmlns="http://www.w3.org/1999/xhtml" xml:lang="en" lang="en">
 <head>
  <title>
</title>
<meta http-equiv="Content-Type" content="text/html;charset=utf-8" />
  <meta name='ocr-system' content='tesseract 3.04.00' />
  <meta name='ocr-capabilities' content='ocr_page ocr_carea ocr_par ocr_line ocrx_word'/>
</head>
<body>
  <div class='ocr_page' id='page_1' title='image "./institutionesph01libegoog_0100.png"; bbox 0 0 2892 4425; ppageno 0'>
   <div class='ocr_carea' id='block_1_1' title="bbox 224 312 826 362">
    <p class='ocr_par' dir='ltr' id='par_1_1' title="bbox 224 312 826 362">
     <span class='ocr_line' id='line_1_1' title="bbox 224 312 826 362; baseline -0.003 0"><span class='ocrx_word' id='word_1_1' title='bbox 224 312 262 362; x_wconf 70' lang='lat'><strong>02</strong></span> <span class='ocrx_word' id='word_1_2' title='bbox 693 317 826 360; x_wconf 72' lang='lat' dir='ltr'><strong>sources</strong></span> 
     </span>
    </p>
   </div>
   <div class='ocr_carea' id='block_1_2' title="bbox 169 427 1306 2180">
    <p class='ocr_par' dir='ltr' id='par_1_2' title="bbox 169 427 1302 706">
     <span class='ocr_line' id='line_1_2' title="bbox 285 427 1302 504; baseline -0.002 -14"><span class='ocrx_word' id='word_1_3' title='bbox 285 427 381 490; x_wconf 74' lang='lat' dir='ltr'><strong>obite.</strong></span> <span class='ocrx_word' id='word_1_4' title='bbox 393 429 433 490; x_wconf 91' lang='lat' dir='ltr'><strong>ll.</strong></span> <span class='ocrx_word' id='word_1_5' title='bbox 450 428 549 488; x_wconf 69' lang='lat' dir='ltr'><strong>Pomst</strong></span> <span class='ocrx_word' id='word_1_6' title='bbox 566 428 666 504; x_wconf 85' lang='lat' dir='ltr'><strong>bomo,</strong></span> <span class='ocrx_word' id='word_1_7' title='bbox 679 429 757 488; x_wconf 87' lang='lat' dir='ltr'><strong>sicut</strong></span> <span class='ocrx_word' id='word_1_8' title='bbox 775 443 875 504; x_wconf 86' lang='lat' dir='ltr'><strong>reapse</strong></span> <span class='ocrx_word' id='word_1_9' title='bbox 892 434 949 502; x_wconf 86' lang='lat' dir='ltr'><strong>est,</strong></span> <span class='ocrx_word' id='word_1_10' title='bbox 964 430 1123 504; x_wconf 74' lang='lat' dir='ltr'><strong>generatim</strong></span> <span class='ocrx_word' id='word_1_11' title='bbox 1142 443 1302 504; x_wconf 76' lang='lat' dir='ltr'><strong>propensus</strong></span> 
     </span>
     <span class='ocr_line' id='line_1_3' title="bbox 169 526 1300 605; baseline -0.002 -16"><span class='ocrx_word' id='word_1_12' title='bbox 169 570 174 578; x_wconf 86' lang='lat'>-</span> <span class='ocrx_word' id='word_1_13' title='bbox 224 545 287 590; x_wconf 87' lang='lat' dir='ltr'><strong>esse</strong></span> <span class='ocrx_word' id='word_1_14' title='bbox 304 532 335 588; x_wconf 92' lang='lat' dir='ltr'><strong>ln</strong></span> <span class='ocrx_word' id='word_1_15' title='bbox 352 527 473 588; x_wconf 87' lang='lat' dir='ltr'><strong>malam.</strong></span> <span class='ocrx_word' id='word_1_16' title='bbox 492 527 569 605; x_wconf 80' lang='lat' dir='ltr'><strong>Ergo</strong></span> <span class='ocrx_word' id='word_1_17' title='bbox 586 527 720 586; x_wconf 89' lang='lat' dir='ltr'><strong>similiter</strong></span> <span class='ocrx_word' id='word_1_18' title='bbox 738 529 768 585; x_wconf 87' lang='lat' dir='ltr'><strong>lo</strong></span> <span class='ocrx_word' id='word_1_19' title='bbox 786 526 904 586; x_wconf 86' lang='lat' dir='ltr'><strong>lelsum.</strong></span> <span class='ocrx_word' id='word_1_20' title='bbox 925 526 982 586; x_wconf 89' lang='lat' dir='ltr'><strong>Sed</strong></span> <span class='ocrx_word' id='word_1_21' title='bbox 999 527 1124 604; x_wconf 84' lang='lat' dir='ltr'><strong>generali</strong></span> <span class='ocrx_word' id='word_1_22' title='bbox 1143 527 1172 586; x_wconf 90' lang='lat' dir='ltr'><strong>in</strong></span> <span class='ocrx_word' id='word_1_23' title='bbox 1192 527 1300 586; x_wconf 80' lang='lat' dir='ltr'><strong>laisum</strong></span> 
     </span>
     <span class='ocr_line' id='line_1_4' title="bbox 224 625 1279 706; baseline -0.003 -19"><span class='ocrx_word' id='word_1_24' title='bbox 224 629 416 706; x_wconf 74' lang='lat' dir='ltr'><strong>propensione</strong></span> <span class='ocrx_word' id='word_1_25' title='bbox 430 627 571 702; x_wconf 83' lang='lat' dir='ltr'><strong>admissa,</strong></span> <span class='ocrx_word' id='word_1_26' title='bbox 583 625 656 684; x_wconf 88' lang='lat' dir='ltr'><strong>nihil</strong></span> <span class='ocrx_word' id='word_1_27' title='bbox 670 627 743 684; x_wconf 90' lang='lat' dir='ltr'><strong>certi</strong></span> <span class='ocrx_word' id='word_1_28' title='bbox 761 641 813 700; x_wconf 88' lang='lat' dir='ltr'><strong>pro</strong></span> <span class='ocrx_word' id='word_1_29' title='bbox 830 626 1020 702; x_wconf 70' lang='lat' dir='ltr'><strong>intelligentia</strong></span> <span class='ocrx_word' id='word_1_30' title='bbox 1036 634 1176 701; x_wconf 77' lang='lat' dir='ltr'><strong>superest.</strong></span> <span class='ocrx_word' id='word_1_31' title='bbox 1191 626 1279 702; x_wconf 72' lang='lat' dir='ltr'><strong>Fuga.</strong></span> 
     </span>
    </p>

    <p class='ocr_par' dir='ltr' id='par_1_3' title="bbox 225 723 1303 1292">
     <span class='ocr_line' id='line_1_5' title="bbox 286 723 1302 802; baseline -0.003 -17"><span class='ocrx_word' id='word_1_32' title='bbox 286 725 375 802; x_wconf 86' lang='lat' dir='ltr'><strong>liesp.</strong></span> <span class='ocrx_word' id='word_1_33' title='bbox 399 725 477 784; x_wconf 72' lang='lat' dir='ltr'><strong>Diri.</strong></span> <span class='ocrx_word' id='word_1_34' title='bbox 499 723 572 784; x_wconf 79' lang='lat' dir='ltr'><strong>Arri.</strong></span> <span class='ocrx_word' id='word_1_35' title='bbox 591 730 686 799; x_wconf 79' lang='lat' dir='ltr'><strong>potest</strong></span> <span class='ocrx_word' id='word_1_36' title='bbox 706 723 812 799; x_wconf 89' lang='lat' dir='ltr'><strong>homo,</strong></span> <span class='ocrx_word' id='word_1_37' title='bbox 834 725 911 783; x_wconf 88' lang='lat' dir='ltr'><strong>sicut</strong></span> <span class='ocrx_word' id='word_1_38' title='bbox 930 740 1033 800; x_wconf 79' lang='lat' dir='ltr'><strong>reapse</strong></span> <span class='ocrx_word' id='word_1_39' title='bbox 1052 729 1116 798; x_wconf 84' lang='lat' dir='ltr'><strong>est,</strong></span> <span class='ocrx_word' id='word_1_40' title='bbox 1140 727 1169 782; x_wconf 93' lang='lat' dir='ltr'><strong>in</strong></span> <span class='ocrx_word' id='word_1_41' title='bbox 1190 725 1302 784; x_wconf 85' lang='lat' dir='ltr'><strong>malum</strong></span> 
     </span>
     <span class='ocr_line' id='line_1_6' title="bbox 225 821 1302 900; baseline 0 -18"><span class='ocrx_word' id='word_1_42' title='bbox 225 839 288 882; x_wconf 85' lang='lat' dir='ltr'><strong>esse</strong></span> <span class='ocrx_word' id='word_1_43' title='bbox 307 839 478 900; x_wconf 85' lang='lat' dir='ltr'><strong>propensos,</strong></span> <span class='ocrx_word' id='word_1_44' title='bbox 497 839 549 898; x_wconf 91' lang='lat' dir='ltr'><strong>per</strong></span> <span class='ocrx_word' id='word_1_45' title='bbox 570 821 741 882; x_wconf 88' lang='lat' dir='ltr'><strong>rationalem</strong></span> <span class='ocrx_word' id='word_1_46' title='bbox 761 824 942 897; x_wconf 85' lang='lat' dir='ltr'><strong>appetitum,</strong></span> <span class='ocrx_word' id='word_1_47' title='bbox 964 838 1058 899; x_wconf 64' lang='grc' dir='ltr'><strong>παρος</strong></span> <span class='ocrx_word' id='word_1_48' title='bbox 1080 838 1133 897; x_wconf 88' lang='lat' dir='ltr'><strong>per</strong></span> <span class='ocrx_word' id='word_1_49' title='bbox 1150 825 1302 898; x_wconf 86' lang='lat' dir='ltr'><strong>appetitio·</strong></span> 
     </span>
     <span class='ocr_line' id='line_1_7' title="bbox 226 918 1303 996; baseline -0.001 -17"><span class='ocrx_word' id='word_1_50' title='bbox 226 937 292 979; x_wconf 90' lang='lat' dir='ltr'><strong>nem</strong></span> <span class='ocrx_word' id='word_1_51' title='bbox 309 922 462 994; x_wconf 83' lang='lat' dir='ltr'><strong>sensilem,</strong></span> <span class='ocrx_word' id='word_1_52' title='bbox 481 918 569 980; x_wconf 76' lang='lat' dir='ltr'><strong>mid.</strong></span> <span class='ocrx_word' id='word_1_53' title='bbox 589 921 758 994; x_wconf 81' lang='lat' dir='ltr'><strong>lumniam,</strong></span> <span class='ocrx_word' id='word_1_54' title='bbox 777 920 855 996; x_wconf 89' lang='lat' dir='ltr'><strong>qnod</strong></span> <span class='ocrx_word' id='word_1_55' title='bbox 873 922 912 980; x_wconf 90' lang='lat' dir='ltr'><strong>sit</strong></span> <span class='ocrx_word' id='word_1_56' title='bbox 927 921 1068 980; x_wconf 88' lang='lat' dir='ltr'><strong>eiusmodi</strong></span> <span class='ocrx_word' id='word_1_57' title='bbox 1089 927 1218 996; x_wconf 79' lang='lat' dir='ltr'><strong>respectu</strong></span> <span class='ocrx_word' id='word_1_58' title='bbox 1239 937 1303 980; x_wconf 89' lang='lat' dir='ltr'><strong>sen-</strong></span> 
     </span>
     <span class='ocr_line' id='line_1_8' title="bbox 226 1017 1303 1096; baseline 0.001 -21"><span class='ocrx_word' id='word_1_59' title='bbox 226 1018 355 1076; x_wconf 89' lang='lat' dir='ltr'><strong>sibilium</strong></span> <span class='ocrx_word' id='word_1_60' title='bbox 374 1018 569 1095; x_wconf 86' lang='lat' dir='ltr'><strong>facultatum,</strong></span> <span class='ocrx_word' id='word_1_61' title='bbox 594 1021 699 1077; x_wconf 86' lang='lat' dir='ltr'><strong>iterum</strong></span> <span class='ocrx_word' id='word_1_62' title='bbox 716 1034 810 1095; x_wconf 52' lang='grc' dir='ltr'><strong>ηομ·</strong></span> <span class='ocrx_word' id='word_1_63' title='bbox 832 1027 964 1095; x_wconf 89' lang='lat' dir='ltr'><strong>respectu</strong></span> <span class='ocrx_word' id='word_1_64' title='bbox 986 1022 1128 1096; x_wconf 89' lang='lat' dir='ltr'><strong>rationis,</strong></span> <span class='ocrx_word' id='word_1_65' title='bbox 1152 1017 1303 1096; x_wconf 70' lang='lat' dir='ltr'><strong>distinguo</strong></span> 
     </span>
     <span class='ocr_line' id='line_1_9' title="bbox 226 1116 1302 1193; baseline 0.002 -18"><span class='ocrx_word' id='word_1_66' title='bbox 226 1131 338 1190; x_wconf 73' lang='lat' dir='ltr'><strong>raram,</strong></span> <span class='ocrx_word' id='word_1_67' title='bbox 361 1133 436 1193; x_wconf 86' lang='lat' dir='ltr'><strong>qnae</strong></span> <span class='ocrx_word' id='word_1_68' title='bbox 454 1118 608 1193; x_wconf 86' lang='lat' dir='ltr'><strong>propensio</strong></span> <span class='ocrx_word' id='word_1_69' title='bbox 631 1116 668 1175; x_wconf 87' lang='lat' dir='ltr'><strong>ab</strong></span> <span class='ocrx_word' id='word_1_70' title='bbox 689 1119 753 1192; x_wconf 87' lang='lat' dir='ltr'><strong>ipsa</strong></span> <span class='ocrx_word' id='word_1_71' title='bbox 769 1119 881 1176; x_wconf 90' lang='lat' dir='ltr'><strong>ratione</strong></span> <span class='ocrx_word' id='word_1_72' title='bbox 899 1135 1000 1176; x_wconf 86' lang='lat' dir='ltr'><strong>verum</strong></span> <span class='ocrx_word' id='word_1_73' title='bbox 1024 1116 1132 1176; x_wconf 89' lang='lat' dir='ltr'><strong>bonum</strong></span> <span class='ocrx_word' id='word_1_74' title='bbox 1151 1124 1302 1193; x_wconf 79' lang='lat' dir='ltr'><strong>appetente</strong></span> 
     </span>
     <span class='ocr_line' id='line_1_10' title="bbox 227 1216 1021 1292; baseline 0 -18"><span class='ocrx_word' id='word_1_75' title='bbox 227 1217 334 1291; x_wconf 84' lang='lat' dir='ltr'><strong>corrigi</strong></span> <span class='ocrx_word' id='word_1_76' title='bbox 356 1216 447 1290; x_wconf 89' lang='lat' dir='ltr'><strong>possit</strong></span> <span class='ocrx_word' id='word_1_77' title='bbox 465 1233 499 1276; x_wconf 90' lang='lat' dir='ltr'><strong>ac</strong></span> <span class='ocrx_word' id='word_1_78' title='bbox 522 1218 688 1292; x_wconf 86' lang='lat' dir='ltr'><strong>temperari,</strong></span> <span class='ocrx_word' id='word_1_79' title='bbox 709 1233 811 1290; x_wconf 83' lang='lat' dir='ltr'><strong>eoao.‚·</strong></span> <span class='ocrx_word' id='word_1_80' title='bbox 834 1231 917 1276; x_wconf 89' lang='lat' dir='ltr'><strong>secus</strong></span> <span class='ocrx_word' id='word_1_81' title='bbox 936 1233 1021 1292; x_wconf 74' lang='lat' dir='ltr'><strong>nego.</strong></span> 
     </span>
    </p>

    <p class='ocr_par' dir='ltr' id='par_1_4' title="bbox 170 1314 1305 1587">
     <span class='ocr_line' id='line_1_11' title="bbox 287 1314 1303 1390; baseline -0.001 -16"><span class='ocrx_word' id='word_1_82' title='bbox 287 1314 360 1374; x_wconf 88' lang='lat' dir='ltr'><strong>Cum</strong></span> <span class='ocrx_word' id='word_1_83' title='bbox 377 1314 465 1375; x_wconf 86' lang='lat' dir='ltr'><strong>homo</strong></span> <span class='ocrx_word' id='word_1_84' title='bbox 481 1316 580 1374; x_wconf 89' lang='lat' dir='ltr'><strong>animo</strong></span> <span class='ocrx_word' id='word_1_85' title='bbox 598 1320 711 1372; x_wconf 90' lang='lat' dir='ltr'><strong>constet</strong></span> <span class='ocrx_word' id='word_1_86' title='bbox 728 1320 757 1372; x_wconf 87' lang='lat' dir='ltr'><strong>et</strong></span> <span class='ocrx_word' id='word_1_87' title='bbox 773 1331 909 1390; x_wconf 85' lang='lat' dir='ltr'><strong>corpore,</strong></span> <span class='ocrx_word' id='word_1_88' title='bbox 926 1315 1117 1373; x_wconf 78' lang='lat' dir='ltr'><strong>intellecturi</strong></span> <span class='ocrx_word' id='word_1_89' title='bbox 1130 1329 1234 1389; x_wconf 86' lang='lat' dir='ltr'><strong>senso,</strong></span> <span class='ocrx_word' id='word_1_90' title='bbox 1251 1314 1303 1373; x_wconf 93' lang='lat' dir='ltr'><strong>du·</strong></span> 
     </span>
     <span class='ocr_line' id='line_1_12' title="bbox 226 1410 1302 1490; baseline 0.001 -20"><span class='ocrx_word' id='word_1_91' title='bbox 226 1412 313 1489; x_wconf 86' lang='lat' dir='ltr'><strong>plicis</strong></span> <span class='ocrx_word' id='word_1_92' title='bbox 335 1416 448 1490; x_wconf 83' lang='lat' dir='ltr'><strong>generis</strong></span> <span class='ocrx_word' id='word_1_93' title='bbox 468 1413 657 1488; x_wconf 82' lang='lat' dir='ltr'><strong>appetitiones</strong></span> <span class='ocrx_word' id='word_1_94' title='bbox 679 1412 781 1471; x_wconf 85' lang='lat' dir='ltr'><strong>habet:</strong></span> <span class='ocrx_word' id='word_1_95' title='bbox 810 1413 981 1488; x_wconf 84' lang='lat' dir='ltr'><strong>rationales,</strong></span> <span class='ocrx_word' id='word_1_96' title='bbox 1005 1410 1112 1488; x_wconf 80' lang='lat' dir='ltr'><strong>quilius</strong></span> <span class='ocrx_word' id='word_1_97' title='bbox 1135 1413 1174 1470; x_wconf 88' lang='lat' dir='ltr'><strong>ad</strong></span> <span class='ocrx_word' id='word_1_98' title='bbox 1193 1411 1302 1473; x_wconf 88' lang='lat' dir='ltr'><strong>bonum</strong></span> 
     </span>
     <span class='ocr_line' id='line_1_13' title="bbox 170 1509 1305 1587; baseline 0.002 -19"><span class='ocrx_word' id='word_1_99' title='bbox 170 1512 174 1518; x_wconf 82' lang='grc'><strong>“</strong></span> <span class='ocrx_word' id='word_1_100' title='bbox 227 1512 317 1568; x_wconf 86' lang='lat' dir='ltr'><strong>menti</strong></span> <span class='ocrx_word' id='word_1_101' title='bbox 337 1516 563 1569; x_wconf 87' lang='lat' dir='ltr'><strong>consentaneum</strong></span> <span class='ocrx_word' id='word_1_102' title='bbox 577 1510 754 1587; x_wconf 81' lang='lat' dir='ltr'><strong>impellitnr3</strong></span> <span class='ocrx_word' id='word_1_103' title='bbox 776 1517 805 1569; x_wconf 88' lang='lat' dir='ltr'><strong>et</strong></span> <span class='ocrx_word' id='word_1_104' title='bbox 822 1510 942 1570; x_wconf 86' lang='lat' dir='ltr'><strong>sensiles</strong></span> <span class='ocrx_word' id='word_1_105' title='bbox 961 1510 999 1569; x_wconf 88' lang='lat' dir='ltr'><strong>ed</strong></span> <span class='ocrx_word' id='word_1_106' title='bbox 1017 1509 1095 1569; x_wconf 90' lang='lat' dir='ltr'><strong>bona</strong></span> <span class='ocrx_word' id='word_1_107' title='bbox 1108 1517 1222 1570; x_wconf 79' lang='lat' dir='ltr'><strong>tentum</strong></span> <span class='ocrx_word' id='word_1_108' title='bbox 1242 1526 1305 1570; x_wconf 84' lang='lat' dir='ltr'><strong>eor·</strong></span> 
     </span>
    </p>

    <p class='ocr_par' dir='ltr' id='par_1_5' title="bbox 210 1608 1306 2180">
     <span class='ocr_line' id='line_1_14' title="bbox 228 1608 1302 1686; baseline 0.003 -20"><span class='ocrx_word' id='word_1_109' title='bbox 228 1623 316 1683; x_wconf 88' lang='lat' dir='ltr'><strong>poree</strong></span> <span class='ocrx_word' id='word_1_110' title='bbox 335 1608 526 1684; x_wconf 89' lang='lat' dir='ltr'><strong>inclinantes;</strong></span> <span class='ocrx_word' id='word_1_111' title='bbox 548 1609 655 1685; x_wconf 80' lang='lat' dir='ltr'><strong>quilius</strong></span> <span class='ocrx_word' id='word_1_112' title='bbox 671 1609 804 1685; x_wconf 88' lang='lat' dir='ltr'><strong>obsequi,</strong></span> <span class='ocrx_word' id='word_1_113' title='bbox 820 1611 875 1670; x_wconf 85' lang='lat' dir='ltr'><strong>etsi</strong></span> <span class='ocrx_word' id='word_1_114' title='bbox 893 1609 997 1669; x_wconf 89' lang='lat' dir='ltr'><strong>rationi</strong></span> <span class='ocrx_word' id='word_1_115' title='bbox 1017 1610 1173 1686; x_wconf 81' lang='lat' dir='ltr'><strong>aliquando</strong></span> <span class='ocrx_word' id='word_1_116' title='bbox 1193 1611 1302 1669; x_wconf 89' lang='lat' dir='ltr'><strong>malum</strong></span> 
     </span>
     <span class='ocr_line' id='line_1_15' title="bbox 227 1703 1303 1786; baseline 0.002 -22"><span class='ocrx_word' id='word_1_117' title='bbox 227 1707 285 1782; x_wconf 86' lang='lat' dir='ltr'><strong>sit,</strong></span> <span class='ocrx_word' id='word_1_118' title='bbox 305 1707 437 1766; x_wconf 83' lang='lat' dir='ltr'><strong>sensibus</strong></span> <span class='ocrx_word' id='word_1_119' title='bbox 458 1714 557 1768; x_wconf 90' lang='lat' dir='ltr'><strong>tamen</strong></span> <span class='ocrx_word' id='word_1_120' title='bbox 577 1726 636 1767; x_wconf 91' lang='lat' dir='ltr'><strong>nou</strong></span> <span class='ocrx_word' id='word_1_121' title='bbox 657 1715 702 1768; x_wconf 87' lang='lat' dir='ltr'><strong>est</strong></span> <span class='ocrx_word' id='word_1_122' title='bbox 727 1712 778 1768; x_wconf 87' lang='lat' dir='ltr'><strong>ite.</strong></span> <span class='ocrx_word' id='word_1_123' title='bbox 803 1711 899 1782; x_wconf 83' lang='lat' dir='ltr'><strong>Quare</strong></span> <span class='ocrx_word' id='word_1_124' title='bbox 917 1711 1054 1786; x_wconf 88' lang='lat' dir='ltr'><strong>appetitio</strong></span> <span class='ocrx_word' id='word_1_125' title='bbox 1068 1703 1188 1786; x_wconf 80' lang='lat' dir='ltr'><strong>quoev&#39;is</strong></span> <span class='ocrx_word' id='word_1_126' title='bbox 1205 1711 1234 1768; x_wconf 91' lang='lat' dir='ltr'><strong>in</strong></span> <span class='ocrx_word' id='word_1_127' title='bbox 1249 1726 1303 1768; x_wconf 88' lang='lat' dir='ltr'><strong>sno</strong></span> 
     </span>
     <span class='ocr_line' id='line_1_16' title="bbox 228 1805 1302 1885; baseline 0.004 -23"><span class='ocrx_word' id='word_1_128' title='bbox 228 1820 333 1881; x_wconf 84' lang='lat' dir='ltr'><strong>genere</strong></span> <span class='ocrx_word' id='word_1_129' title='bbox 350 1821 464 1883; x_wconf 88' lang='lat' dir='ltr'><strong>semper</strong></span> <span class='ocrx_word' id='word_1_130' title='bbox 479 1805 518 1865; x_wconf 91' lang='lat' dir='ltr'><strong>ad</strong></span> <span class='ocrx_word' id='word_1_131' title='bbox 532 1806 641 1866; x_wconf 88' lang='lat' dir='ltr'><strong>bonum</strong></span> <span class='ocrx_word' id='word_1_132' title='bbox 660 1808 769 1883; x_wconf 82' lang='lat' dir='ltr'><strong>tendit3</strong></span> <span class='ocrx_word' id='word_1_133' title='bbox 785 1824 962 1885; x_wconf 83' lang='lat' dir='ltr'><strong>quamquem</strong></span> <span class='ocrx_word' id='word_1_134' title='bbox 983 1824 1042 1866; x_wconf 91' lang='lat' dir='ltr'><strong>nou</strong></span> <span class='ocrx_word' id='word_1_135' title='bbox 1060 1825 1128 1868; x_wconf 91' lang='lat' dir='ltr'><strong>raro</strong></span> <span class='ocrx_word' id='word_1_136' title='bbox 1146 1808 1222 1866; x_wconf 88' lang='lat' dir='ltr'><strong>bona</strong></span> <span class='ocrx_word' id='word_1_137' title='bbox 1237 1825 1302 1866; x_wconf 88' lang='lat' dir='ltr'><strong>sen·</strong></span> 
     </span>
     <span class='ocr_line' id='line_1_17' title="bbox 228 1889 1306 1985; baseline 0.004 -25"><span class='ocrx_word' id='word_1_138' title='bbox 228 1919 315 1962; x_wconf 87' lang='lat' dir='ltr'><strong>snum</strong></span> <span class='ocrx_word' id='word_1_139' title='bbox 335 1902 413 1963; x_wconf 90' lang='lat' dir='ltr'><strong>bono</strong></span> <span class='ocrx_word' id='word_1_140' title='bbox 432 1908 539 1964; x_wconf 86' lang='lat' dir='ltr'><strong>mentis</strong></span> <span class='ocrx_word' id='word_1_141' title='bbox 560 1905 763 1983; x_wconf 83' lang='lat' dir='ltr'><strong>adversentur,</strong></span> <span class='ocrx_word' id='word_1_142' title='bbox 781 1907 869 1985; x_wconf 78' lang='lat' dir='ltr'><strong>idque</strong></span> <span class='ocrx_word' id='word_1_143' title='bbox 886 1923 921 1966; x_wconf 88' lang='lat' dir='ltr'><strong>ex</strong></span> <span class='ocrx_word' id='word_1_144' title='bbox 942 1906 1068 1966; x_wconf 84' lang='lat' dir='ltr'><strong>naturali</strong></span> <span class='ocrx_word' id='word_1_145' title='bbox 1089 1889 1306 1982; x_wconf 81' lang='lat' dir='ltr'><strong>imperfectione</strong></span> 
     </span>
     <span class='ocr_line' id='line_1_18' title="bbox 210 1999 1304 2080; baseline 0.003 -21"><span class='ocrx_word' id='word_1_146' title='bbox 210 1999 357 2060; x_wconf 73' lang='lat' dir='ltr'><strong>vlrominls</strong></span> <span class='ocrx_word' id='word_1_147' title='bbox 374 2001 533 2063; x_wconf 87' lang='lat' dir='ltr'><strong>oboriatur.</strong></span> <span class='ocrx_word' id='word_1_148' title='bbox 557 2003 610 2062; x_wconf 89' lang='lat' dir='ltr'><strong>Cui</strong></span> <span class='ocrx_word' id='word_1_149' title='bbox 629 2003 815 2064; x_wconf 86' lang='lat' dir='ltr'><strong>incommodo</strong></span> <span class='ocrx_word' id='word_1_150' title='bbox 834 2012 939 2064; x_wconf 85' lang='lat' dir='ltr'><strong>notura</strong></span> <span class='ocrx_word' id='word_1_151' title='bbox 960 2007 1068 2080; x_wconf 87' lang='lat' dir='ltr'><strong>optime</strong></span> <span class='ocrx_word' id='word_1_152' title='bbox 1085 2005 1176 2080; x_wconf 85' lang='lat' dir='ltr'><strong>cavit,</strong></span> <span class='ocrx_word' id='word_1_153' title='bbox 1199 2007 1304 2078; x_wconf 89' lang='lat' dir='ltr'><strong>portio-</strong></span> 
     </span>
     <span class='ocr_line' id='line_1_19' title="bbox 229 2101 1305 2180; baseline 0.003 -23"><span class='ocrx_word' id='word_1_154' title='bbox 229 2114 297 2159; x_wconf 90' lang='lat' dir='ltr'><strong>nem</strong></span> <span class='ocrx_word' id='word_1_155' title='bbox 315 2101 451 2160; x_wconf 89' lang='lat' dir='ltr'><strong>sensilem</strong></span> <span class='ocrx_word' id='word_1_156' title='bbox 471 2103 578 2161; x_wconf 74' lang='lat' dir='ltr'><strong>radoni</strong></span> <span class='ocrx_word' id='word_1_157' title='bbox 593 2103 787 2178; x_wconf 84' lang='lat' dir='ltr'><strong>subiicienda,</strong></span> <span class='ocrx_word' id='word_1_158' title='bbox 802 2119 877 2180; x_wconf 89' lang='lat' dir='ltr'><strong>quae</strong></span> <span class='ocrx_word' id='word_1_159' title='bbox 894 2102 1075 2179; x_wconf 84' lang='lat' dir='ltr'><strong>agnoscendo</strong></span> <span class='ocrx_word' id='word_1_160' title='bbox 1092 2117 1192 2160; x_wconf 83' lang='lat' dir='ltr'><strong>verum</strong></span> <span class='ocrx_word' id='word_1_161' title='bbox 1211 2108 1241 2159; x_wconf 91' lang='lat' dir='ltr'><strong>et</strong></span> <span class='ocrx_word' id='word_1_162' title='bbox 1259 2101 1305 2160; x_wconf 91' lang='lat' dir='ltr'><strong>di·</strong></span> 
     </span>
    </p>
   </div>
   <div class='ocr_carea' id='block_1_3' title="bbox 228 2198 1305 2479">
    <p class='ocr_par' dir='ltr' id='par_1_6' title="bbox 228 2198 1305 2479">
     <span class='ocr_line' id='line_1_20' title="bbox 229 2198 1305 2280; baseline 0.002 -23"><span class='ocrx_word' id='word_1_163' title='bbox 229 2198 347 2276; x_wconf 82' lang='lat' dir='ltr'><strong>ligendo</strong></span> <span class='ocrx_word' id='word_1_164' title='bbox 365 2199 492 2277; x_wconf 88' lang='lat' dir='ltr'><strong>bonum,</strong></span> <span class='ocrx_word' id='word_1_165' title='bbox 514 2200 680 2261; x_wconf 87' lang='lat' dir='ltr'><strong>inferiorem</strong></span> <span class='ocrx_word' id='word_1_166' title='bbox 695 2205 855 2280; x_wconf 86' lang='lat' dir='ltr'><strong>appetitum</strong></span> <span class='ocrx_word' id='word_1_167' title='bbox 875 2202 1072 2264; x_wconf 88' lang='lat' dir='ltr'><strong>moderaretur</strong></span> <span class='ocrx_word' id='word_1_168' title='bbox 1090 2205 1176 2278; x_wconf 86' lang='lat' dir='ltr'><strong>atque</strong></span> <span class='ocrx_word' id='word_1_169' title='bbox 1193 2199 1231 2259; x_wconf 92' lang='lat' dir='ltr'><strong>ad</strong></span> <span class='ocrx_word' id='word_1_170' title='bbox 1249 2199 1305 2259; x_wconf 92' lang='lat' dir='ltr'><strong>sibl</strong></span> 
     </span>
     <span class='ocr_line' id='line_1_21' title="bbox 228 2296 1305 2379; baseline 0 -22"><span class='ocrx_word' id='word_1_171' title='bbox 228 2298 416 2358; x_wconf 82' lang='lat' dir='ltr'><strong>serviendum</strong></span> <span class='ocrx_word' id='word_1_172' title='bbox 433 2298 571 2359; x_wconf 73' lang='lat' dir='ltr'><strong>flecteret.</strong></span> <span class='ocrx_word' id='word_1_173' title='bbox 594 2300 682 2361; x_wconf 83' lang='lat' dir='ltr'><strong>Falsa</strong></span> <span class='ocrx_word' id='word_1_174' title='bbox 697 2308 742 2361; x_wconf 77' lang='lat' dir='ltr'><strong>eri</strong></span> <span class='ocrx_word' id='word_1_175' title='bbox 759 2304 847 2379; x_wconf 85' lang='lat' dir='ltr'><strong>igitur</strong></span> <span class='ocrx_word' id='word_1_176' title='bbox 871 2301 1013 2377; x_wconf 83' lang='lat' dir='ltr'><strong>generalis</strong></span> <span class='ocrx_word' id='word_1_177' title='bbox 1034 2300 1161 2379; x_wconf 88' lang='lat' dir='ltr'><strong>hominis</strong></span> <span class='ocrx_word' id='word_1_178' title='bbox 1182 2296 1220 2357; x_wconf 91' lang='lat' dir='ltr'><strong>ad</strong></span> <span class='ocrx_word' id='word_1_179' title='bbox 1242 2312 1305 2357; x_wconf 89' lang='lat' dir='ltr'><strong>ma·</strong></span> 
     </span>
     <span class='ocr_line' id='line_1_22' title="bbox 229 2396 1304 2479; baseline -0.001 -23"><span class='ocrx_word' id='word_1_180' title='bbox 229 2397 291 2457; x_wconf 88' lang='lat' dir='ltr'><strong>lum</strong></span> <span class='ocrx_word' id='word_1_181' title='bbox 309 2401 482 2476; x_wconf 84' lang='lat' dir='ltr'><strong>propeaslo3</strong></span> <span class='ocrx_word' id='word_1_182' title='bbox 498 2415 534 2460; x_wconf 90' lang='lat' dir='ltr'><strong>ac</strong></span> <span class='ocrx_word' id='word_1_183' title='bbox 554 2400 647 2460; x_wconf 85' lang='lat' dir='ltr'><strong>multo</strong></span> <span class='ocrx_word' id='word_1_184' title='bbox 658 2402 753 2479; x_wconf 86' lang='lat' dir='ltr'><strong>magis</strong></span> <span class='ocrx_word' id='word_1_185' title='bbox 767 2401 842 2461; x_wconf 83' lang='lat' dir='ltr'><strong>false</strong></span> <span class='ocrx_word' id='word_1_186' title='bbox 855 2416 917 2461; x_wconf 84' lang='lat' dir='ltr'><strong>esse</strong></span> <span class='ocrx_word' id='word_1_187' title='bbox 929 2399 1015 2459; x_wconf 86' lang='lat' dir='ltr'><strong>debet</strong></span> <span class='ocrx_word' id='word_1_188' title='bbox 1031 2399 1203 2459; x_wconf 84' lang='lat' dir='ltr'><strong>universalis</strong></span> <span class='ocrx_word' id='word_1_189' title='bbox 1222 2396 1304 2456; x_wconf 91' lang='lat' dir='ltr'><strong>incli-</strong></span> 
     </span>
    </p>
   </div>
   <div class='ocr_carea' id='block_1_4' title="bbox 228 2537 1311 3568">
    <p class='ocr_par' dir='ltr' id='par_1_7' title="bbox 228 2537 1308 3001">
     <span class='ocr_line' id='line_1_23' title="bbox 228 2537 1305 2605; baseline -0.003 -16"><span class='ocrx_word' id='word_1_190' title='bbox 228 2557 242 2583; x_wconf 73' lang='grc' dir='ltr'><strong>«ι</strong></span> <span class='ocrx_word' id='word_1_191' title='bbox 257 2538 347 2589; x_wconf 78' lang='lat' dir='ltr'><strong>deliro</strong></span> <span class='ocrx_word' id='word_1_192' title='bbox 358 2553 386 2595; x_wconf 84' lang='lat' dir='ltr'><strong>se</strong></span> <span class='ocrx_word' id='word_1_193' title='bbox 399 2553 450 2591; x_wconf 88' lang='lat' dir='ltr'><strong>aon</strong></span> <span class='ocrx_word' id='word_1_194' title='bbox 460 2538 544 2604; x_wconf 88' lang='lat' dir='ltr'><strong>qneilo</strong></span> <span class='ocrx_word' id='word_1_195' title='bbox 557 2540 603 2591; x_wconf 81' lang='lat' dir='ltr'><strong>eise</strong></span> <span class='ocrx_word' id='word_1_196' title='bbox 615 2542 721 2593; x_wconf 89' lang='lat' dir='ltr'><strong>termina</strong></span> <span class='ocrx_word' id='word_1_197' title='bbox 731 2555 745 2593; x_wconf 92' lang='lat' dir='ltr'><strong>e</strong></span> <span class='ocrx_word' id='word_1_198' title='bbox 756 2542 843 2605; x_wconf 88' lang='lat' dir='ltr'><strong>qnindi</strong></span> <span class='ocrx_word' id='word_1_199' title='bbox 858 2554 952 2605; x_wconf 82' lang='lat' dir='ltr'><strong>eppegs</strong></span> <span class='ocrx_word' id='word_1_200' title='bbox 969 2542 992 2591; x_wconf 87' lang='lat' dir='ltr'><strong>la</strong></span> <span class='ocrx_word' id='word_1_201' title='bbox 1003 2540 1122 2589; x_wconf 76' lang='lat' dir='ltr'><strong>tenderes</strong></span> <span class='ocrx_word' id='word_1_202' title='bbox 1132 2538 1171 2588; x_wconf 85' lang='lat' dir='ltr'><strong>del</strong></span> <span class='ocrx_word' id='word_1_203' title='bbox 1183 2537 1305 2587; x_wconf 87' lang='lat' dir='ltr'><strong>subbietto</strong></span> 
     </span>
     <span class='ocr_line' id='line_1_24' title="bbox 230 2616 1308 2684; baseline -0.003 -15"><span class='ocrx_word' id='word_1_204' title='bbox 230 2636 244 2662; x_wconf 76' lang='grc' dir='ltr'>ι</span> <span class='ocrx_word' id='word_1_205' title='bbox 259 2622 396 2681; x_wconf 83' lang='lat' dir='ltr'><strong>operante?</strong></span> <span class='ocrx_word' id='word_1_206' title='bbox 410 2622 473 2684; x_wconf 88' lang='lat' dir='ltr'><strong>ogni</strong></span> <span class='ocrx_word' id='word_1_207' title='bbox 488 2624 575 2671; x_wconf 82' lang='lat' dir='ltr'><strong>natura</strong></span> <span class='ocrx_word' id='word_1_208' title='bbox 586 2620 669 2683; x_wconf 85' lang='lat' dir='ltr'><strong>ripose</strong></span> <span class='ocrx_word' id='word_1_209' title='bbox 680 2622 719 2671; x_wconf 87' lang='lat' dir='ltr'><strong>nel</strong></span> <span class='ocrx_word' id='word_1_210' title='bbox 734 2634 845 2683; x_wconf 83' lang='lat' dir='ltr'><strong>possesso</strong></span> <span class='ocrx_word' id='word_1_211' title='bbox 855 2621 895 2671; x_wconf 91' lang='lat' dir='ltr'><strong>del</strong></span> <span class='ocrx_word' id='word_1_212' title='bbox 906 2622 1005 2683; x_wconf 81' lang='lat' dir='ltr'><strong>proprio</strong></span> <span class='ocrx_word' id='word_1_213' title='bbox 1017 2620 1093 2681; x_wconf 78' lang='lat' dir='ltr'><strong>bene3</strong></span> <span class='ocrx_word' id='word_1_214' title='bbox 1112 2619 1142 2669; x_wconf 90' lang='lat' dir='ltr'><strong>ed</strong></span> <span class='ocrx_word' id='word_1_215' title='bbox 1154 2619 1171 2667; x_wconf 90' lang='lat' dir='ltr'><strong>ll</strong></span> <span class='ocrx_word' id='word_1_216' title='bbox 1187 2618 1247 2667; x_wconf 81' lang='lat' dir='ltr'><strong>irene</strong></span> <span class='ocrx_word' id='word_1_217' title='bbox 1259 2616 1308 2667; x_wconf 87' lang='lat' dir='ltr'><strong>del·</strong></span> 
     </span>
     <span class='ocr_line' id='line_1_25' title="bbox 231 2697 1307 2763; baseline -0.003 -14"><span class='ocrx_word' id='word_1_218' title='bbox 231 2719 245 2743; x_wconf 79' lang='grc' dir='ltr'>ι</span> <span class='ocrx_word' id='word_1_219' title='bbox 261 2700 416 2761; x_wconf 89' lang='lat' dir='ltr'><strong>l’lntellette,</strong></span> <span class='ocrx_word' id='word_1_220' title='bbox 428 2701 530 2751; x_wconf 84' lang='lat' dir='ltr'><strong>comesi</strong></span> <span class='ocrx_word' id='word_1_221' title='bbox 542 2701 557 2750; x_wconf 79' lang='lat' dir='ltr'><strong>e</strong></span> <span class='ocrx_word' id='word_1_222' title='bbox 567 2701 645 2763; x_wconf 90' lang='lat' dir='ltr'><strong>detto,</strong></span> <span class='ocrx_word' id='word_1_223' title='bbox 659 2701 673 2749; x_wconf 79' lang='lat' dir='ltr'><strong>e</strong></span> <span class='ocrx_word' id='word_1_224' title='bbox 686 2703 705 2751; x_wconf 93' lang='lat' dir='ltr'><strong>il</strong></span> <span class='ocrx_word' id='word_1_225' title='bbox 717 2714 783 2751; x_wconf 83' lang='lat' dir='ltr'><strong>vero.</strong></span> <span class='ocrx_word' id='word_1_226' title='bbox 797 2705 930 2762; x_wconf 85' lang='lat' dir='ltr'><strong>Drrnqueo</strong></span> <span class='ocrx_word' id='word_1_227' title='bbox 945 2699 1045 2758; x_wconf 85' lang='lat' dir='ltr'><strong>bisogna</strong></span> <span class='ocrx_word' id='word_1_228' title='bbox 1056 2711 1144 2759; x_wconf 85' lang='lat' dir='ltr'><strong>negare</strong></span> <span class='ocrx_word' id='word_1_229' title='bbox 1159 2698 1205 2747; x_wconf 86' lang='lat' dir='ltr'><strong>cire</strong></span> <span class='ocrx_word' id='word_1_230' title='bbox 1217 2697 1234 2746; x_wconf 95' lang='lat' dir='ltr'><strong>il</strong></span> <span class='ocrx_word' id='word_1_231' title='bbox 1247 2710 1307 2747; x_wconf 77' lang='lat' dir='ltr'><strong>vero</strong></span> 
     </span>
     <span class='ocr_line' id='line_1_26' title="bbox 232 2775 1307 2843; baseline -0.005 -13"><span class='ocrx_word' id='word_1_232' title='bbox 232 2799 245 2823; x_wconf 73' lang='lat' dir='ltr'><strong>r</strong></span> <span class='ocrx_word' id='word_1_233' title='bbox 262 2779 300 2830; x_wconf 85' lang='lat' dir='ltr'><strong>sia</strong></span> <span class='ocrx_word' id='word_1_234' title='bbox 309 2780 421 2829; x_wconf 78' lang='lat' dir='ltr'><strong>naturale</strong></span> <span class='ocrx_word' id='word_1_235' title='bbox 437 2780 486 2829; x_wconf 86' lang='lat' dir='ltr'><strong>alla</strong></span> <span class='ocrx_word' id='word_1_236' title='bbox 500 2782 591 2840; x_wconf 89' lang='lat' dir='ltr'><strong>mente,</strong></span> <span class='ocrx_word' id='word_1_237' title='bbox 602 2778 777 2843; x_wconf 83' lang='lat' dir='ltr'><strong>distruggendo</strong></span> <span class='ocrx_word' id='word_1_238' title='bbox 789 2779 840 2828; x_wconf 88' lang='lat' dir='ltr'><strong>oosl</strong></span> <span class='ocrx_word' id='word_1_239' title='bbox 851 2778 927 2841; x_wconf 82' lang='lat' dir='ltr'><strong>pertin</strong></span> <span class='ocrx_word' id='word_1_240' title='bbox 943 2779 966 2827; x_wconf 86' lang='lat' dir='ltr'><strong>la</strong></span> <span class='ocrx_word' id='word_1_241' title='bbox 979 2776 1115 2838; x_wconf 86' lang='lat' dir='ltr'><strong>possibiliilr</strong></span> <span class='ocrx_word' id='word_1_242' title='bbox 1126 2775 1277 2838; x_wconf 86' lang='lat' dir='ltr'><strong>deil’errore;</strong></span> <span class='ocrx_word' id='word_1_243' title='bbox 1291 2790 1307 2825; x_wconf 90' lang='lat' dir='ltr'><strong>o</strong></span> 
     </span>
     <span class='ocr_line' id='line_1_27' title="bbox 231 2856 1308 2922; baseline -0.003 -14"><span class='ocrx_word' id='word_1_244' title='bbox 231 2877 245 2903; x_wconf 69' lang='grc' dir='ltr'>ι</span> <span class='ocrx_word' id='word_1_245' title='bbox 261 2871 383 2909; x_wconf 83' lang='lat' dir='ltr'><strong>ammeseo</strong></span> <span class='ocrx_word' id='word_1_246' title='bbox 393 2860 440 2909; x_wconf 84' lang='lat' dir='ltr'><strong>ohe</strong></span> <span class='ocrx_word' id='word_1_247' title='bbox 451 2860 473 2909; x_wconf 93' lang='lat' dir='ltr'><strong>ie</strong></span> <span class='ocrx_word' id='word_1_248' title='bbox 483 2860 520 2909; x_wconf 82' lang='lat' dir='ltr'><strong>sie</strong></span> <span class='ocrx_word' id='word_1_249' title='bbox 532 2860 652 2922; x_wconf 83' lang='lat' dir='ltr'><strong>naturale,</strong></span> <span class='ocrx_word' id='word_1_250' title='bbox 667 2861 682 2922; x_wconf 72' lang='lat' dir='ltr'><strong>e</strong></span> <span class='ocrx_word' id='word_1_251' title='bbox 698 2860 764 2909; x_wconf 83' lang='lat' dir='ltr'><strong>iorna</strong></span> <span class='ocrx_word' id='word_1_252' title='bbox 778 2857 911 2909; x_wconf 87' lang='lat' dir='ltr'><strong>concedere</strong></span> <span class='ocrx_word' id='word_1_253' title='bbox 922 2858 967 2906; x_wconf 88' lang='lat' dir='ltr'><strong>che</strong></span> <span class='ocrx_word' id='word_1_254' title='bbox 982 2856 1007 2905; x_wconf 85' lang='lat' dir='ltr'><strong>la</strong></span> <span class='ocrx_word' id='word_1_255' title='bbox 1019 2858 1100 2907; x_wconf 90' lang='lat' dir='ltr'><strong>mente</strong></span> <span class='ocrx_word' id='word_1_256' title='bbox 1114 2868 1185 2917; x_wconf 84' lang='lat' dir='ltr'><strong>posse</strong></span> <span class='ocrx_word' id='word_1_257' title='bbox 1199 2868 1213 2903; x_wconf 91' lang='lat' dir='ltr'><strong>e</strong></span> <span class='ocrx_word' id='word_1_258' title='bbox 1227 2856 1308 2905; x_wconf 85' lang='lat' dir='ltr'><strong>debbr</strong></span> 
     </span>
     <span class='ocr_line' id='line_1_28' title="bbox 232 2938 896 3001; baseline -0.003 -13"><span class='ocrx_word' id='word_1_259' title='bbox 232 2957 245 2982; x_wconf 78' lang='grc' dir='ltr'>ι</span> <span class='ocrx_word' id='word_1_260' title='bbox 262 2938 440 3001; x_wconf 83' lang='lat' dir='ltr'><strong>possedendolo</strong></span> <span class='ocrx_word' id='word_1_261' title='bbox 451 2938 606 3001; x_wconf 85' lang='lat' dir='ltr'><strong>ripoearrisi,</strong></span> <span class='ocrx_word' id='word_1_262' title='bbox 618 2940 672 2989; x_wconf 85' lang='lat' dir='ltr'><strong>eloe</strong></span> <span class='ocrx_word' id='word_1_263' title='bbox 681 2952 772 2989; x_wconf 79' lang='lat' dir='ltr'><strong>averae</strong></span> <span class='ocrx_word' id='word_1_264' title='bbox 781 2940 896 2987; x_wconf 78' lang='lat' dir='ltr'><strong>certeris.</strong></span> 
     </span>
    </p>

    <p class='ocr_par' dir='ltr' id='par_1_8' title="bbox 230 3015 1311 3568">
     <span class='ocr_line' id='line_1_29' title="bbox 290 3015 1308 3083; baseline -0.002 -16"><span class='ocrx_word' id='word_1_265' title='bbox 290 3037 303 3062; x_wconf 77' lang='grc' dir='ltr'>ι</span> <span class='ocrx_word' id='word_1_266' title='bbox 315 3018 509 3082; x_wconf 86' lang='lat' dir='ltr'><strong>sapientemente</strong></span> <span class='ocrx_word' id='word_1_267' title='bbox 527 3018 644 3082; x_wconf 67' lang='lat' dir='ltr'><strong>musque</strong></span> <span class='ocrx_word' id='word_1_268' title='bbox 661 3020 719 3083; x_wconf 87' lang='lat' dir='ltr'><strong>quel</strong></span> <span class='ocrx_word' id='word_1_269' title='bbox 735 3032 847 3081; x_wconf 86' lang='lat' dir='ltr'><strong>sommo,</strong></span> <span class='ocrx_word' id='word_1_270' title='bbox 863 3021 915 3083; x_wconf 80' lang='lat' dir='ltr'><strong>pai·</strong></span> <span class='ocrx_word' id='word_1_271' title='bbox 925 3017 966 3069; x_wconf 84' lang='lat' dir='ltr'><strong>rril</strong></span> <span class='ocrx_word' id='word_1_272' title='bbox 978 3016 1090 3067; x_wconf 79' lang='lat' dir='ltr'><strong>omlilrrr</strong></span> <span class='ocrx_word' id='word_1_273' title='bbox 1103 3018 1200 3080; x_wconf 81' lang='lat' dir='ltr'><strong>inepte,</strong></span> <span class='ocrx_word' id='word_1_274' title='bbox 1215 3015 1308 3066; x_wconf 81' lang='lat' dir='ltr'><strong>smbiii·</strong></span> 
     </span>
     <span class='ocr_line' id='line_1_30' title="bbox 233 3097 1306 3165; baseline -0.003 -16"><span class='ocrx_word' id='word_1_275' title='bbox 233 3117 246 3143; x_wconf 75' lang='grc' dir='ltr'>ι</span> <span class='ocrx_word' id='word_1_276' title='bbox 261 3111 303 3149; x_wconf 81' lang='lat' dir='ltr'><strong>ree</strong></span> <span class='ocrx_word' id='word_1_277' title='bbox 316 3098 363 3152; x_wconf 72' lang='lat' dir='ltr'><strong>ohe</strong></span> <span class='ocrx_word' id='word_1_278' title='bbox 377 3100 402 3149; x_wconf 87' lang='lat' dir='ltr'><strong>ia</strong></span> <span class='ocrx_word' id='word_1_279' title='bbox 418 3100 500 3149; x_wconf 86' lang='lat' dir='ltr'><strong>mente</strong></span> <span class='ocrx_word' id='word_1_280' title='bbox 510 3099 537 3149; x_wconf 89' lang='lat' dir='ltr'><strong>dl</strong></span> <span class='ocrx_word' id='word_1_281' title='bbox 550 3099 652 3151; x_wconf 71' lang='lat' dir='ltr'><strong>meseum</strong></span> <span class='ocrx_word' id='word_1_282' title='bbox 664 3113 739 3151; x_wconf 88' lang='lat' dir='ltr'><strong>nomo</strong></span> <span class='ocrx_word' id='word_1_283' title='bbox 752 3100 792 3165; x_wconf 91' lang='lat' dir='ltr'><strong>pel</strong></span> <span class='ocrx_word' id='word_1_284' title='bbox 810 3100 877 3151; x_wconf 89' lang='lat' dir='ltr'><strong>lume</strong></span> <span class='ocrx_word' id='word_1_285' title='bbox 891 3100 957 3151; x_wconf 86' lang='lat' dir='ltr'><strong>delia</strong></span> <span class='ocrx_word' id='word_1_286' title='bbox 973 3098 1071 3163; x_wconf 79' lang='lat' dir='ltr'><strong>propris</strong></span> <span class='ocrx_word' id='word_1_287' title='bbox 1091 3098 1189 3162; x_wconf 79' lang='lat' dir='ltr'><strong>regione</strong></span> <span class='ocrx_word' id='word_1_288' title='bbox 1209 3097 1241 3147; x_wconf 87' lang='lat' dir='ltr'><strong>ha</strong></span> <span class='ocrx_word' id='word_1_289' title='bbox 1256 3109 1306 3146; x_wconf 76' lang='lat' dir='ltr'><strong>rer·</strong></span> 
     </span>
     <span class='ocr_line' id='line_1_31' title="bbox 230 3177 1308 3244; baseline -0.001 -16"><span class='ocrx_word' id='word_1_290' title='bbox 230 3197 243 3222; x_wconf 79' lang='grc' dir='ltr'>ι</span> <span class='ocrx_word' id='word_1_291' title='bbox 260 3177 326 3228; x_wconf 78' lang='lat' dir='ltr'><strong>tem</strong></span> <span class='ocrx_word' id='word_1_292' title='bbox 339 3179 379 3228; x_wconf 85' lang='lat' dir='ltr'><strong>dei</strong></span> <span class='ocrx_word' id='word_1_293' title='bbox 395 3178 469 3242; x_wconf 87' lang='lat' dir='ltr'><strong>primi</strong></span> <span class='ocrx_word' id='word_1_294' title='bbox 479 3178 607 3243; x_wconf 85' lang='lat' dir='ltr'><strong>principii:</strong></span> <span class='ocrx_word' id='word_1_295' title='bbox 620 3193 670 3244; x_wconf 86' lang='lat' dir='ltr'><strong>per</strong></span> <span class='ocrx_word' id='word_1_296' title='bbox 684 3180 773 3231; x_wconf 77' lang='lat' dir='ltr'><strong>lentem</strong></span> <span class='ocrx_word' id='word_1_297' title='bbox 784 3180 911 3231; x_wconf 83' lang='lat' dir='ltr'><strong>naturaie</strong></span> <span class='ocrx_word' id='word_1_298' title='bbox 924 3178 1074 3231; x_wconf 84' lang='lat' dir='ltr'><strong>intellectus</strong></span> <span class='ocrx_word' id='word_1_299' title='bbox 1085 3177 1209 3227; x_wconf 84' lang='lat' dir='ltr'><strong>redditur</strong></span> <span class='ocrx_word' id='word_1_300' title='bbox 1220 3178 1308 3227; x_wconf 78' lang='lat' dir='ltr'><strong>certus</strong></span> 
     </span>
     <span class='ocr_line' id='line_1_32' title="bbox 234 3256 1309 3327; baseline -0.003 -17"><span class='ocrx_word' id='word_1_301' title='bbox 234 3278 247 3301; x_wconf 69' lang='lat' dir='ltr'><strong><em>a</em></strong></span> <span class='ocrx_word' id='word_1_302' title='bbox 263 3256 296 3309; x_wconf 82' lang='lat' dir='ltr'><strong>de</strong></span> <span class='ocrx_word' id='word_1_303' title='bbox 310 3257 351 3310; x_wconf 77' lang='lat' dir='ltr'><strong>liis</strong></span> <span class='ocrx_word' id='word_1_304' title='bbox 369 3272 439 3325; x_wconf 80' lang='lat' dir='ltr'><strong>pore</strong></span> <span class='ocrx_word' id='word_1_305' title='bbox 456 3259 558 3311; x_wconf 81' lang='lat' dir='ltr'><strong>lemine</strong></span> <span class='ocrx_word' id='word_1_306' title='bbox 572 3260 620 3311; x_wconf 87' lang='lat' dir='ltr'><strong>illo</strong></span> <span class='ocrx_word' id='word_1_307' title='bbox 634 3264 778 3326; x_wconf 72' lang='lat' dir='ltr'><strong>cognoscit,</strong></span> <span class='ocrx_word' id='word_1_308' title='bbox 792 3265 824 3312; x_wconf 84' lang='lat' dir='ltr'><strong>ut</strong></span> <span class='ocrx_word' id='word_1_309' title='bbox 837 3265 975 3327; x_wconf 68' lang='lat' dir='ltr'><strong>imprimis</strong></span> <span class='ocrx_word' id='word_1_310' title='bbox 986 3262 1126 3323; x_wconf 81' lang='lat' dir='ltr'><strong>principiis</strong></span> <span class='ocrx_word' id='word_1_311' title='bbox 1142 3262 1177 3321; x_wconf 84' lang='lat' dir='ltr'><strong>(s.</strong></span> <span class='ocrx_word' id='word_1_312' title='bbox 1190 3261 1309 3309; x_wconf 78' lang='lat' dir='ltr'><strong>Tourrmo</strong></span> 
     </span>
     <span class='ocr_line' id='line_1_33' title="bbox 232 3338 1310 3405; baseline -0.002 -17"><span class='ocrx_word' id='word_1_313' title='bbox 232 3356 246 3382; x_wconf 68' lang='lat' dir='ltr'><strong><em>a</em></strong></span> <span class='ocrx_word' id='word_1_314' title='bbox 264 3339 364 3389; x_wconf 77' lang='lat' dir='ltr'><strong>contra</strong></span> <span class='ocrx_word' id='word_1_315' title='bbox 375 3341 468 3390; x_wconf 76' lang='lat' dir='ltr'><strong>Gruter</strong></span> <span class='ocrx_word' id='word_1_316' title='bbox 481 3340 529 3392; x_wconf 90' lang='lat' dir='ltr'><strong>lib..</strong></span> <span class='ocrx_word' id='word_1_317' title='bbox 535 3342 585 3405; x_wconf 91' lang='lat' dir='ltr'><strong>lll,</strong></span> <span class='ocrx_word' id='word_1_318' title='bbox 600 3354 655 3405; x_wconf 84' lang='lat' dir='ltr'><strong>esp.</strong></span> <span class='ocrx_word' id='word_1_319' title='bbox 671 3342 737 3405; x_wconf 73' lang='lat' dir='ltr'><strong>riti:</strong></span> <span class='ocrx_word' id='word_1_320' title='bbox 752 3342 790 3392; x_wconf 87' lang='lat' dir='ltr'><strong>Ed</strong></span> <span class='ocrx_word' id='word_1_321' title='bbox 802 3342 896 3393; x_wconf 81' lang='lat' dir='ltr'><strong>citrove</strong></span> <span class='ocrx_word' id='word_1_322' title='bbox 907 3342 1026 3405; x_wconf 85' lang='lat' dir='ltr'><strong>agginnge</strong></span> <span class='ocrx_word' id='word_1_323' title='bbox 1040 3352 1105 3389; x_wconf 85' lang='lat' dir='ltr'><strong>esser</strong></span> <span class='ocrx_word' id='word_1_324' title='bbox 1116 3340 1216 3403; x_wconf 83' lang='lat' dir='ltr'><strong>proprio</strong></span> <span class='ocrx_word' id='word_1_325' title='bbox 1231 3338 1257 3387; x_wconf 90' lang='lat' dir='ltr'><strong>di</strong></span> <span class='ocrx_word' id='word_1_326' title='bbox 1270 3340 1310 3387; x_wconf 89' lang='lat' dir='ltr'><strong>sii·</strong></span> 
     </span>
     <span class='ocr_line' id='line_1_34' title="bbox 234 3419 1311 3487; baseline 0.001 -19"><span class='ocrx_word' id='word_1_327' title='bbox 234 3438 247 3461; x_wconf 70' lang='lat' dir='ltr'><strong>a</strong></span> <span class='ocrx_word' id='word_1_328' title='bbox 264 3419 319 3469; x_wconf 82' lang='lat' dir='ltr'><strong>letti</strong></span> <span class='ocrx_word' id='word_1_329' title='bbox 330 3420 444 3484; x_wconf 84' lang='lat' dir='ltr'><strong>principii</strong></span> <span class='ocrx_word' id='word_1_330' title='bbox 454 3422 501 3473; x_wconf 82' lang='lat' dir='ltr'><strong>cire</strong></span> <span class='ocrx_word' id='word_1_331' title='bbox 511 3434 561 3472; x_wconf 91' lang='lat' dir='ltr'><strong>non</strong></span> <span class='ocrx_word' id='word_1_332' title='bbox 572 3423 627 3474; x_wconf 87' lang='lat' dir='ltr'><strong>solo</strong></span> <span class='ocrx_word' id='word_1_333' title='bbox 637 3424 705 3474; x_wconf 89' lang='lat' dir='ltr'><strong>sieno</strong></span> <span class='ocrx_word' id='word_1_334' title='bbox 717 3427 783 3487; x_wconf 85' lang='lat' dir='ltr'><strong>veri,</strong></span> <span class='ocrx_word' id='word_1_335' title='bbox 800 3438 841 3473; x_wconf 85' lang='lat' dir='ltr'><strong>ma</strong></span> <span class='ocrx_word' id='word_1_336' title='bbox 850 3423 932 3473; x_wconf 81' lang='lat' dir='ltr'><strong>altresi</strong></span> <span class='ocrx_word' id='word_1_337' title='bbox 944 3423 990 3473; x_wconf 87' lang='lat' dir='ltr'><strong>che</strong></span> <span class='ocrx_word' id='word_1_338' title='bbox 1000 3420 1068 3471; x_wconf 83' lang='lat' dir='ltr'><strong>dalla</strong></span> <span class='ocrx_word' id='word_1_339' title='bbox 1077 3424 1159 3471; x_wconf 87' lang='lat' dir='ltr'><strong>mente</strong></span> <span class='ocrx_word' id='word_1_340' title='bbox 1172 3422 1240 3471; x_wconf 88' lang='lat' dir='ltr'><strong>sieno</strong></span> <span class='ocrx_word' id='word_1_341' title='bbox 1252 3422 1311 3469; x_wconf 86' lang='lat' dir='ltr'><strong>rico·</strong></span> 
     </span>
     <span class='ocr_line' id='line_1_35' title="bbox 234 3500 1310 3568; baseline 0 -19"><span class='ocrx_word' id='word_1_342' title='bbox 234 3518 247 3542; x_wconf 67' lang='lat' dir='ltr'><em>a</em></span> <span class='ocrx_word' id='word_1_343' title='bbox 264 3500 372 3549; x_wconf 85' lang='lat' dir='ltr'><strong>noseinti</strong></span> <span class='ocrx_word' id='word_1_344' title='bbox 384 3514 427 3564; x_wconf 90' lang='lat' dir='ltr'><strong>per</strong></span> <span class='ocrx_word' id='word_1_345' title='bbox 438 3502 497 3551; x_wconf 80' lang='lat' dir='ltr'><strong>tali:</strong></span> <span class='ocrx_word' id='word_1_346' title='bbox 511 3507 654 3567; x_wconf 80' lang='lat' dir='ltr'><strong>propriam</strong></span> <span class='ocrx_word' id='word_1_347' title='bbox 666 3506 705 3554; x_wconf 79' lang='lat' dir='ltr'><strong>ert</strong></span> <span class='ocrx_word' id='word_1_348' title='bbox 719 3504 814 3555; x_wconf 72' lang='lat' dir='ltr'><strong>luorum</strong></span> <span class='ocrx_word' id='word_1_349' title='bbox 824 3506 1018 3568; x_wconf 82' lang='lat' dir='ltr'><strong>principiorum</strong></span> <span class='ocrx_word' id='word_1_350' title='bbox 1034 3504 1066 3551; x_wconf 83' lang='lat' dir='ltr'><strong>ui</strong></span> <span class='ocrx_word' id='word_1_351' title='bbox 1083 3516 1136 3553; x_wconf 78' lang='lat' dir='ltr'><strong>nors</strong></span> <span class='ocrx_word' id='word_1_352' title='bbox 1149 3502 1236 3552; x_wconf 84' lang='lat' dir='ltr'><strong>solum</strong></span> <span class='ocrx_word' id='word_1_353' title='bbox 1246 3512 1310 3551; x_wconf 88' lang='lat' dir='ltr'><strong>vera</strong></span> 
     </span>
    </p>
   </div>
   <div class='ocr_carea' id='block_1_5' title="bbox 235 3578 1416 3647">
    <p class='ocr_par' dir='ltr' id='par_1_9' title="bbox 235 3578 1416 3647">
     <span class='ocr_line' id='line_1_36' title="bbox 235 3578 1416 3647; baseline 0.003 -18"><span class='ocrx_word' id='word_1_354' title='bbox 235 3599 248 3623; x_wconf 76' lang='grc' dir='ltr'><strong>σι</strong></span> <span class='ocrx_word' id='word_1_355' title='bbox 264 3581 332 3641; x_wconf 81' lang='lat' dir='ltr'><strong>siat,</strong></span> <span class='ocrx_word' id='word_1_356' title='bbox 346 3578 485 3631; x_wconf 77' lang='lat' dir='ltr'><strong>sedetiam</strong></span> <span class='ocrx_word' id='word_1_357' title='bbox 494 3585 601 3632; x_wconf 83' lang='lat' dir='ltr'><strong>utrem</strong></span> <span class='ocrx_word' id='word_1_358' title='bbox 613 3596 667 3642; x_wconf 81' lang='lat' dir='ltr'><strong>esre</strong></span> <span class='ocrx_word' id='word_1_359' title='bbox 679 3583 832 3635; x_wconf 82' lang='lat' dir='ltr'><strong>uideantur.</strong></span> <span class='ocrx_word' id='word_1_360' title='bbox 850 3588 896 3634; x_wconf 84' lang='lat' dir='ltr'><strong>Per</strong></span> <span class='ocrx_word' id='word_1_361' title='bbox 908 3584 931 3633; x_wconf 87' lang='lat' dir='ltr'><strong>le</strong></span> <span class='ocrx_word' id='word_1_362' title='bbox 945 3583 1002 3647; x_wconf 88' lang='lat' dir='ltr'><strong>qual</strong></span> <span class='ocrx_word' id='word_1_363' title='bbox 1015 3596 1073 3633; x_wconf 85' lang='lat' dir='ltr'><strong>cosa</strong></span> <span class='ocrx_word' id='word_1_364' title='bbox 1082 3582 1106 3635; x_wconf 86' lang='lat' dir='ltr'><strong>la</strong></span> <span class='ocrx_word' id='word_1_365' title='bbox 1118 3585 1199 3633; x_wconf 88' lang='lat' dir='ltr'><strong>menie</strong></span> <span class='ocrx_word' id='word_1_366' title='bbox 1208 3581 1247 3631; x_wconf 89' lang='lat' dir='ltr'><strong>nei</strong></span> <span class='ocrx_word' id='word_1_367' title='bbox 1260 3592 1310 3643; x_wconf 91' lang='lat' dir='ltr'><strong>per·</strong></span> <span class='ocrx_word' id='word_1_368' title='bbox 1412 3594 1416 3599; x_wconf 91' lang='lat'>·</span> 
     </span>
    </p>
   </div>
   <div class='ocr_carea' id='block_1_6' title="bbox 235 3658 1333 4048">
    <p class='ocr_par' dir='ltr' id='par_1_10' title="bbox 235 3658 1333 4048">
     <span class='ocr_line' id='line_1_37' title="bbox 237 3658 1309 3728; baseline 0 -22"><span class='ocrx_word' id='word_1_369' title='bbox 237 3680 249 3705; x_wconf 73' lang='grc' dir='ltr'><strong>α</strong></span> <span class='ocrx_word' id='word_1_370' title='bbox 267 3660 366 3724; x_wconf 73' lang='lat' dir='ltr'><strong>cepidi,</strong></span> <span class='ocrx_word' id='word_1_371' title='bbox 378 3672 428 3712; x_wconf 90' lang='lat' dir='ltr'><strong>noa</strong></span> <span class='ocrx_word' id='word_1_372' title='bbox 442 3662 490 3725; x_wconf 87' lang='lat' dir='ltr'><strong>pud</strong></span> <span class='ocrx_word' id='word_1_373' title='bbox 507 3662 533 3712; x_wconf 90' lang='lat' dir='ltr'><strong>in</strong></span> <span class='ocrx_word' id='word_1_374' title='bbox 543 3665 711 3727; x_wconf 85' lang='lat' dir='ltr'><strong>gnisaelcuna</strong></span> <span class='ocrx_word' id='word_1_375' title='bbox 727 3678 814 3728; x_wconf 87' lang='lat' dir='ltr'><strong>negare</strong></span> <span class='ocrx_word' id='word_1_376' title='bbox 829 3664 918 3715; x_wconf 78' lang='lat' dir='ltr'><strong>odessi</strong></span> <span class='ocrx_word' id='word_1_377' title='bbox 935 3665 1061 3725; x_wconf 85' lang='lat' dir='ltr'><strong>l’assenso,</strong></span> <span class='ocrx_word' id='word_1_378' title='bbox 1081 3662 1111 3712; x_wconf 82' lang='lat' dir='ltr'><strong>ne</strong></span> <span class='ocrx_word' id='word_1_379' title='bbox 1124 3666 1208 3711; x_wconf 86' lang='lat' dir='ltr'><strong>trovar</strong></span> <span class='ocrx_word' id='word_1_380' title='bbox 1224 3658 1309 3709; x_wconf 79' lang='lat' dir='ltr'><strong>embra</strong></span> 
     </span>
     <span class='ocr_line' id='line_1_38' title="bbox 235 3738 1333 3811; baseline -0.004 -21"><span class='ocrx_word' id='word_1_381' title='bbox 235 3759 248 3786; x_wconf 80' lang='grc' dir='ltr'>ι</span> <span class='ocrx_word' id='word_1_382' title='bbox 264 3738 291 3790; x_wconf 91' lang='lat' dir='ltr'><strong>dl</strong></span> <span class='ocrx_word' id='word_1_383' title='bbox 308 3740 415 3792; x_wconf 77' lang='lat' dir='ltr'><strong>dubbior</strong></span> <span class='ocrx_word' id='word_1_384' title='bbox 431 3744 569 3793; x_wconf 80' lang='lat' dir='ltr'><strong>iuvenitur</strong></span> <span class='ocrx_word' id='word_1_385' title='bbox 588 3744 699 3808; x_wconf 73' lang='lat' dir='ltr'><strong>aliquod</strong></span> <span class='ocrx_word' id='word_1_386' title='bbox 718 3758 813 3795; x_wconf 86' lang='lat' dir='ltr'><strong>oerum</strong></span> <span class='ocrx_word' id='word_1_387' title='bbox 829 3748 857 3795; x_wconf 84' lang='lat' dir='ltr'><strong>ia</strong></span> <span class='ocrx_word' id='word_1_388' title='bbox 875 3760 927 3810; x_wconf 82' lang='lat' dir='ltr'><strong>quo</strong></span> <span class='ocrx_word' id='word_1_389' title='bbox 945 3745 1023 3796; x_wconf 82' lang='lat' dir='ltr'><strong>nulla</strong></span> <span class='ocrx_word' id='word_1_390' title='bbox 1036 3742 1172 3804; x_wconf 83' lang='lat' dir='ltr'><strong>salsitatis</strong></span> <span class='ocrx_word' id='word_1_391' title='bbox 1186 3751 1333 3811; x_wconf 46' lang='lat' dir='ltr'><strong>(piperen-³</strong></span> 
     </span>
     <span class='ocr_line' id='line_1_39' title="bbox 236 3818 1308 3889; baseline -0.003 -20"><span class='ocrx_word' id='word_1_392' title='bbox 236 3840 249 3867; x_wconf 79' lang='grc' dir='ltr'>ι</span> <span class='ocrx_word' id='word_1_393' title='bbox 267 3823 307 3871; x_wconf 85' lang='lat' dir='ltr'><strong>tio</strong></span> <span class='ocrx_word' id='word_1_394' title='bbox 323 3820 463 3873; x_wconf 78' lang='lat' dir='ltr'><strong>admisceri</strong></span> <span class='ocrx_word' id='word_1_395' title='bbox 476 3826 582 3887; x_wconf 83' lang='lat' dir='ltr'><strong>potest,</strong></span> <span class='ocrx_word' id='word_1_396' title='bbox 600 3828 631 3873; x_wconf 79' lang='lat' dir='ltr'><strong>rit</strong></span> <span class='ocrx_word' id='word_1_397' title='bbox 643 3828 721 3889; x_wconf 84' lang='lat' dir='ltr'><strong>potet</strong></span> <span class='ocrx_word' id='word_1_398' title='bbox 740 3829 768 3877; x_wconf 86' lang='lat' dir='ltr'><strong>irr</strong></span> <span class='ocrx_word' id='word_1_399' title='bbox 785 3818 960 3889; x_wconf 70' lang='lat' dir='ltr'><strong>dignitatibus</strong></span> <span class='ocrx_word' id='word_1_400' title='bbox 966 3844 976 3885; x_wconf 91' lang='lat'><strong>,·</strong></span> <span class='ocrx_word' id='word_1_401' title='bbox 998 3824 1069 3875; x_wconf 82' lang='lat' dir='ltr'><strong>unde</strong></span> <span class='ocrx_word' id='word_1_402' title='bbox 1088 3822 1237 3872; x_wconf 78' lang='lat' dir='ltr'><strong>intellectus</strong></span> <span class='ocrx_word' id='word_1_403' title='bbox 1257 3832 1308 3867; x_wconf 79' lang='lat' dir='ltr'><strong>aon</strong></span> 
     </span>
     <span class='ocr_line' id='line_1_40' title="bbox 235 3901 1308 3969; baseline -0.007 -14"><span class='ocrx_word' id='word_1_404' title='bbox 235 3922 248 3945; x_wconf 69' lang='grc' dir='ltr'><strong><em>κ</em></strong></span> <span class='ocrx_word' id='word_1_405' title='bbox 260 3904 350 3967; x_wconf 80' lang='lat' dir='ltr'><strong>poteri</strong></span> <span class='ocrx_word' id='word_1_406' title='bbox 365 3902 551 3968; x_wconf 74' lang='lat' dir='ltr'><strong>mitcrsupere</strong></span> <span class='ocrx_word' id='word_1_407' title='bbox 565 3907 631 3969; x_wconf 80' lang='lat' dir='ltr'><strong>putri</strong></span> <span class='ocrx_word' id='word_1_408' title='bbox 647 3906 703 3955; x_wconf 79' lang='lat' dir='ltr'><strong>illis</strong></span> <span class='ocrx_word' id='word_1_409' title='bbox 721 3908 886 3957; x_wconf 80' lang='lat' dir='ltr'><strong>assentiatur</strong></span> <span class='ocrx_word' id='word_1_410' title='bbox 900 3908 924 3969; x_wconf 80' lang='lat' dir='ltr'><strong>(a</strong></span> <span class='ocrx_word' id='word_1_411' title='bbox 938 3906 1001 3955; x_wconf 87' lang='lat' dir='ltr'><strong>Dist.</strong></span> <span class='ocrx_word' id='word_1_412' title='bbox 1015 3912 1054 3966; x_wconf 77' lang='lat' dir='ltr'><strong>aa,</strong></span> <span class='ocrx_word' id='word_1_413' title='bbox 1066 3905 1112 3951; x_wconf 87' lang='lat' dir='ltr'><strong>ert.</strong></span> <span class='ocrx_word' id='word_1_414' title='bbox 1128 3904 1161 3961; x_wconf 79' lang='lat' dir='ltr'><strong>u).</strong></span> <span class='ocrx_word' id='word_1_415' title='bbox 1177 3919 1188 3943; x_wconf 76' lang='lat' dir='ltr'><strong>n</strong></span> <span class='ocrx_word' id='word_1_416' title='bbox 1206 3901 1308 3949; x_wconf 77' lang='lat' dir='ltr'><strong>divium</strong></span> 
     </span>
     <span class='ocr_line' id='line_1_41' title="bbox 236 3981 1245 4048; baseline 0 -17"><span class='ocrx_word' id='word_1_417' title='bbox 236 3986 373 4036; x_wconf 70' lang='lat' dir='ltr'><strong>cirroteca</strong></span> <span class='ocrx_word' id='word_1_418' title='bbox 384 3984 496 4036; x_wconf 84' lang='lat' dir='ltr'><strong>secunda</strong></span> <span class='ocrx_word' id='word_1_419' title='bbox 510 3985 588 4048; x_wconf 88' lang='lat' dir='ltr'><strong>serie,</strong></span> <span class='ocrx_word' id='word_1_420' title='bbox 602 3986 653 4035; x_wconf 86' lang='lat' dir='ltr'><strong>rol.</strong></span> <span class='ocrx_word' id='word_1_421' title='bbox 667 3986 701 4048; x_wconf 88' lang='lat' dir='ltr'><strong>il,</strong></span> <span class='ocrx_word' id='word_1_422' title='bbox 713 3990 761 4037; x_wconf 86' lang='lat' dir='ltr'><strong>ert.</strong></span> <span class='ocrx_word' id='word_1_423' title='bbox 778 3986 852 4036; x_wconf 79' lang='lat' dir='ltr'><strong>Delio</strong></span> <span class='ocrx_word' id='word_1_424' title='bbox 868 3990 985 4037; x_wconf 72' lang='lat' dir='ltr'><strong>certem</strong></span> <span class='ocrx_word' id='word_1_425' title='bbox 996 3981 1127 4046; x_wconf 78' lang='lat' dir='ltr'><strong>filosofico</strong></span> <span class='ocrx_word' id='word_1_426' title='bbox 1143 3995 1166 4029; x_wconf 87' lang='lat' dir='ltr'><strong>a.</strong></span> <span class='ocrx_word' id='word_1_427' title='bbox 1179 3983 1245 4031; x_wconf 78' lang='lat' dir='ltr'><strong>vill.</strong></span> 
     </span>
    </p>
   </div>
   <div class='ocr_carea' id='block_1_7' title="bbox 0 0 1459 4425">
    <p class='ocr_par' dir='ltr' id='par_1_11' title="bbox 0 0 1459 4425">
     <span class='ocr_line' id='line_1_42' title="bbox 0 0 1459 4425; baseline 0 0"><span class='ocrx_word' id='word_1_428' title='bbox 0 0 1459 4425; x_wconf 95' lang='lat' dir='ltr'><strong> </strong></span> 
     </span>
    </p>
   </div>
  </div>
 </body>
</html>
