2892 4425
240 355 278 406 86
710 361 845 406 wollin

231 471 380 548 diffidet,
410 473 603 549 adhibentque
627 472 665 530 ed
688 471 914 532 considerandus
939 487 984 531 ree
1008 477 1039 532 et
1059 479 1174 548 tempus
1197 478 1227 532 et
1249 472 1314 533 dili·
1377 553 1383 566 Ι

239 575 378 650 gennem.

299 670 429 746 lienique
446 683 577 728 ermrum
594 667 662 726 iens
681 667 740 728 lete
759 673 861 743 petens
879 665 1003 744 Logicee
1020 673 1064 725 est
1082 666 1248 744 neglectus,
1267 685 1316 728 cn·

238 771 285 828 ius
302 771 456 828 severitate
471 765 655 843 postinebito,
674 765 841 824 uendendoo
856 765 942 842 stilo,
960 781 1045 841 saepe
1063 764 1119 824 sub
1133 766 1315 841 eloquentiae

238 867 408 942 lenociniis,
426 869 594 942 turpissime
609 865 788 940 mphismete
804 866 1005 940 propinantur.
1025 864 1150 941 Logicee
1165 867 1255 941 igitur
1273 881 1315 924 se·

238 966 308 1026 dulo
326 965 504 1041 vocandum,
525 971 614 1041 etque
630 981 681 1039 ee,
701 979 776 1040 quoe
793 961 869 1022 iorte
886 962 1119 1024 ecedemioorum
1142 965 1199 1022 ritu
1218 961 1318 1039 dispe.

238 1070 300 1124 tete
312 1066 451 1139 reperies,
472 1062 510 1122 ed
523 1063 704 1122 dialecticem
723 1065 811 1121 erunt
823 1077 958 1122 normam
976 1061 1131 1137 exigendo.
1150 1061 1196 1120 lte
1211 1060 1316 1120 fortes·

238 1165 279 1222 eis
295 1178 352 1221 noo
366 1177 460 1239 pnnce
475 1161 602 1237 ridebis,
623 1176 699 1236 quee
711 1163 737 1218 si
753 1159 909 1220 verborum
927 1161 1088 1236 spolientur
1105 1159 1189 1238 ineo,
1205 1161 1316 1226 nollem

239 1262 403 1337 argumenti
423 1261 505 1335 rim,
522 1262 613 1317 immo
630 1261 717 1317 wem
737 1273 775 1316 ne
791 1262 974 1320 constantem
990 1257 1108 1333 quidem
1125 1257 1181 1316 sibi
1203 1263 1317 1317 senten·

238 1362 311 1419 tiem
329 1359 505 1418 retinebunt.
527 1358 589 1416 lloc
602 1361 789 1433 praeceptum
808 1359 929 1416 meximi
948 1359 1088 1416 momenti
1102 1363 1148 1416 est
1166 1358 1221 1418 inec
1235 1373 1318 1434 pree

239 1459 340 1516 sertim
361 1461 531 1532 tenpestate
547 1459 578 1513 ln
599 1455 681 1514 libris
702 1458 861 1514 mutium
884 1457 1037 1515 unctorum
1061 1455 1237 1516 volutendis.

579 1750 716 1820 curun
742 1749 972 1822 snuuuouu
1075 1709 1078 1718 ’

390 1959 429 2004 li!
445 1959 506 2005 vtis
523 1959 606 2016 Quot
622 1961 663 2006 ΔΙ)
676 1961 782 2007 venuti
799 1960 1019 2019 minumum
1039 1961 1162 2008 virtut.

299 2139 344 2199 id
362 2156 460 2200 mum
482 2143 616 2202 notitiem
638 2140 865 2219 capessendum,
881 2148 968 2221 etque
982 2143 1047 2203 ideo
1061 2143 1100 2204 ud
1119 2146 1268 2206 veritatem
1283 2147 1314 2219 in

238 2241 403 2316 cognitione
415 2242 538 2315 positum
554 2242 781 2317 comper-endem
800 2249 859 2301 tres
876 2245 940 2303 viee
954 2242 1038 2302 nobis
1056 2260 1074 2302 e
1090 2250 1194 2303 ueture
1214 2260 1317 2319 propo

238 2338 312 2397 siiee
330 2346 409 2399 sunt:
427 2339 596 2399 immedietu
611 2340 715 2400 obiecti
732 2342 860 2415 intuitio,
878 2342 1029 2401 discursus
1047 2331 1179 2417 radonis,
1197 2344 1313 2401 tatium

240 2434 297 2497 ilde
310 2436 465 2515 dignorum
486 2440 678 2527 renunciatio.
694 2441 808 2528 Etenim
827 2440 941 2500 obiectu
955 2444 1151 2519 cognitionis,
1174 2445 1319 2517 quotquot

239 2538 398 2613 excogitari
418 2546 552 2614 possunt,
568 2539 613 2597 vei
635 2548 706 2600 eunt
725 2556 776 2616 per
795 2556 826 2599 ee
846 2539 1004 2617 evidentia,
1018 2548 1106 2616 etque
1122 2541 1263 2611 eiusmodi
1285 2545 1318 2600 ut

239 2636 405 2695 immediete
420 2636 459 2695 eb
481 2637 582 2713 eliqua
598 2638 794 2713 cognoscendi
817 2638 957 2698 iecultete
975 2642 1169 2715 attinguntur,
1187 2640 1232 2697 vel
1251 2654 1318 2697 oon·

239 2739 286 2793 tre
299 2750 352 2809 per
365 2751 397 2793 se
413 2750 472 2793 non
490 2740 606 2810 putent,
625 2735 676 2793 sed
692 2750 748 2794 usu
762 2740 878 2793 tentum
892 2740 922 2795 ei
937 2734 1115 2794 adminiculo
1136 2735 1255 2795 niterim
1271 2750 1318 2795 oo

240 2832 378 2907 guittonls
396 2833 589 2890 innotescunt.
616 2830 647 2889 st
670 2832 796 2914 primum
817 2829 943 2904 occidit,
969 2838 1040 2891 tuno
1060 2846 1094 2890 en
1114 2834 1219 2891 intueri
1244 2832 1318 2891 dici-

240 2943 322 3003 mur3
342 2934 485 3004 quotenus
505 2930 547 2986 sic
566 2928 754 3003 percipimus,
776 2932 808 2987 ut
825 2928 891 3003 ipse
912 2928 967 2987 sibi
985 2928 1202 3005 quodammodo
1227 2928 1317 2991 iidem

240 3024 369 3102 socient,
391 3025 473 3086 nuile
487 3026 546 3085 elie
560 3027 730 3099 interpositu
752 3028 927 3101 cognitione.
954 3026 1007 3085 Sin
1026 3028 1167 3105 alterum,
1190 3032 1261 3111 tnnc
1284 3044 1318 3089 ee

239 3120 352 3182 obiectu
369 3125 399 3180 in
416 3122 561 3199 duplicem
578 3123 701 3182 classem
719 3123 845 3199 dispesci
864 3124 980 3185 debent.
996 3125 1071 3185 Nem
1091 3125 1136 3185 vei
1159 3131 1229 3185 sunt
1243 3128 1319 3187 eius·

239 3219 319 3279 modi
338 3228 370 3279 ut
392 3236 444 3297 per
463 3223 710 3295 comparationem
733 3236 801 3281 cum
819 3222 884 3282 eliis
904 3224 1076 3285 veritatibus
1095 3228 1155 3283 iem
1176 3227 1318 3300 perceptis

240 3319 341 3378 inferri
355 3322 478 3397 possini;
492 3326 522 3380 et
536 3319 572 3379 ud
588 3320 618 3381 id
631 3324 759 3399 suppetit
773 3324 895 3383 retionis
910 3323 1071 3384 discursus.
1086 3324 1140 3385 Vei
1154 3340 1221 3384 cum
1237 3306 1333 3383 nullu¹

241 3417 299 3477 elin
317 3420 438 3477 lentate
456 3435 473 3478 e
490 3419 574 3480 nohis
593 3423 719 3499 cognite,
744 3421 847 3480 saitem
864 3422 962 3497 quoad
982 3439 1047 3499 nos,
1066 3425 1242 3485 intrinsecus
1258 3424 1318 3485 col·

241 3515 386 3593 ligantum
405 3524 435 3575 et
457 3523 528 3577 tunc
547 3522 663 3580 nonnisi
686 3537 737 3596 per
760 3522 959 3583 testimoninm
980 3521 1123 3597 eliorum,
1146 3526 1197 3600 qui
1215 3538 1250 3581 ee
1269 3538 1319 3581 no

240 3616 347 3690 verint,
362 3617 454 3691 accipi
471 3621 618 3692 poterunt.
638 3618 729 3678 Recte
751 3620 840 3695 igitur
863 3624 922 3679 tres
943 3621 1006 3679 vies
1026 3636 1079 3696 pro
1103 3624 1224 3681 veritate
1246 3636 1318 3677 uan-

240 3713 375 3773 ciscendn
397 3712 481 3774 nobie
508 3714 592 3776 detes
611 3720 847 3795 numerauimus,
873 3718 910 3777 de
932 3718 1037 3796 qnihm
1064 3720 1170 3796 triplici
1192 3717 1316 3777 articulo
1358 3758 1360 3763 ·

241 3809 428 3873 disseremus.
