2892 4425
427 385 507 430 PAR&
525 383 644 432 flami
665 399 678 414 ·
700 382 915 430 PSYCHOLOGH
1148 380 1205 432 2⁰0

127 499 249 575 poenis,
276 496 414 556 virtutem
438 513 510 556 vero
535 495 731 572 honestumne
754 506 850 554 morea
873 495 1002 570 praemia
1027 499 1206 557 remunerari

127 595 244 656 debeat.
265 593 375 654 Veram
396 592 427 653 id
446 595 478 652 in
495 595 551 654 hec
567 593 667 670 ingaei
685 596 748 654 uita
768 609 828 652 nun
848 592 972 670 aoeidit,
991 593 1094 652 saitem
1113 609 1205 671 qnan-

127 701 191 754 tum
210 707 331 752 amesae
349 691 436 750 ieret.
458 690 605 751 Nocentes
622 693 701 750 enim
720 689 939 766 flagitiososque
960 691 1045 750 bonis
1065 691 1205 767 affluere,

128 797 231 852 eontra
254 806 324 850 reru
348 789 456 865 probae
481 787 617 872 frugique
640 788 775 848 homines
805 804 1012 848 aerumnarum
1037 789 1153 865 plenem
1178 795 1207 848 et

127 904 202 964 pane
214 903 273 946 non
293 886 476 946 tolerandam
496 888 588 945 uitam
602 885 707 962 degere
726 887 894 962 saepissime
907 893 1090 946 conaremur.
1112 887 1207 964 Ergo,

128 987 186 1044 nisi
206 984 286 1044 liena
306 1000 403 1044 rerum
425 982 621 1043 homanorum
643 989 674 1041 et
694 985 849 1059 aequitatis
868 982 977 1042 obiitus
997 999 1050 1059 per
1071 984 1206 1044 daiirium

128 1083 187 1144 diei
200 1083 287 1156 seiit3
302 1087 413 1142 eertum
433 1080 561 1157 prodesto
579 1087 625 1140 est
638 1080 708 1141 huie
726 1096 799 1141 aava
816 1079 895 1140 iabiii
909 1087 939 1139 et
952 1080 1103 1140 defecturo
1117 1082 1205 1142 aiium

129 1193 280 1254 superesse
299 1180 410 1252 vitam,
433 1181 462 1236 in
482 1193 541 1254 qua
561 1178 687 1254 singuiis
708 1187 800 1254 poene
823 1177 867 1236 vai
893 1193 1002 1238 meroes
1023 1194 1076 1253 pro
1097 1181 1206 1238 meritis

129 1275 287 1336 tribuatur.
315 1274 379 1334 iioe
403 1289 474 1334 vero
497 1289 565 1334 eum
591 1289 655 1334 esse
681 1290 739 1333 non
766 1277 876 1349 posuit,
897 1277 954 1334 nisi
979 1277 1096 1336 animus
1120 1279 1206 1336 morti

128 1375 259 1448 eorporis
281 1373 325 1431 ait
341 1377 507 1447 superates3
528 1371 604 1432 haee
627 1373 736 1432 verius
759 1379 842 1432 muta
866 1373 1070 1448 perspicuitate
1096 1373 1206 1450 fuiget,

128 1476 240 1546 parata
259 1469 311 1526 iiei
331 1469 444 1528 iustitia
464 1475 494 1528 et
514 1467 698 1543 providentia
720 1468 864 1528 eiareaeit.
1130 1464 1134 1472 '

192 1568 344 1628 Praeterea
372 1568 431 1626 nist
457 1568 574 1635 animm
601 1566 749 1628 humanus
776 1571 890 1644 oorpori
916 1577 1100 1646 superesset,
1126 1575 1206 1630 totus

129 1671 318 1742 quantasque
335 1670 381 1724 est
394 1662 467 1724 ordo
483 1664 620 1738 moralis,
634 1666 685 1741 qui
701 1682 720 1726 a
739 1672 845 1728 nutura
864 1669 928 1742 ipsa
943 1668 1106 1744 inseuiptus
1124 1669 1207 1729 nobis

129 1770 192 1838 est,
214 1778 323 1838 saepae
345 1761 440 1837 daque
461 1769 639 1839 vereratur,
661 1765 752 1822 immo
772 1779 891 1840 pmraus
913 1774 1108 1826 evanesceret.
1132 1767 1205 1828 Nam

129 1862 204 1921 ordo
225 1861 274 1920 hie
296 1860 439 1920 maiitiam
463 1861 612 1920 aedanum
637 1867 668 1919 et
692 1861 874 1922 honestatam
898 1868 1056 1939 spectans,
1080 1866 1208 1940 exquirit

131 1958 297 2019 muria
316 1963 350 2017 ut
369 1956 481 2016 bomini
501 1958 576 2016 ratio
593 1963 709 2032 praesto
732 1959 770 2016 sit
788 1957 957 2033 sufficiens,
978 1975 1038 2034 qua
1054 1975 1125 2020 suas
1140 1975 1208 2035 ope

131 2058 259 2117 rationes
282 2054 449 2115 moderetur
469 2069 506 2116 aa
525 2071 556 2114 ae
570 2053 616 2112 od
636 2055 709 2114 heae
731 2054 911 2130 operandum
933 2061 1071 2130 perpetuo
1093 2058 1205 2117 ineitet.

130 2153 221 2231 Atqui
240 2152 385 2212 marbodi
405 2153 483 2211 ratio
501 2152 632 2227 demam,
653 2152 679 2210 ai
699 2155 816 2210 animas
837 2167 904 2211 eum
923 2167 1044 2228 uorpore
1064 2153 1204 2212 interiret.

130 2252 246 2311 Etenim
264 2250 301 2309 ad
320 2250 393 2309 bene
408 2250 586 2327 habeamque
603 2249 782 2325 operandum
801 2250 892 2309 bomo
907 2250 1051 2311 iiieeebris
1067 2264 1207 2311 sensuum

129 2352 238 2426 iugiter
257 2340 408 2409 autmari
422 2348 523 2422 debet,
540 2355 570 2407 et
585 2350 746 2424 appetitum
761 2349 866 2407 rationi
881 2347 1062 2409 obedientem
1080 2346 1204 2409 eideere.

130 2447 228 2507 Immo
245 2448 334 2506 etiam
354 2462 441 2521 saepe
460 2445 621 2505 eommodis
642 2446 710 2509 lieet
730 2445 860 2505 honestis
882 2447 1017 2507 nundum
1040 2448 1207 2507 mittereac

132 2542 220 2604 vaide
233 2557 438 2623 aerumnosam
456 2541 657 2619 abiectumque
670 2546 762 2602 vitem
777 2543 883 2603 dueere
897 2544 935 2603 ad
950 2544 1129 2604 honestatem
1151 2545 1209 2605 vir·

132 2648 281 2717 rotemqae
300 2640 456 2716 tuendam3
475 2656 529 2699 nee
551 2655 610 2699 non
632 2646 754 2699 martem
774 2643 866 2717 ipsam
881 2648 1014 2717 oppetere
1034 2641 1209 2719 quandoque

132 2740 230 2815 debet,
242 2746 277 2799 ut
295 2755 328 2799 se
350 2741 497 2815 integrum
518 2754 537 2799 a
556 2737 664 2801 seelera
681 2738 839 2815 eustodiut,
856 2739 944 2815 idque
962 2757 981 2798 a
998 2746 1077 2799 reate
1096 2742 1210 2800 ratione

132 2837 223 2899 reiuti
241 2836 349 2895 bonum
367 2842 398 2896 et
412 2835 538 2897 amebiie
554 2838 726 2913 imperatur.
744 2836 878 2896 Iamvaro
896 2838 968 2896 haee
986 2844 1109 2897 naturae
1126 2854 1209 2919 prae·

131 2936 227 3013 eaptio
252 2940 330 3002 reeta
354 2950 413 2993 non
439 2940 533 3011 esset,
553 2936 611 2994 nisi
637 2938 769 2995 animum
794 2935 895 2995 meiius
919 2938 980 2995 vita
1003 2942 1152 3012 manerat,
1180 2938 1208 2994 in

130 3050 191 3111 pua
211 3034 323 3109 portora
342 3032 421 3092 bona
440 3034 540 3091 virtuti
563 3033 768 3109 rependantur.
791 3034 891 3093 Virtus
910 3035 986 3093 enim
1007 3037 1036 3093 in
1056 3032 1164 3094 honum
1181 3042 1213 3093 et

130 3130 335 3209 perfectionem
354 3132 502 3206 operantia
519 3130 648 3190 reditmo
668 3132 707 3190 sit
727 3138 859 3207 oportet3
880 3131 959 3207 qnod
979 3138 1056 3193 eerte
1070 3148 1128 3191 non
1143 3148 1210 3191 oon·

31 3297 37 3304 ,
130 3230 315 3305 tingeret,si
336 3230 397 3287 uita
418 3228 533 3303 omnis,
555 3242 632 3303 quae
652 3227 876 3287 fundamentum
897 3230 1038 3304 uniusque
1059 3228 1127 3310 boni
1148 3235 1209 3303 est,

130 3326 319 3387 adimeretur.

190 3422 245 3481 flia
265 3424 378 3483 aeefflit
396 3425 531 3483 naturaie
551 3423 725 3482 desideriam
747 3424 913 3501 beatitatis,
935 3423 972 3482 ad
996 3438 1084 3499 quarn
1109 3424 1210 3482 innato

130 3518 258 3597 pondere
277 3523 394 3579 animus
415 3523 543 3579 maxime
564 3522 689 3595 rapitur.
712 3520 753 3579 Ut
768 3522 845 3579 enim
860 3519 915 3580 sibi
930 3522 1054 3597 quisque
1074 3526 1119 3579 est
1139 3535 1208 3579 eon·

129 3619 223 3689 seius,
236 3616 402 3675 vehementi
415 3616 543 3689 quadam
557 3619 763 3692 propensione,
774 3624 802 3677 et
816 3620 920 3678 intimo
934 3626 1057 3677 naturae
1072 3621 1211 3677 instinctu

129 3714 230 3772 ieiioea
251 3725 315 3769 esse
336 3712 472 3771 voiumua
498 3713 669 3787 expletaque
691 3713 782 3771 mari.
811 3714 895 3774 Hane
917 3724 1014 3775 autern
1040 3716 1207 3797 beatitatem

129 3814 160 3869 in
180 3810 324 3885 praesenti
346 3810 407 3867 vita
430 3824 581 3885 nunquam
604 3812 797 3885 mepnimar.
821 3812 895 3870 Nam
920 3812 1005 3872 iahiia
1027 3812 1083 3871 boe
1104 3826 1210 3872 aevum

129 3924 166 3967 ae
186 3906 343 3967 deciduum
362 3908 524 3967 innumeris
542 3908 636 3967 scatet
655 3904 872 3969 calamitatibus
892 3916 921 3969 et
942 3908 1113 3986 angoribus,
1135 3921 1210 3982 quae

130 4003 246 4065 mum
266 4008 359 4065 uitam
379 4006 515 4065 eomitari
533 4022 592 4066 non
609 4005 724 4067 debent
752 4006 830 4067 Haeo
853 4010 950 4083 enim,
972 4014 1005 4067 ut
1024 4008 1095 4066 suite
1116 4006 1211 4080 inquit

276 4104 340 4164 Vol.
360 4104 406 4164 Ii.
1039 4113 1073 4162 14
