2892 4425
235 302 289 352 m
560 306 799 351 umsonvsscus
820 306 979 351 secessus

289 418 347 479 Sed
363 432 542 496 quamquam
564 414 635 476 haec
652 434 724 477 ocra
745 420 815 493 uui,
840 422 936 477 tomen
959 434 1016 475 uou
1035 421 1145 492 omnio,
1168 434 1245 497 puae
1260 419 1314 479 ho·

128 562 135 577 s
230 520 337 575 minem
359 518 529 591 attiupuut,
549 514 592 574 ad
614 513 820 593 discupliuom,
841 518 873 573 iu
895 532 955 591 qua
978 532 1139 589 versamur,
1159 518 1314 593 pertinere

231 610 357 671 dicenda
377 617 458 673 aaut.
483 610 561 673 suut
581 615 660 671 cuim
677 611 841 689 permulta,
865 628 941 688 quoe
959 616 1014 671 aut
1036 610 1160 671 humaui
1182 617 1314 690 corporis

231 713 413 769 stmrcturam
435 707 709 786 hmouuoueuque
734 714 868 787 partium
895 708 1101 784 atsur-samu,
1128 715 1246 770 autea
1273 714 1314 771 iis

230 804 473 884 quemadmodum
487 822 576 884 opera
589 809 670 866 uitae
687 812 881 867 moueantur
897 808 1064 883 inquirunt.
1082 806 1165 867 Haec
1180 806 1312 867 adduas

231 900 384 979 inferiores
403 902 590 981 disciplinas,
611 919 713 980 ucmpc
738 902 924 963 Auotomiom
945 907 976 963 et
999 902 1233 982 Physiohrps'am,
1249 922 1312 982 spe·

231 1006 335 1075 ctaut,
361 1017 487 1079 quarum
502 1004 605 1079 primo
627 1004 761 1077 partium
787 998 912 1059 humaui
936 1002 1066 1079 corporis
1086 999 1311 1078 descrsptioacm

231 1103 371 1171 sectatur,
394 1098 492 1158 altera
512 1096 679 1156 earumdem
701 1114 786 1156 usum
808 1102 955 1157 auatura
978 1100 1148 1157 institutum
1166 1100 1311 1157 actiones·

230 1213 287 1273 que
306 1213 365 1270 eas,
390 1213 465 1274 quas
483 1200 516 1253 iu
536 1200 619 1253 statu
638 1197 777 1253 sauitatis
796 1192 930 1267 eliciunt,
952 1194 1178 1273 contemplatur.
1206 1194 1312 1253 Vcrum

232 1297 267 1351 ut
282 1310 338 1369 per
366 1310 397 1351 se
418 1292 512 1366 lucet,
537 1307 639 1350 casum
659 1287 845 1367 facultatum
868 1296 992 1369 utraque
1012 1294 1045 1350 iu
1060 1296 1185 1351 aeterua
1207 1294 1312 1371 potius

233 1390 358 1449 homimis
375 1392 512 1467 portiom
534 1392 677 1460 moratur,
700 1386 834 1466 quodque
857 1390 954 1448 miuus
976 1391 1009 1447 iu
1033 1405 1067 1448 co
1087 1392 1223 1466 praestat
1242 1404 1311 1447 eou-

234 1484 436 1564 tempiaudum
453 1487 588 1543 assumit.
611 1484 651 1544 At
666 1490 791 1563 praeter
816 1502 874 1559 eas,
895 1502 970 1564 quas
991 1484 1070 1559 diui,
1094 1485 1158 1545 alia
1179 1487 1313 1563 suppetit

233 1584 358 1643 hominis
377 1581 591 1657 musidcratio,
616 1598 692 1660 puae
713 1586 747 1643 iu
768 1586 908 1643 interiore
932 1586 995 1643 eius
1018 1587 1128 1643 natura
1147 1582 1311 1644 scrutanda

232 1683 371 1753 uestitum
389 1696 443 1739 uec
463 1680 525 1738 iam
547 1679 635 1739 iilum
657 1684 749 1757 prosu
770 1686 891 1758 aspectu
916 1683 1052 1755 coutitur,
1079 1678 1131 1739 sed
1148 1684 1240 1758 prout
1261 1700 1311 1741 ra-

234 1780 311 1837 tiouc
327 1779 481 1854 animoque
500 1775 656 1851 lustratur,
676 1776 736 1837 sihi
754 1777 889 1838 uindicat
909 1777 1126 1856 uestipamium.
1143 1778 1222 1839 Pars
1238 1782 1312 1841 cius·

233 1872 313 1933 modi
325 1876 450 1951 propria
467 1879 513 1932 est
530 1872 751 1952 Philosophiae,
770 1880 801 1935 et
817 1878 970 1935 scicuiiam
989 1874 1144 1935 coustituit
1165 1874 1208 1935 od
1221 1893 1312 1955 priam

235 1970 423 2031 tractandam
448 1970 614 2031 accedimus
621 1991 634 2047 ‚·
657 1988 733 2049 puae
754 1972 878 2051 proinde
903 1972 1050 2035 homiuem
1072 1990 1132 2035 uou
1153 1978 1312 2052 utcumque

233 2068 286 2129 sed
309 2067 409 2147 quood
434 2073 514 2129 uitae
542 2069 753 2147 copitaudiquc
774 2072 835 2131 uim
862 2075 892 2131 et
918 2073 1098 2151 priucspium
1129 2071 1310 2150 speculatur.

233 2168 329 2246 Atque
342 2166 413 2228 haec
430 2170 561 2246 copuitio
579 2166 637 2230 itta
649 2184 710 2228 csse
723 2167 852 2244 uidetur,
869 2185 945 2247 puae
956 2166 1061 2248 effato,
1077 2168 1157 2248 quoa
1168 2171 1257 2230 iuits’o
1271 2172 1312 2230 ci·

234 2269 308 2339 iaui,
327 2268 514 2342 potissimum
524 2265 779 2344 praecipiebatur.
798 2267 960 2328 Psacciare
976 2267 1112 2328 Thotiisu:
1130 2293 1142 2320 a
1162 2269 1312 2329 Nimirum

238 2388 251 2414 α
274 2361 352 2423 hauc
373 2362 466 2424 hahet
480 2365 543 2423 oim
559 2368 752 2442 praeceptum
773 2365 928 2444 Apollinis,
950 2381 1008 2444 quo
1022 2369 1119 2426 uwact
1136 2369 1173 2426 ut
1190 2368 1313 2443 sequis-

238 2487 250 2512 ·
273 2477 330 2539 quc
344 2467 457 2524 uoscat.
474 2461 542 2521 Nou
559 2465 648 2534 usim,
667 2459 765 2537 credo,
787 2461 822 2522 isi
834 2465 992 2541 praecipit,
1008 2466 1043 2522 ut
1060 2462 1193 2522 muuhra
1209 2466 1313 2522 uestra

119 2635 122 2638 ἦ
238 2583 251 2608 a
274 2563 330 2618 aut
354 2562 503 2619 staturam
520 2559 713 2636 fipuramquc
734 2575 906 2634 noscamus5
929 2576 1021 2639 usque
1043 2576 1097 2621 uos
1121 2574 1244 2638 corporo
1265 2575 1312 2618 su·

239 2681 252 2707 a
275 2672 350 2730 mus,
369 2673 462 2734 usque
480 2672 535 2732 epo
552 2654 626 2715 hacc
646 2655 704 2716 tihi
722 2655 832 2732 dicem,
854 2660 971 2736 corpori
994 2661 1044 2717 tuo
1059 2655 1136 2716 auo.
1156 2656 1229 2717 Cum
1252 2658 1312 2733 ipi-

239 2777 252 2802 ·
277 2756 325 2811 tur
341 2768 427 2812 uosce
451 2757 479 2812 te
499 2751 585 2828 dicit,
605 2751 660 2814 hoc
679 2751 775 2813 aicit.-
795 2769 880 2814 uosce
896 2757 1029 2814 amimam
1052 2757 1135 2814 cuum
1157 2757 1212 2813 ¹.»

298 2847 380 2920 Ouoc
395 2864 462 2908 cum
477 2851 524 2908 ita
545 2852 616 2924 siut,
637 2853 746 2910 mirsam
767 2867 827 2911 esse
845 2868 905 2912 uou
926 2851 1015 2912 dehet
1035 2853 1061 2910 si
1083 2853 1227 2929 sapientes
1245 2851 1311 2929 pie·

235 2949 321 3020 rique
343 2947 429 3004 touta
451 2948 496 3002 rei
517 2950 654 3006 commoti
670 2951 880 3024 praestantia,
908 2967 941 3008 eo
961 2951 1161 3028 processerim
1182 2965 1311 3026 sauppe·

235 3041 331 3101 raudo
348 3047 383 3101 ut
398 3057 513 3102 omacm
525 3059 649 3120 prorsus
659 3045 881 3124 philosophiam
899 3046 942 3107 aa
960 3047 1054 3109 seiam
1073 3049 1167 3108 auuui
1189 3045 1314 3108 humaui

234 3142 390 3200 scientiam
403 3143 583 3199 rcoocorcut.
607 3139 689 3214 Quae
704 3146 850 3204 sententia
870 3147 930 3204 uisi
951 3144 1073 3205 ienitate
1090 3145 1313 3222 iuterpretatio·

236 3239 285 3297 uis
301 3239 465 3313 mitipetssr,
474 3233 560 3312 jaira
575 3243 631 3297 est.
644 3239 713 3298 ¹Etsi
732 3243 810 3300 euim
829 3257 866 3300 ea
879 3244 1004 3302 scicntia
1020 3257 1087 3302 cum
1105 3244 1209 3302 ceteris
1222 3239 1313 3300 disci·

231 3333 338 3411 pono,
352 3330 420 3411 sere
439 3331 585 3408 omuibus,
609 3339 775 3398 arctissimo
796 3337 915 3398 summoto
933 3336 1101 3416 suiipsius,
1124 3327 1314 3416 ipsommquc

237 3430 381 3510 maedam
399 3431 493 3492 ueluti
515 3434 604 3493 iuitia
625 3433 837 3512 complectatur
857 3441 888 3496 et
913 3439 998 3514 quasi
1025 3452 1189 3512 summam;
1214 3439 1313 3496 tomcu

237 3531 264 3585 si
285 3543 305 3586 a
326 3525 448 3604 reliquis
467 3530 644 3606 seiuupitur,
665 3529 708 3589 ad
724 3530 846 3608 plenam
873 3531 1110 3610 cumulatamque
1134 3534 1313 3612 sapientiam

237 3624 357 3682 usiuime
374 3621 495 3700 suffieit.
518 3625 581 3686 Nec
600 3643 669 3687 uero
685 3627 861 3706 philosophi
881 3647 986 3690 mmeu
1012 3633 1039 3689 is
1059 3634 1238 3704 mercretur,
1260 3631 1314 3706 qui

237 3723 379 3780 scientias
397 3720 434 3780 dc
457 3726 568 3819 uatum
591 3723 739 3801 homimis,
763 3728 917 3786 scientiam
939 3731 1028 3788 etiam
1054 3729 1183 3805 supremi
1205 3725 1313 3787 Numi-

299 3937 306 3978 1
325 3932 534 3981 trucutanae-uus
551 3935 595 3995 Op.
608 3935 624 3982 Ι.
643 3943 663 3982 s.
