2892 4425
226 351 283 400 tiit
696 353 829 400 mici!

281 465 378 540 Quare
394 466 445 542 qui
464 463 624 550 umidam
641 465 859 540 mamm
881 461 1075 542 profitentur,
1100 466 1157 541 iusi
1178 465 1296 524 sibimet

223 562 618 638 monasterorium
635 561 706 621 ieet
722 573 782 621 usu
803 561 903 639 umbo,
925 577 958 622 re
972 569 1070 640 m
1092 562 1296 622 osteuduutse

224 657 1295 738 piurirmtnuoumeartntqueiudubindraittara.sstrequidem

224 772 306 837 reru,
326 775 425 820 nouae
439 759 604 823 imnodi
626 758 760 818 homiues
777 758 879 819 usiius
897 760 975 818 ritae
997 759 1160 818 eommuuts
1186 766 1217 818 et
1238 759 1295 820 iru-

223 874 329 918 mauue
352 873 383 918 se
410 857 653 918 aooomrnodauti
679 856 783 916 Nonne
805 857 872 916 cibo
898 857 983 916 statis
1008 856 1089 916 horis
1114 856 1296 934 redeintui,

224 972 343 1015 eorunm
363 958 495 1034 molunt,
513 959 613 1017 vitam
632 956 774 1032 pabula,
796 957 913 1032 negotiu
934 953 1124 1031 mamurra,
1143 969 1211 1014 eum
1230 955 1296 1014 uitis

224 1056 466 1131 sermocinantur,
488 1054 586 1114 ioeent
604 1055 649 1113 rei
670 1053 853 1129 conducunt,
876 1053 1071 1114 valetudinem
1090 1059 1209 1129 euraut,
1229 1069 1296 1128 pra-

224 1150 345 1227 puiseut
366 1154 510 1228 hiuttae,
538 1152 680 1212 damnum
707 1150 900 1210 inferentium
927 1153 1119 1210 irasouuturt
1145 1151 1297 1223 Quomodo

225 1248 298 1308 haee
317 1249 456 1325 iuuerunt,
477 1251 537 1308 nisi
556 1249 647 1307 mita
664 1247 711 1324 (ne
733 1249 829 1308 dicam
851 1249 1013 1325 innumera)
1038 1249 1084 1308 rei
1104 1249 1229 1325 obieeta,
1249 1247 1296 1307 val

225 1349 380 1425 prindein,
401 1350 447 1408 vd
472 1351 588 1408 eritaria
608 1361 662 1422 pro
681 1351 770 1407 mutis
789 1353 876 1424 atque
900 1349 1081 1408 iuooneusais
1099 1345 1263 1411 haherent

285 1445 363 1504 ilina
383 1445 422 1504 de
446 1446 494 1507 hia
512 1445 680 1511 homiuibus
701 1445 825 1504 ridicula
848 1461 967 1521 prorum
989 1453 1183 1523 enarrentur3
1209 1453 1242 1506 ut
1260 1445 1298 1506 de

225 1543 390 1621 Pyrrhone,
406 1547 460 1620 qui
475 1559 543 1604 eun
562 1544 708 1619 poiiinituu
724 1551 801 1604 meet
818 1537 1005 1622 ee‘deineaps
1023 1548 1053 1604 iu
1072 1547 1121 1605 ria
1139 1559 1193 1605 uae
1206 1561 1296 1623 equas

225 1657 279 1700 nea
299 1657 401 1702 currus
422 1658 477 1702 uae
496 1642 558 1702 mr
570 1645 753 1702 marrantia
766 1641 894 1719 pericula
911 1645 1089 1720 vitaturum
1109 1650 1212 1708 tamen,
1227 1659 1296 1703 oum

226 1740 329 1798 rubido
345 1756 417 1799 enne
434 1741 633 1816 invaderetur,
651 1741 751 1818 iugum
769 1744 901 1817 arripuit.
920 1743 985 1816 Qua
1000 1743 1038 1802 du
1056 1759 1088 1801 re
1107 1757 1174 1802 euru
1195 1747 1299 1818 postea

226 1838 266 1898 ab
286 1841 388 1898 mnium
411 1843 601 1917 urgueretur,
634 1839 816 1915 respondisse
842 1840 959 1900 fertur:
984 1837 1138 1917 difficilem
1162 1857 1225 1900 aare
1245 1855 1299 1899 aa·

227 1942 326 1998 mum
346 1953 476 2013 mere,
498 1937 665 1998 mundam
688 1943 798 1998 tamen.
819 1938 918 2008 Simile
942 1938 1049 1998 oeaidit
1071 1937 1217 2015 liiodmo,
1246 1941 1298 2016 qui

226 2041 340 2098 motum
358 2035 480 2096 butam
501 2036 673 2114 denegabat.
693 2038 722 2097 is
742 2053 809 2096 cum
831 2035 992 2112 aiiqmdo
1009 2035 1090 2094 humi
1113 2036 1297 2113 prouidisset,

226 2137 310 2211 eique
328 2135 466 2195 humetur
487 2141 602 2194 amotus
621 2140 717 2207 esset3
744 2135 882 2192 eoutinuo
902 2131 1068 2209 medicum,
1090 2148 1108 2190 a
1130 2149 1190 2209 quo
1211 2147 1298 2192 eura·

226 2243 319 2311 retur,
337 2234 495 2294 armoirtt
518 2233 560 2293 at
575 2234 687 2293 tanetus
705 2233 834 2293 medians
855 2234 1004 2307 proprium
1022 2234 1086 2291 eius
1106 2232 1298 2307 sophismata
1331 2276 1343 2295 ,

226 2333 322 2408 iusum
337 2334 464 2409 retorsit,
478 2333 613 2408 iuquiens
626 2347 727 2391 aarum
742 2331 824 2391 titum
841 2331 963 2389 minime
974 2332 1142 2407 enutingere
1154 2332 1297 2407 potuisse,

225 2431 418 2506 quippedum
443 2436 495 2491 ut
519 2428 722 2506 procubuimet
742 2430 805 2489 iooo
824 2428 877 2489 nii
895 2434 980 2504 erat,
1006 2435 1058 2487 eut
1081 2428 1146 2488 loeo
1166 2428 1216 2487 ubi
1238 2444 1299 2487 nou

225 2536 301 2588 arnt.
321 2529 431 2589 Verum
446 2528 498 2587 iiie
514 2545 657 2605 mnam,
680 2544 731 2605 per
752 2529 846 2588 Deum
868 2527 1016 2603 &umeri
1038 2526 1183 2587 mediorum
1204 2529 1299 2604 eoepit

225 2632 272 2703 ut,
291 2629 390 2686 minuis
410 2630 509 2704 nugis,
526 2642 627 2687 eumn
649 2628 810 2687 festinaret.

286 2729 336 2781 ti.
358 2722 470 2782 Deinde
486 2736 596 2798 assero,
610 2738 679 2781 eum
696 2722 825 2797 hamne,
841 2722 894 2797 qui
907 2719 1066 2795 peream
1082 2721 1300 2796 meptiommum

225 2822 289 2881 rire
313 2823 426 2879 siuoera
447 2822 511 2879 aira
531 2821 668 2881 simuiute
687 2819 849 2896 prnitemr,
869 2817 1013 2892 disputari
1039 2832 1099 2875 non
1120 2832 1216 2893 pesse.
1245 2818 1299 2877 Ne

167 2936 171 2941 ·
227 2920 293 2993 quit
315 2920 394 2976 enim
418 2919 533 2977 institui
552 2918 733 2993 disputatio,
763 2918 819 2976 uisi
847 2916 945 2993 atique
973 2922 1052 2975 oerta
1072 2922 1104 2974 et
1126 2918 1301 2976 inconeussa

231 3014 311 3075 reiut
329 3014 575 3092 tundamentum,
596 3019 643 3079 eui
664 3018 803 3091 nitamur,
826 3023 893 3076 aute
913 3014 1085 3075 habeantur.
1109 3014 1159 3074 sie
1180 3014 1299 3074 creden·

226 3113 297 3173 dum
320 3120 364 3173 eut
384 3117 414 3175 in
435 3117 540 3191 primis
559 3130 612 3175 uos
628 3117 779 3175 raritatem
816 3114 943 3191 miqunm
964 3116 1078 3189 assequi
1095 3128 1201 3189 possm
1220 3113 1301 3189 (ruod

227 3216 284 3272 nisi
307 3220 401 3273 ratum
434 3219 501 3273 anta
521 3216 579 3290 sit,
603 3213 675 3272 nihii
695 3202 772 3273 eerte
794 3201 907 3290 arodeit
925 3214 1142 3272 demonstratio.
1170 3211 1300 3288 Itemque
1327 3244 1332 3254 ι

231 3328 284 3387 pro
307 3320 386 3371 certo
400 3312 575 3373 'habendum
596 3319 642 3371 est
662 3312 958 3388 demonstrationem,
983 3315 1006 3370 si
1027 3312 1155 3387 legitima
1178 3314 1240 3387 sit,
1262 3311 1299 3370 ad

231 3414 382 3469 veritmem
401 3408 604 3487 capessendam
624 3428 677 3471 uos
695 3412 848 3497 adducere.
874 3410 916 3469 Ex
936 3426 994 3486 quo
1011 3412 1141 3485 sequitur
1164 3416 1197 3469 ut
1211 3412 1300 3469 etium

227 3514 380 3585 tamquam
404 3525 471 3569 vera
493 3510 686 3569 existimanda
705 3513 766 3569 sint
785 3512 943 3586 pnoeipia,
970 3508 1076 3585 quibus
1097 3510 1231 3567 inuititur
1251 3507 1302 3567 de-

236 3598 425 3677 mousttatio,
436 3614 465 3667 et
486 3624 504 3667 u
523 3607 630 3685 quibus
650 3610 680 3665 iu
698 3607 898 3668 ratiocinando
919 3607 1096 3668 exordimur.
1119 3606 1300 3667 Subaudiou-

234 3704 303 3764 dum
324 3711 369 3763 ost
389 3710 496 3781 puriter
512 3724 566 3766 noa
586 3724 644 3767 uon
668 3709 698 3765 iu
719 3718 821 3767 somno
840 3712 891 3766 eut
908 3707 1021 3784 delirio,
1042 3706 1092 3766 aed
1111 3708 1140 3766 iu
1160 3704 1304 3782 vigiliani
1352 3751 1356 3769 .

232 3807 357 3863 sanitate
378 3810 503 3883 versari,
527 3815 613 3883 atque
633 3806 689 3866 aiia
708 3806 754 3865 his
773 3808 899 3883 similia,
923 3807 959 3867 de
978 3808 1084 3885 quibus
1105 3810 1130 3866 si
1150 3806 1302 3883 ambigas,

233 3903 447 3964 demonstratio
464 3909 527 3981 ipsa
544 3913 574 3964 et
593 3906 747 3982 illationes,
766 3922 841 3984 quae
860 3908 1043 3985 derivantur,
1061 3906 1148 3967 simul
1167 3905 1306 3965 vacillent

239 4018 356 4063 neeesse
377 4010 432 4064 est.
458 4004 498 4063 it
517 4020 586 4063 uero
608 4004 752 4079 perfectus
771 4006 1013 4083 pyrrhnuismus,
1040 4008 1065 4065 si
1089 4004 1144 4064 sibi
1167 4010 1305 4063 constans
