<?xml version="1.0" encoding="UTF-8"?>
<!DOCTYPE html PUBLIC "-//W3C//DTD XHTML 1.0 Transitional//EN"
    "http://www.w3.org/TR/xhtml1/DTD/xhtml1-transitional.dtd">
<html xmlns="http://www.w3.org/1999/xhtml" xml:lang="en" lang="en">
 <head>
  <title>
</title>
<meta http-equiv="Content-Type" content="text/html;charset=utf-8" />
  <meta name='ocr-system' content='tesseract 3.04.00' />
  <meta name='ocr-capabilities' content='ocr_page ocr_carea ocr_par ocr_line ocrx_word'/>
</head>
<body>
  <div class='ocr_page' id='page_1' title='image "./institutionesph01libegoog_0215.png"; bbox 0 0 2892 4425; ppageno 0'>
   <div class='ocr_carea' id='block_1_1' title="bbox 553 335 1220 388">
    <p class='ocr_par' dir='ltr' id='par_1_1' title="bbox 553 335 1220 388">
     <span class='ocr_line' id='line_1_1' title="bbox 553 335 1220 388; baseline -0.001 -2"><span class='ocrx_word' id='word_1_1' title='bbox 553 343 609 386; x_wconf 87' lang='lat' dir='ltr'><strong>sau</strong></span> <span class='ocrx_word' id='word_1_2' title='bbox 631 342 811 386; x_wconf 79' lang='lat' dir='ltr'><strong>enronoara</strong></span> <span class='ocrx_word' id='word_1_3' title='bbox 1164 335 1220 388; x_wconf 60' lang='grc' dir='ltr'><strong>ποθ</strong></span> 
     </span>
    </p>
   </div>
   <div class='ocr_carea' id='block_1_2' title="bbox 99 451 1258 3169">
    <p class='ocr_par' dir='ltr' id='par_1_2' title="bbox 99 451 1224 1684">
     <span class='ocr_line' id='line_1_2' title="bbox 131 451 1223 535; baseline -0.005 -18"><span class='ocrx_word' id='word_1_4' title='bbox 131 455 175 517; x_wconf 82' lang='lat' dir='ltr'><strong>ed</strong></span> <span class='ocrx_word' id='word_1_5' title='bbox 185 453 370 535; x_wconf 64' lang='lat' dir='ltr'><strong>meandum</strong></span> <span class='ocrx_word' id='word_1_6' title='bbox 383 451 523 514; x_wconf 83' lang='lat' dir='ltr'><strong>includit.</strong></span> <span class='ocrx_word' id='word_1_7' title='bbox 539 453 723 513; x_wconf 76' lang='lat' dir='ltr'><strong>Postremum</strong></span> <span class='ocrx_word' id='word_1_8' title='bbox 736 453 860 529; x_wconf 89' lang='lat' dir='ltr'><strong>denique</strong></span> <span class='ocrx_word' id='word_1_9' title='bbox 874 453 969 512; x_wconf 86' lang='lat' dir='ltr'><strong>ideam</strong></span> <span class='ocrx_word' id='word_1_10' title='bbox 981 455 1128 531; x_wconf 75' lang='lat' dir='ltr'><strong><em>suppositi</em></strong></span> <span class='ocrx_word' id='word_1_11' title='bbox 1139 469 1223 528; x_wconf 90' lang='lat' dir='ltr'><strong>prae-</strong></span> 
     </span>
     <span class='ocr_line' id='line_1_3' title="bbox 133 551 1222 633; baseline -0.003 -19"><span class='ocrx_word' id='word_1_12' title='bbox 133 555 204 632; x_wconf 88' lang='lat' dir='ltr'><strong>het,</strong></span> <span class='ocrx_word' id='word_1_13' title='bbox 224 555 303 632; x_wconf 90' lang='lat' dir='ltr'><strong>quod</strong></span> <span class='ocrx_word' id='word_1_14' title='bbox 324 569 426 614; x_wconf 82' lang='lat' dir='ltr'><strong>reuera</strong></span> <span class='ocrx_word' id='word_1_15' title='bbox 445 570 504 633; x_wconf 87' lang='lat' dir='ltr'><strong>non</strong></span> <span class='ocrx_word' id='word_1_16' title='bbox 526 559 570 612; x_wconf 86' lang='lat' dir='ltr'><strong>eet</strong></span> <span class='ocrx_word' id='word_1_17' title='bbox 589 551 689 633; x_wconf 73' lang='lat' dir='ltr'><strong>aliud,</strong></span> <span class='ocrx_word' id='word_1_18' title='bbox 708 553 764 610; x_wconf 87' lang='lat' dir='ltr'><strong>ulsl</strong></span> <span class='ocrx_word' id='word_1_19' title='bbox 787 551 987 611; x_wconf 87' lang='lat' dir='ltr'><strong>substantialis</strong></span> <span class='ocrx_word' id='word_1_20' title='bbox 1008 559 1113 611; x_wconf 89' lang='lat' dir='ltr'><strong>natura</strong></span> <span class='ocrx_word' id='word_1_21' title='bbox 1133 558 1222 627; x_wconf 91' lang='lat' dir='ltr'><strong>prout</strong></span> 
     </span>
     <span class='ocr_line' id='line_1_4' title="bbox 134 646 1221 728; baseline -0.003 -16"><span class='ocrx_word' id='word_1_22' title='bbox 134 655 279 727; x_wconf 79' lang='lat' dir='ltr'><strong>seipsam</strong></span> <span class='ocrx_word' id='word_1_23' title='bbox 301 651 431 728; x_wconf 79' lang='lat' dir='ltr'>possidet</span> <span class='ocrx_word' id='word_1_24' title='bbox 454 666 508 708; x_wconf 90' lang='lat' dir='ltr'><strong>nec</strong></span> <span class='ocrx_word' id='word_1_25' title='bbox 529 667 597 709; x_wconf 87' lang='lat' dir='ltr'><strong>curn</strong></span> <span class='ocrx_word' id='word_1_26' title='bbox 622 646 715 709; x_wconf 83' lang='lat' dir='ltr'><strong>altera</strong></span> <span class='ocrx_word' id='word_1_27' title='bbox 739 665 771 708; x_wconf 92' lang='lat' dir='ltr'><strong>se</strong></span> <span class='ocrx_word' id='word_1_28' title='bbox 793 651 1011 724; x_wconf 78' lang='lat' dir='ltr'><strong>communicat,</strong></span> <span class='ocrx_word' id='word_1_29' title='bbox 1040 656 1127 726; x_wconf 88' lang='lat' dir='ltr'><strong>atque</strong></span> <span class='ocrx_word' id='word_1_30' title='bbox 1156 650 1221 709; x_wconf 90' lang='lat' dir='ltr'><strong>ideo</strong></span> 
     </span>
     <span class='ocr_line' id='line_1_5' title="bbox 133 747 1222 827; baseline -0.003 -18"><span class='ocrx_word' id='word_1_31' title='bbox 133 751 253 827; x_wconf 89' lang='lat' dir='ltr'><strong>plennm</strong></span> <span class='ocrx_word' id='word_1_32' title='bbox 267 756 312 809; x_wconf 91' lang='lat' dir='ltr'><strong>est</strong></span> <span class='ocrx_word' id='word_1_33' title='bbox 331 755 363 807; x_wconf 91' lang='lat' dir='ltr'><strong>et</strong></span> <span class='ocrx_word' id='word_1_34' title='bbox 377 749 571 824; x_wconf 82' lang='lat' dir='ltr'><strong>adaequatum</strong></span> <span class='ocrx_word' id='word_1_35' title='bbox 586 763 708 807; x_wconf 88' lang='lat' dir='ltr'><strong>suarum</strong></span> <span class='ocrx_word' id='word_1_36' title='bbox 726 749 929 822; x_wconf 72' lang='lat' dir='ltr'><strong>operationum</strong></span> <span class='ocrx_word' id='word_1_37' title='bbox 948 749 1138 822; x_wconf 90' lang='lat' dir='ltr'><strong>principium.</strong></span> <span class='ocrx_word' id='word_1_38' title='bbox 1157 747 1222 806; x_wconf 88' lang='lat' dir='ltr'><strong>Mo·</strong></span> 
     </span>
     <span class='ocr_line' id='line_1_6' title="bbox 99 843 1223 930; baseline 0 -24"><span class='ocrx_word' id='word_1_39' title='bbox 99 924 103 930; x_wconf 23' lang='lat'>¹</span> <span class='ocrx_word' id='word_1_40' title='bbox 134 846 192 906; x_wconf 90' lang='lat' dir='ltr'><strong>dus</strong></span> <span class='ocrx_word' id='word_1_41' title='bbox 210 852 310 906; x_wconf 88' lang='lat' dir='ltr'><strong>sutem</strong></span> <span class='ocrx_word' id='word_1_42' title='bbox 327 848 371 906; x_wconf 89' lang='lat' dir='ltr'><strong>sic</strong></span> <span class='ocrx_word' id='word_1_43' title='bbox 388 845 565 904; x_wconf 89' lang='lat' dir='ltr'><strong>consistendi</strong></span> <span class='ocrx_word' id='word_1_44' title='bbox 584 846 614 902; x_wconf 93' lang='lat' dir='ltr'><strong>in</strong></span> <span class='ocrx_word' id='word_1_45' title='bbox 635 860 688 921; x_wconf 91' lang='lat' dir='ltr'><strong>se,</strong></span> <span class='ocrx_word' id='word_1_46' title='bbox 707 861 742 904; x_wconf 82' lang='lat' dir='ltr'><strong>cx</strong></span> <span class='ocrx_word' id='word_1_47' title='bbox 762 860 822 920; x_wconf 90' lang='lat' dir='ltr'><strong>quo</strong></span> <span class='ocrx_word' id='word_1_48' title='bbox 838 843 872 902; x_wconf 89' lang='lat' dir='ltr'><strong>tit</strong></span> <span class='ocrx_word' id='word_1_49' title='bbox 892 849 925 904; x_wconf 90' lang='lat' dir='ltr'><strong>ut</strong></span> <span class='ocrx_word' id='word_1_50' title='bbox 943 844 1111 904; x_wconf 85' lang='lat' dir='ltr'><strong>substantie</strong></span> <span class='ocrx_word' id='word_1_51' title='bbox 1131 853 1223 906; x_wconf 86' lang='lat' dir='ltr'><strong>semet</strong></span> 
     </span>
     <span class='ocr_line' id='line_1_7' title="bbox 134 941 1219 1018; baseline -0.002 -14"><span class='ocrx_word' id='word_1_52' title='bbox 134 960 203 1004; x_wconf 88' lang='lat' dir='ltr'><strong>cum</strong></span> <span class='ocrx_word' id='word_1_53' title='bbox 227 946 343 1002; x_wconf 88' lang='lat' dir='ltr'><strong>nemine</strong></span> <span class='ocrx_word' id='word_1_54' title='bbox 364 945 536 1018; x_wconf 90' lang='lat' dir='ltr'><strong>participet,</strong></span> <span class='ocrx_word' id='word_1_55' title='bbox 557 941 608 1001; x_wconf 87' lang='lat' dir='ltr'><strong>sed</strong></span> <span class='ocrx_word' id='word_1_56' title='bbox 629 959 661 1001; x_wconf 88' lang='lat' dir='ltr'><strong>se</strong></span> <span class='ocrx_word' id='word_1_57' title='bbox 682 945 747 1017; x_wconf 88' lang='lat' dir='ltr'><strong>ipsa</strong></span> <span class='ocrx_word' id='word_1_58' title='bbox 767 941 931 1018; x_wconf 88' lang='lat' dir='ltr'><strong>possideat,</strong></span> <span class='ocrx_word' id='word_1_59' title='bbox 954 941 1148 1002; x_wconf 73' lang='lat' dir='ltr'><strong>subsistentia</strong></span> <span class='ocrx_word' id='word_1_60' title='bbox 1168 960 1219 1002; x_wconf 91' lang='lat' dir='ltr'><strong>nu·</strong></span> 
     </span>
     <span class='ocr_line' id='line_1_8' title="bbox 135 1038 1222 1116; baseline -0.001 -17"><span class='ocrx_word' id='word_1_61' title='bbox 135 1043 277 1100; x_wconf 87' lang='lat' dir='ltr'><strong>minatur.</strong></span> <span class='ocrx_word' id='word_1_62' title='bbox 299 1041 395 1113; x_wconf 85' lang='lat' dir='ltr'><strong>Quare</strong></span> <span class='ocrx_word' id='word_1_63' title='bbox 417 1042 600 1116; x_wconf 86' lang='lat' dir='ltr'><strong>suppositum</strong></span> <span class='ocrx_word' id='word_1_64' title='bbox 623 1042 738 1116; x_wconf 78' lang='lat' dir='ltr'><strong>concipi</strong></span> <span class='ocrx_word' id='word_1_65' title='bbox 763 1039 848 1098; x_wconf 87' lang='lat' dir='ltr'><strong>debet</strong></span> <span class='ocrx_word' id='word_1_66' title='bbox 871 1045 904 1099; x_wconf 93' lang='lat' dir='ltr'><strong>ut</strong></span> <span class='ocrx_word' id='word_1_67' title='bbox 925 1038 1073 1098; x_wconf 79' lang='lat' dir='ltr'>resultans</span> <span class='ocrx_word' id='word_1_68' title='bbox 1095 1056 1131 1098; x_wconf 82' lang='lat' dir='ltr'><strong>ex</strong></span> <span class='ocrx_word' id='word_1_69' title='bbox 1154 1039 1222 1098; x_wconf 87' lang='lat' dir='ltr'><strong>sah·</strong></span> 
     </span>
     <span class='ocr_line' id='line_1_9' title="bbox 136 1136 1222 1213; baseline -0.004 -15"><span class='ocrx_word' id='word_1_70' title='bbox 136 1139 388 1198; x_wconf 85' lang='lat' dir='ltr'><strong>stentinii&#39;natnm</strong></span> <span class='ocrx_word' id='word_1_71' title='bbox 404 1144 434 1197; x_wconf 90' lang='lat' dir='ltr'><strong>ct</strong></span> <span class='ocrx_word' id='word_1_72' title='bbox 447 1138 653 1213; x_wconf 76' lang='lat' dir='ltr'><strong>subsistentia,</strong></span> <span class='ocrx_word' id='word_1_73' title='bbox 673 1142 829 1213; x_wconf 79' lang='lat' dir='ltr'><strong>potestque</strong></span> <span class='ocrx_word' id='word_1_74' title='bbox 846 1136 962 1195; x_wconf 89' lang='lat' dir='ltr'><strong>deliniri</strong></span> <span class='ocrx_word' id='word_1_75' title='bbox 981 1139 1039 1212; x_wconf 87' lang='lat' dir='ltr'><strong>ite,</strong></span> <span class='ocrx_word' id='word_1_76' title='bbox 1062 1143 1096 1196; x_wconf 93' lang='lat' dir='ltr'><strong>ut</strong></span> <span class='ocrx_word' id='word_1_77' title='bbox 1108 1136 1222 1194; x_wconf 87' lang='lat' dir='ltr'><strong>dicatur</strong></span> 
     </span>
     <span class='ocr_line' id='line_1_10' title="bbox 135 1233 1224 1312; baseline -0.002 -18"><span class='ocrx_word' id='word_1_78' title='bbox 135 1251 199 1294; x_wconf 87' lang='lat' dir='ltr'><strong>esse</strong></span> <span class='ocrx_word' id='word_1_79' title='bbox 214 1233 385 1295; x_wconf 61' lang='lat' dir='ltr'><strong>melantia</strong></span> <span class='ocrx_word' id='word_1_80' title='bbox 402 1233 532 1311; x_wconf 68' lang='lat' dir='ltr'><strong>amiqua</strong></span> <span class='ocrx_word' id='word_1_81' title='bbox 547 1233 708 1312; x_wconf 85' lang='lat' dir='ltr'><strong>completa,</strong></span> <span class='ocrx_word' id='word_1_82' title='bbox 724 1237 773 1294; x_wconf 79' lang='lat' dir='ltr'><strong>mi</strong></span> <span class='ocrx_word' id='word_1_83' title='bbox 786 1233 865 1293; x_wconf 83' lang='lat' dir='ltr'><strong>&#39;iaris</strong></span> <span class='ocrx_word' id='word_1_84' title='bbox 880 1237 909 1292; x_wconf 88' lang='lat' dir='ltr'><strong>et</strong></span> <span class='ocrx_word' id='word_1_85' title='bbox 927 1233 1017 1293; x_wconf 85' lang='lat' dir='ltr'><strong>alieri</strong></span> <span class='ocrx_word' id='word_1_86' title='bbox 1030 1236 1224 1294; x_wconf 83' lang='lat' dir='ltr'><strong>incommoni-</strong></span> 
     </span>
     <span class='ocr_line' id='line_1_11' title="bbox 134 1329 1222 1409; baseline 0 -19"><span class='ocrx_word' id='word_1_87' title='bbox 134 1330 253 1390; x_wconf 85' lang='lat' dir='ltr'><strong>cabilis.</strong></span> <span class='ocrx_word' id='word_1_88' title='bbox 273 1333 355 1405; x_wconf 87' lang='lat' dir='ltr'><strong>Quae</strong></span> <span class='ocrx_word' id='word_1_89' title='bbox 370 1340 492 1407; x_wconf 82' lang='lat' dir='ltr'><strong>tumen,</strong></span> <span class='ocrx_word' id='word_1_90' title='bbox 515 1334 540 1391; x_wconf 94' lang='lat' dir='ltr'><strong>si</strong></span> <span class='ocrx_word' id='word_1_91' title='bbox 560 1329 949 1409; x_wconf 66' lang='lat' dir='ltr'><strong>intelligentie‘parirultur,</strong></span> <span class='ocrx_word' id='word_1_92' title='bbox 974 1347 1034 1390; x_wconf 90' lang='lat' dir='ltr'><strong>non</strong></span> <span class='ocrx_word' id='word_1_93' title='bbox 1053 1331 1222 1407; x_wconf 87' lang='lat' dir='ltr'><strong>simpliciter</strong></span> 
     </span>
     <span class='ocr_line' id='line_1_12' title="bbox 135 1419 1221 1506; baseline -0.001 -18"><span class='ocrx_word' id='word_1_94' title='bbox 135 1432 330 1506; x_wconf 66' lang='lat' dir='ltr'><strong>mmmmm,</strong></span> <span class='ocrx_word' id='word_1_95' title='bbox 354 1419 406 1490; x_wconf 88' lang='lat' dir='ltr'><strong>sed</strong></span> <span class='ocrx_word' id='word_1_96' title='bbox 426 1431 564 1505; x_wconf 78' lang='lat' dir='ltr'><strong>poenituri</strong></span> <span class='ocrx_word' id='word_1_97' title='bbox 583 1437 614 1489; x_wconf 90' lang='lat' dir='ltr'><strong>et</strong></span> <span class='ocrx_word' id='word_1_98' title='bbox 633 1429 765 1506; x_wconf 80' lang='lat' dir='ltr'><strong>digniore</strong></span> <span class='ocrx_word' id='word_1_99' title='bbox 787 1431 903 1488; x_wconf 89' lang='lat' dir='ltr'><strong>nomine</strong></span> <span class='ocrx_word' id='word_1_100' title='bbox 920 1443 1048 1505; x_wconf 63' lang='lat' dir='ltr'><strong>maana</strong></span> <span class='ocrx_word' id='word_1_101' title='bbox 1070 1443 1221 1504; x_wconf 90' lang='lat' dir='ltr'><strong>nuncupa·</strong></span> 
     </span>
     <span class='ocr_line' id='line_1_13' title="bbox 136 1525 1223 1604; baseline -0.002 -18"><span class='ocrx_word' id='word_1_102' title='bbox 136 1532 201 1602; x_wconf 91' lang='lat' dir='ltr'><strong>tar,</strong></span> <span class='ocrx_word' id='word_1_103' title='bbox 217 1543 307 1603; x_wconf 82' lang='lat' dir='ltr'><strong>quam</strong></span> <span class='ocrx_word' id='word_1_104' title='bbox 323 1530 378 1588; x_wconf 86' lang='lat' dir='ltr'><strong>rite</strong></span> <span class='ocrx_word' id='word_1_105' title='bbox 394 1527 530 1586; x_wconf 88' lang='lat' dir='ltr'><strong>delinies:</strong></span> <span class='ocrx_word' id='word_1_106' title='bbox 550 1525 755 1587; x_wconf 77' lang='lat' dir='ltr'><strong>nebrtaniiam·</strong></span> <span class='ocrx_word' id='word_1_107' title='bbox 769 1525 946 1587; x_wconf 76' lang='lat' dir='ltr'><strong>rationalem</strong></span> <span class='ocrx_word' id='word_1_108' title='bbox 967 1525 1155 1604; x_wconf 84' lang='lat' dir='ltr'><strong>completam,</strong></span> <span class='ocrx_word' id='word_1_109' title='bbox 1175 1529 1223 1586; x_wconf 83' lang='lat' dir='ltr'><strong>oui</strong></span> 
     </span>
     <span class='ocr_line' id='line_1_14' title="bbox 130 1622 714 1684; baseline 0.003 -2"><span class='ocrx_word' id='word_1_110' title='bbox 130 1625 213 1683; x_wconf 81' lang='lat' dir='ltr'><strong>&#39;iuris</strong></span> <span class='ocrx_word' id='word_1_111' title='bbox 235 1630 266 1684; x_wconf 86' lang='lat' dir='ltr'><strong>ei</strong></span> <span class='ocrx_word' id='word_1_112' title='bbox 285 1622 376 1684; x_wconf 68' lang='lat' dir='ltr'><strong>alim</strong></span> <span class='ocrx_word' id='word_1_113' title='bbox 395 1623 714 1684; x_wconf 76' lang='lat' dir='ltr'><strong>incommunicabilem.</strong></span> 
     </span>
    </p>

    <p class='ocr_par' dir='ltr' id='par_1_3' title="bbox 137 1722 1258 2779">
     <span class='ocr_line' id='line_1_15' title="bbox 198 1722 1237 1800; baseline 0.001 -18"><span class='ocrx_word' id='word_1_114' title='bbox 198 1723 263 1782; x_wconf 84' lang='lat' dir='ltr'><strong>hiae</strong></span> <span class='ocrx_word' id='word_1_115' title='bbox 282 1722 468 1782; x_wconf 85' lang='lat' dir='ltr'><strong>definitiones</strong></span> <span class='ocrx_word' id='word_1_116' title='bbox 495 1723 555 1782; x_wconf 89' lang='lat' dir='ltr'><strong>illis</strong></span> <span class='ocrx_word' id='word_1_117' title='bbox 579 1731 746 1800; x_wconf 60' lang='lat' dir='ltr'><strong>coaffluant</strong></span> <span class='ocrx_word' id='word_1_118' title='bbox 768 1722 971 1800; x_wconf 80' lang='lat' dir='ltr'><strong>adamussim,</strong></span> <span class='ocrx_word' id='word_1_119' title='bbox 992 1739 1068 1800; x_wconf 87' lang='lat' dir='ltr'><strong>quas</strong></span> <span class='ocrx_word' id='word_1_120' title='bbox 1091 1725 1123 1784; x_wconf 89' lang='lat' dir='ltr'><strong>in</strong></span> <span class='ocrx_word' id='word_1_121' title='bbox 1149 1723 1237 1790; x_wconf 65' lang='lat' dir='ltr'><strong>libro.</strong></span> 
     </span>
     <span class='ocr_line' id='line_1_16' title="bbox 137 1820 1222 1898; baseline 0 -18"><span class='ocrx_word' id='word_1_122' title='bbox 137 1820 175 1880; x_wconf 85' lang='lat' dir='ltr'><strong>de</strong></span> <span class='ocrx_word' id='word_1_123' title='bbox 186 1820 305 1882; x_wconf 74' lang='lat' dir='ltr'><strong>dandum</strong></span> <span class='ocrx_word' id='word_1_124' title='bbox 323 1823 441 1880; x_wconf 82' lang='lat' dir='ltr'><strong>naturis</strong></span> <span class='ocrx_word' id='word_1_125' title='bbox 454 1821 594 1880; x_wconf 77' lang='lat' dir='ltr'><strong>noenius</strong></span> <span class='ocrx_word' id='word_1_126' title='bbox 613 1820 747 1897; x_wconf 84' lang='lat' dir='ltr'><strong>tradidit,</strong></span> <span class='ocrx_word' id='word_1_127' title='bbox 768 1824 814 1880; x_wconf 88' lang='lat' dir='ltr'><strong>vir</strong></span> <span class='ocrx_word' id='word_1_128' title='bbox 835 1837 892 1880; x_wconf 93' lang='lat' dir='ltr'><strong>non</strong></span> <span class='ocrx_word' id='word_1_129' title='bbox 914 1821 1003 1880; x_wconf 90' lang='lat' dir='ltr'><strong>modo</strong></span> <span class='ocrx_word' id='word_1_130' title='bbox 1021 1821 1222 1898; x_wconf 80' lang='lat' dir='ltr'><strong>philosophiae</strong></span> 
     </span>
     <span class='ocr_line' id='line_1_17' title="bbox 137 1919 1222 1996; baseline -0.005 -15"><span class='ocrx_word' id='word_1_131' title='bbox 137 1920 188 1981; x_wconf 90' lang='lat' dir='ltr'><strong>sed</strong></span> <span class='ocrx_word' id='word_1_132' title='bbox 213 1923 303 1980; x_wconf 87' lang='lat' dir='ltr'><strong>etiem</strong></span> <span class='ocrx_word' id='word_1_133' title='bbox 328 1919 493 1996; x_wconf 76' lang='lat' dir='ltr'><strong>theologiae</strong></span> <span class='ocrx_word' id='word_1_134' title='bbox 520 1921 652 1994; x_wconf 80' lang='lat' dir='ltr'><strong>opprinm</strong></span> <span class='ocrx_word' id='word_1_135' title='bbox 679 1920 844 1980; x_wconf 88' lang='lat' dir='ltr'><strong>consultus.</strong></span> <span class='ocrx_word' id='word_1_136' title='bbox 869 1919 960 1979; x_wconf 89' lang='lat' dir='ltr'><strong>Porro</strong></span> <span class='ocrx_word' id='word_1_137' title='bbox 990 1921 1015 1978; x_wconf 91' lang='lat' dir='ltr'><strong>is</strong></span> <span class='ocrx_word' id='word_1_138' title='bbox 1039 1921 1222 1995; x_wconf 89' lang='lat' dir='ltr'><strong>suppositum</strong></span> 
     </span>
     <span class='ocr_line' id='line_1_18' title="bbox 137 2014 1222 2094; baseline -0.002 -16"><span class='ocrx_word' id='word_1_139' title='bbox 137 2017 310 2094; x_wconf 84' lang='lat' dir='ltr'><strong>descripsit:</strong></span> <span class='ocrx_word' id='word_1_140' title='bbox 335 2021 464 2076; x_wconf 81' lang='lat' dir='ltr'><strong>naturae</strong></span> <span class='ocrx_word' id='word_1_141' title='bbox 484 2017 645 2094; x_wconf 77' lang='lat' dir='ltr'><strong>completae</strong></span> <span class='ocrx_word' id='word_1_142' title='bbox 671 2014 861 2076; x_wconf 82' lang='lat' dir='ltr'><strong>individuam</strong></span> <span class='ocrx_word' id='word_1_143' title='bbox 886 2016 1101 2091; x_wconf 64' lang='lat' dir='ltr'><strong>substantiam</strong></span> <span class='ocrx_word' id='word_1_144' title='bbox 1128 2033 1222 2092; x_wconf 85' lang='lat' dir='ltr'><strong>perso·</strong></span> 
     </span>
     <span class='ocr_line' id='line_1_19' title="bbox 137 2113 1223 2174; baseline -0.001 -1"><span class='ocrx_word' id='word_1_145' title='bbox 137 2131 206 2174; x_wconf 90' lang='lat' dir='ltr'><strong>uam</strong></span> <span class='ocrx_word' id='word_1_146' title='bbox 228 2129 317 2174; x_wconf 80' lang='lat' dir='ltr'><strong>vero:</strong></span> <span class='ocrx_word' id='word_1_147' title='bbox 341 2114 501 2174; x_wconf 83' lang='lat' dir='ltr'><strong>ratimtalir</strong></span> <span class='ocrx_word' id='word_1_148' title='bbox 521 2118 649 2174; x_wconf 78' lang='lat' dir='ltr'><strong>animae</strong></span> <span class='ocrx_word' id='word_1_149' title='bbox 668 2113 856 2174; x_wconf 79' lang='lat' dir='ltr'><strong>individuam</strong></span> <span class='ocrx_word' id='word_1_150' title='bbox 872 2113 1081 2172; x_wconf 77' lang='lat' dir='ltr'><strong>substantiam.</strong></span> <span class='ocrx_word' id='word_1_151' title='bbox 1105 2113 1161 2172; x_wconf 87' lang='lat' dir='ltr'><strong>Ubi</strong></span> <span class='ocrx_word' id='word_1_152' title='bbox 1182 2120 1223 2172; x_wconf 92' lang='lat' dir='ltr'><strong>ta-</strong></span> 
     </span>
     <span class='ocr_line' id='line_1_20' title="bbox 138 2209 1222 2289; baseline -0.005 -16"><span class='ocrx_word' id='word_1_153' title='bbox 138 2230 205 2273; x_wconf 90' lang='lat' dir='ltr'><strong>men</strong></span> <span class='ocrx_word' id='word_1_154' title='bbox 227 2211 347 2273; x_wconf 85' lang='lat' dir='ltr'><strong>aduerte</strong></span> <span class='ocrx_word' id='word_1_155' title='bbox 365 2230 468 2273; x_wconf 79' lang='lat' dir='ltr'><strong>uocem</strong></span> <span class='ocrx_word' id='word_1_156' title='bbox 489 2210 679 2273; x_wconf 80' lang='lat' dir='ltr'><strong>individuam</strong></span> <span class='ocrx_word' id='word_1_157' title='bbox 693 2229 753 2272; x_wconf 89' lang='lat' dir='ltr'><strong>non</strong></span> <span class='ocrx_word' id='word_1_158' title='bbox 775 2228 829 2287; x_wconf 89' lang='lat' dir='ltr'><strong>pro</strong></span> <span class='ocrx_word' id='word_1_159' title='bbox 850 2209 1000 2289; x_wconf 80' lang='lat' dir='ltr'><strong>sinpnlari</strong></span> <span class='ocrx_word' id='word_1_160' title='bbox 1019 2217 1150 2286; x_wconf 90' lang='lat' dir='ltr'><strong>tantum,</strong></span> <span class='ocrx_word' id='word_1_161' title='bbox 1172 2209 1222 2269; x_wconf 87' lang='lat' dir='ltr'><strong>scd</strong></span> 
     </span>
     <span class='ocr_line' id='line_1_21' title="bbox 137 2307 1224 2387; baseline -0.002 -18"><span class='ocrx_word' id='word_1_162' title='bbox 137 2327 192 2387; x_wconf 92' lang='lat' dir='ltr'><strong>pro</strong></span> <span class='ocrx_word' id='word_1_163' title='bbox 214 2309 488 2371; x_wconf 77' lang='lat' dir='ltr'><strong>incommunicabili</strong></span> <span class='ocrx_word' id='word_1_164' title='bbox 508 2311 547 2371; x_wconf 83' lang='lat' dir='ltr'><strong>ab</strong></span> <span class='ocrx_word' id='word_1_165' title='bbox 570 2326 605 2370; x_wconf 91' lang='lat' dir='ltr'><strong>eo</strong></span> <span class='ocrx_word' id='word_1_166' title='bbox 629 2312 787 2385; x_wconf 82' lang='lat' dir='ltr'><strong>usurpari3</strong></span> <span class='ocrx_word' id='word_1_167' title='bbox 809 2307 1043 2385; x_wconf 87' lang='lat' dir='ltr'><strong>qnandoquidem</strong></span> <span class='ocrx_word' id='word_1_168' title='bbox 1065 2308 1097 2367; x_wconf 92' lang='lat' dir='ltr'><strong>id</strong></span> <span class='ocrx_word' id='word_1_169' title='bbox 1122 2324 1224 2383; x_wconf 84' lang='lat' dir='ltr'><strong>reapse</strong></span> 
     </span>
     <span class='ocr_line' id='line_1_22' title="bbox 137 2405 1221 2484; baseline -0.006 -15"><span class='ocrx_word' id='word_1_170' title='bbox 137 2413 259 2469; x_wconf 89' lang='lat' dir='ltr'><strong>omnino</strong></span> <span class='ocrx_word' id='word_1_171' title='bbox 271 2408 470 2484; x_wconf 78' lang='lat' dir='ltr'><strong>indiuiduam,</strong></span> <span class='ocrx_word' id='word_1_172' title='bbox 493 2426 544 2469; x_wconf 89' lang='lat' dir='ltr'><strong>scu</strong></span> <span class='ocrx_word' id='word_1_173' title='bbox 559 2424 617 2467; x_wconf 93' lang='lat' dir='ltr'><strong>non</strong></span> <span class='ocrx_word' id='word_1_174' title='bbox 632 2407 760 2467; x_wconf 88' lang='lat' dir='ltr'><strong>divisum</strong></span> <span class='ocrx_word' id='word_1_175' title='bbox 776 2409 805 2463; x_wconf 91' lang='lat' dir='ltr'><strong>iu</strong></span> <span class='ocrx_word' id='word_1_176' title='bbox 821 2423 852 2463; x_wconf 91' lang='lat' dir='ltr'><strong>se</strong></span> <span class='ocrx_word' id='word_1_177' title='bbox 870 2413 898 2465; x_wconf 90' lang='lat' dir='ltr'><strong>et</strong></span> <span class='ocrx_word' id='word_1_178' title='bbox 916 2406 1046 2465; x_wconf 86' lang='lat' dir='ltr'><strong>divisum</strong></span> <span class='ocrx_word' id='word_1_179' title='bbox 1061 2420 1078 2462; x_wconf 91' lang='lat' dir='ltr'><strong>u</strong></span> <span class='ocrx_word' id='word_1_180' title='bbox 1092 2405 1221 2481; x_wconf 81' lang='lat' dir='ltr'><strong>quolibet</strong></span> 
     </span>
     <span class='ocr_line' id='line_1_23' title="bbox 138 2503 1219 2583; baseline -0.007 -16"><span class='ocrx_word' id='word_1_181' title='bbox 138 2506 208 2583; x_wconf 85' lang='lat' dir='ltr'><strong>elio,</strong></span> <span class='ocrx_word' id='word_1_182' title='bbox 230 2505 386 2565; x_wconf 86' lang='lat' dir='ltr'><strong>dicendum</strong></span> <span class='ocrx_word' id='word_1_183' title='bbox 408 2513 464 2582; x_wconf 91' lang='lat' dir='ltr'><strong>est,</strong></span> <span class='ocrx_word' id='word_1_184' title='bbox 484 2506 563 2583; x_wconf 82' lang='lat' dir='ltr'><strong>quad</strong></span> <span class='ocrx_word' id='word_1_185' title='bbox 588 2522 645 2563; x_wconf 92' lang='lat' dir='ltr'><strong>non</strong></span> <span class='ocrx_word' id='word_1_186' title='bbox 670 2504 757 2563; x_wconf 90' lang='lat' dir='ltr'><strong>modo</strong></span> <span class='ocrx_word' id='word_1_187' title='bbox 777 2503 954 2579; x_wconf 80' lang='lat' dir='ltr'><strong>singularem</strong></span> <span class='ocrx_word' id='word_1_188' title='bbox 977 2508 1111 2561; x_wconf 88' lang='lat' dir='ltr'><strong>naturum</strong></span> <span class='ocrx_word' id='word_1_189' title='bbox 1139 2518 1219 2576; x_wconf 86' lang='lat' dir='ltr'><strong>prne·</strong></span> 
     </span>
     <span class='ocr_line' id='line_1_24' title="bbox 138 2590 1258 2681; baseline -0.006 -17"><span class='ocrx_word' id='word_1_190' title='bbox 138 2604 217 2681; x_wconf 89' lang='lat' dir='ltr'><strong>beat,</strong></span> <span class='ocrx_word' id='word_1_191' title='bbox 233 2604 284 2663; x_wconf 86' lang='lat' dir='ltr'><strong>sed</strong></span> <span class='ocrx_word' id='word_1_192' title='bbox 297 2606 386 2663; x_wconf 79' lang='lat' dir='ltr'><strong>edam</strong></span> <span class='ocrx_word' id='word_1_193' title='bbox 402 2604 485 2664; x_wconf 82' lang='lat' dir='ltr'><strong>elteri</strong></span> <span class='ocrx_word' id='word_1_194' title='bbox 503 2603 585 2662; x_wconf 91' lang='lat' dir='ltr'><strong>nullo</strong></span> <span class='ocrx_word' id='word_1_195' title='bbox 605 2602 692 2661; x_wconf 89' lang='lat' dir='ltr'><strong>modo</strong></span> <span class='ocrx_word' id='word_1_196' title='bbox 711 2618 742 2660; x_wconf 88' lang='lat' dir='ltr'><strong>se</strong></span> <span class='ocrx_word' id='word_1_197' title='bbox 762 2590 967 2659; x_wconf 74' lang='lat' dir='ltr'><strong>communicet.</strong></span> <span class='ocrx_word' id='word_1_198' title='bbox 985 2598 1096 2658; x_wconf 86' lang='lat' dir='ltr'><strong>Natura</strong></span> <span class='ocrx_word' id='word_1_199' title='bbox 1113 2606 1222 2677; x_wconf 86' lang='lat' dir='ltr'><strong>nutem,</strong></span> <span class='ocrx_word' id='word_1_200' title='bbox 1254 2592 1258 2601; x_wconf 72' lang='grc'><strong>“</strong></span> 
     </span>
     <span class='ocr_line' id='line_1_25' title="bbox 139 2697 1219 2779; baseline -0.006 -16"><span class='ocrx_word' id='word_1_201' title='bbox 139 2710 299 2779; x_wconf 83' lang='lat' dir='ltr'><strong>utcumque</strong></span> <span class='ocrx_word' id='word_1_202' title='bbox 310 2702 468 2779; x_wconf 85' lang='lat' dir='ltr'><strong>singularis</strong></span> <span class='ocrx_word' id='word_1_203' title='bbox 481 2703 676 2777; x_wconf 86' lang='lat' dir='ltr'><strong>concipiatur,</strong></span> <span class='ocrx_word' id='word_1_204' title='bbox 684 2698 782 2759; x_wconf 88' lang='lat' dir='ltr'><strong>adhuc</strong></span> <span class='ocrx_word' id='word_1_205' title='bbox 794 2704 892 2759; x_wconf 89' lang='lat' dir='ltr'><strong>tamen</strong></span> <span class='ocrx_word' id='word_1_206' title='bbox 902 2697 1153 2758; x_wconf 89' lang='lat' dir='ltr'><strong>communicabilis</strong></span> <span class='ocrx_word' id='word_1_207' title='bbox 1164 2704 1219 2757; x_wconf 84' lang='lat' dir='ltr'><strong>est.</strong></span> 
     </span>
    </p>

    <p class='ocr_par' dir='ltr' id='par_1_4' title="bbox 138 2796 1223 3169">
     <span class='ocr_line' id='line_1_26' title="bbox 199 2796 1223 2875; baseline -0.004 -16"><span class='ocrx_word' id='word_1_208' title='bbox 199 2808 251 2859; x_wconf 80' lang='grc'><strong>49.</strong></span> <span class='ocrx_word' id='word_1_209' title='bbox 273 2800 371 2875; x_wconf 82' lang='lat' dir='ltr'><strong>Atque</strong></span> <span class='ocrx_word' id='word_1_210' title='bbox 389 2799 447 2859; x_wconf 91' lang='lat' dir='ltr'><strong>hac</strong></span> <span class='ocrx_word' id='word_1_211' title='bbox 467 2799 531 2859; x_wconf 88' lang='lat' dir='ltr'><strong>loco</strong></span> <span class='ocrx_word' id='word_1_212' title='bbox 551 2796 661 2873; x_wconf 79' lang='lat' dir='ltr'><strong>duplex</strong></span> <span class='ocrx_word' id='word_1_213' title='bbox 679 2799 804 2871; x_wconf 82' lang='lat' dir='ltr'><strong>emergit</strong></span> <span class='ocrx_word' id='word_1_214' title='bbox 826 2798 957 2872; x_wconf 75' lang='lat' dir='ltr'><strong>quamdo</strong></span> <span class='ocrx_word' id='word_1_215' title='bbox 971 2796 1115 2871; x_wconf 85' lang='lat' dir='ltr'><strong>perutilis,</strong></span> <span class='ocrx_word' id='word_1_216' title='bbox 1129 2802 1158 2854; x_wconf 90' lang='lat' dir='ltr'><strong>et</strong></span> <span class='ocrx_word' id='word_1_217' title='bbox 1173 2796 1223 2870; x_wconf 89' lang='lat' dir='ltr'><strong>iis,</strong></span> 
     </span>
     <span class='ocr_line' id='line_1_27' title="bbox 139 2892 1220 2973; baseline -0.004 -18"><span class='ocrx_word' id='word_1_218' title='bbox 139 2899 190 2973; x_wconf 80' lang='lat' dir='ltr'><strong>qni</strong></span> <span class='ocrx_word' id='word_1_219' title='bbox 207 2912 328 2972; x_wconf 86' lang='lat' dir='ltr'><strong>opernm</strong></span> <span class='ocrx_word' id='word_1_220' title='bbox 345 2896 441 2956; x_wconf 85' lang='lat' dir='ltr'><strong>daturi</strong></span> <span class='ocrx_word' id='word_1_221' title='bbox 462 2903 532 2955; x_wconf 92' lang='lat' dir='ltr'><strong>sunt</strong></span> <span class='ocrx_word' id='word_1_222' title='bbox 551 2894 729 2970; x_wconf 80' lang='lat' dir='ltr'><strong>theologiae,</strong></span> <span class='ocrx_word' id='word_1_223' title='bbox 749 2893 834 2953; x_wconf 84' lang='lat' dir='ltr'><strong>valde</strong></span> <span class='ocrx_word' id='word_1_224' title='bbox 854 2896 1026 2953; x_wconf 83' lang='lat' dir='ltr'><strong>necessaria.</strong></span> <span class='ocrx_word' id='word_1_225' title='bbox 1048 2892 1147 2951; x_wconf 89' lang='lat' dir='ltr'><strong>Prima</strong></span> <span class='ocrx_word' id='word_1_226' title='bbox 1166 2899 1220 2951; x_wconf 89' lang='lat' dir='ltr'><strong>est:</strong></span> 
     </span>
     <span class='ocr_line' id='line_1_28' title="bbox 138 2990 1220 3069; baseline -0.005 -15"><span class='ocrx_word' id='word_1_227' title='bbox 138 3001 238 3054; x_wconf 90' lang='lat' dir='ltr'><strong>utrum</strong></span> <span class='ocrx_word' id='word_1_228' title='bbox 263 3009 385 3069; x_wconf 87' lang='lat' dir='ltr'><strong>persona</strong></span> <span class='ocrx_word' id='word_1_229' title='bbox 406 2996 437 3053; x_wconf 91' lang='lat' dir='ltr'><strong>in</strong></span> <span class='ocrx_word' id='word_1_230' title='bbox 466 2993 554 3053; x_wconf 86' lang='lat' dir='ltr'><strong>rebus</strong></span> <span class='ocrx_word' id='word_1_231' title='bbox 578 2996 684 3052; x_wconf 88' lang='lat' dir='ltr'><strong>creatis</strong></span> <span class='ocrx_word' id='word_1_232' title='bbox 708 2998 843 3055; x_wconf 89' lang='lat' dir='ltr'><strong>concrete</strong></span> <span class='ocrx_word' id='word_1_233' title='bbox 876 2997 1007 3068; x_wconf 88' lang='lat' dir='ltr'><strong>spectate</strong></span> <span class='ocrx_word' id='word_1_234' title='bbox 1040 2990 1128 3065; x_wconf 76' lang='lat' dir='ltr'><strong>(idest</strong></span> <span class='ocrx_word' id='word_1_235' title='bbox 1157 2997 1220 3051; x_wconf 90' lang='lat' dir='ltr'><strong>tan·</strong></span> 
     </span>
     <span class='ocr_line' id='line_1_29' title="bbox 138 3080 1222 3169; baseline -0.005 -17"><span class='ocrx_word' id='word_1_236' title='bbox 138 3080 229 3169; x_wconf 66' lang='lat' dir='ltr'><strong>mam</strong></span> <span class='ocrx_word' id='word_1_237' title='bbox 244 3091 407 3154; x_wconf 90' lang='lat' dir='ltr'><strong>subsistens</strong></span> <span class='ocrx_word' id='word_1_238' title='bbox 420 3091 563 3156; x_wconf 77' lang='lat' dir='ltr'><strong>redonata</strong></span> <span class='ocrx_word' id='word_1_239' title='bbox 581 3090 730 3166; x_wconf 71' lang='lat' dir='ltr'><strong>sui‘iuris)</strong></span> <span class='ocrx_word' id='word_1_240' title='bbox 748 3106 778 3149; x_wconf 89' lang='lat' dir='ltr'><strong>rc</strong></span> <span class='ocrx_word' id='word_1_241' title='bbox 792 3088 913 3149; x_wconf 87' lang='lat' dir='ltr'><strong>diitcrat</strong></span> <span class='ocrx_word' id='word_1_242' title='bbox 928 3105 945 3149; x_wconf 88' lang='lat' dir='ltr'><strong>a</strong></span> <span class='ocrx_word' id='word_1_243' title='bbox 959 3094 1064 3149; x_wconf 87' lang='lat' dir='ltr'><strong>nature</strong></span> <span class='ocrx_word' id='word_1_244' title='bbox 1081 3090 1104 3165; x_wconf 80' lang='lat'><strong>¹3</strong></span> <span class='ocrx_word' id='word_1_245' title='bbox 1118 3088 1222 3163; x_wconf 85' lang='lat' dir='ltr'><strong>altere,</strong></span> 
     </span>
    </p>
   </div>
   <div class='ocr_carea' id='block_1_3' title="bbox 135 3262 1224 4067">
    <p class='ocr_par' dir='ltr' id='par_1_5' title="bbox 135 3262 1224 3493">
     <span class='ocr_line' id='line_1_30' title="bbox 136 3262 1224 3331; baseline -0.004 -14"><span class='ocrx_word' id='word_1_246' title='bbox 136 3282 213 3331; x_wconf 81' lang='lat' dir='ltr'><strong>quam</strong></span> <span class='ocrx_word' id='word_1_247' title='bbox 232 3282 316 3319; x_wconf 88' lang='lat' dir='ltr'><strong>rerum</strong></span> <span class='ocrx_word' id='word_1_248' title='bbox 331 3270 470 3319; x_wconf 80' lang='lat' dir='ltr'><strong>crmtarum</strong></span> <span class='ocrx_word' id='word_1_249' title='bbox 485 3267 686 3329; x_wconf 72' lang='lat' dir='ltr'><strong>universitatem,</strong></span> <span class='ocrx_word' id='word_1_250' title='bbox 697 3278 876 3328; x_wconf 88' lang='lat' dir='ltr'><strong>nonnunquam</strong></span> <span class='ocrx_word' id='word_1_251' title='bbox 888 3266 921 3316; x_wconf 91' lang='lat' dir='ltr'><strong>rei</strong></span> <span class='ocrx_word' id='word_1_252' title='bbox 932 3262 1063 3315; x_wconf 84' lang='lat' dir='ltr'><strong>cuirrelibet</strong></span> <span class='ocrx_word' id='word_1_253' title='bbox 1078 3262 1224 3325; x_wconf 57' lang='lat' dir='ltr'><strong>mndata,</strong></span> 
     </span>
     <span class='ocr_line' id='line_1_31' title="bbox 138 3342 1220 3411; baseline -0.005 -14"><span class='ocrx_word' id='word_1_254' title='bbox 138 3361 203 3411; x_wconf 79' lang='lat' dir='ltr'><strong>quae</strong></span> <span class='ocrx_word' id='word_1_255' title='bbox 215 3361 259 3411; x_wconf 90' lang='lat' dir='ltr'><strong>per</strong></span> <span class='ocrx_word' id='word_1_256' title='bbox 273 3348 442 3398; x_wconf 87' lang='lat' dir='ltr'><strong>debuiiioncm</strong></span> <span class='ocrx_word' id='word_1_257' title='bbox 458 3347 605 3411; x_wconf 81' lang='lat' dir='ltr'><strong>explicatur,</strong></span> <span class='ocrx_word' id='word_1_258' title='bbox 623 3358 799 3409; x_wconf 76' lang='lat' dir='ltr'><strong>nonnunquam</strong></span> <span class='ocrx_word' id='word_1_259' title='bbox 816 3344 945 3395; x_wconf 83' lang='lat' dir='ltr'><strong>essentiam</strong></span> <span class='ocrx_word' id='word_1_260' title='bbox 962 3342 1112 3393; x_wconf 84' lang='lat' dir='ltr'><strong>substantiae</strong></span> <span class='ocrx_word' id='word_1_261' title='bbox 1132 3343 1220 3403; x_wconf 85' lang='lat' dir='ltr'><strong>solius,</strong></span> 
     </span>
     <span class='ocr_line' id='line_1_32' title="bbox 135 3424 1025 3493; baseline -0.007 -14"><span class='ocrx_word' id='word_1_262' title='bbox 135 3430 289 3493; x_wconf 67' lang='lat' dir='ltr'><strong>nandoque</strong></span> <span class='ocrx_word' id='word_1_263' title='bbox 308 3430 384 3479; x_wconf 81' lang='lat' dir='ltr'><strong>ctiam</strong></span> <span class='ocrx_word' id='word_1_264' title='bbox 410 3431 443 3479; x_wconf 89' lang='lat' dir='ltr'><strong>rei</strong></span> <span class='ocrx_word' id='word_1_265' title='bbox 462 3427 568 3478; x_wconf 69' lang='lat' dir='ltr'><strong>micalus</strong></span> <span class='ocrx_word' id='word_1_266' title='bbox 587 3426 752 3487; x_wconf 81' lang='lat' dir='ltr'><strong>nativitatem,</strong></span> <span class='ocrx_word' id='word_1_267' title='bbox 774 3430 849 3488; x_wconf 88' lang='lat' dir='ltr'><strong>atque</strong></span> <span class='ocrx_word' id='word_1_268' title='bbox 867 3424 905 3475; x_wconf 83' lang='lat' dir='ltr'><strong>iiis</strong></span> <span class='ocrx_word' id='word_1_269' title='bbox 923 3424 1025 3474; x_wconf 75' lang='lat' dir='ltr'><strong>sinilia.</strong></span> 
     </span>
    </p>

    <p class='ocr_par' dir='ltr' id='par_1_6' title="bbox 137 3504 1224 3735">
     <span class='ocr_line' id='line_1_33' title="bbox 201 3504 1224 3570; baseline -0.008 -11"><span class='ocrx_word' id='word_1_270' title='bbox 201 3510 263 3559; x_wconf 82' lang='lat' dir='ltr'><strong>thie</strong></span> <span class='ocrx_word' id='word_1_271' title='bbox 282 3508 426 3559; x_wconf 83' lang='lat' dir='ltr'><strong>substantiis</strong></span> <span class='ocrx_word' id='word_1_272' title='bbox 441 3507 531 3558; x_wconf 85' lang='lat' dir='ltr'><strong>creatis</strong></span> <span class='ocrx_word' id='word_1_273' title='bbox 552 3509 601 3557; x_wconf 90' lang='lat' dir='ltr'><strong>hoc</strong></span> <span class='ocrx_word' id='word_1_274' title='bbox 615 3506 767 3570; x_wconf 71' lang='lat' dir='ltr'><strong>quaerimus,</strong></span> <span class='ocrx_word' id='word_1_275' title='bbox 783 3506 844 3568; x_wconf 89' lang='lat' dir='ltr'><strong>quia</strong></span> <span class='ocrx_word' id='word_1_276' title='bbox 862 3505 888 3555; x_wconf 93' lang='lat' dir='ltr'><strong>iu</strong></span> <span class='ocrx_word' id='word_1_277' title='bbox 908 3506 969 3566; x_wconf 86' lang='lat' dir='ltr'><strong>Deo,</strong></span> <span class='ocrx_word' id='word_1_278' title='bbox 983 3504 1026 3566; x_wconf 86' lang='lat' dir='ltr'><strong>qui</strong></span> <span class='ocrx_word' id='word_1_279' title='bbox 1046 3504 1154 3553; x_wconf 76' lang='lat' dir='ltr'><strong>amulium</strong></span> <span class='ocrx_word' id='word_1_280' title='bbox 1165 3516 1224 3565; x_wconf 78' lang='lat' dir='ltr'><strong>gan·</strong></span> 
     </span>
     <span class='ocr_line' id='line_1_34' title="bbox 137 3583 1224 3651; baseline -0.006 -13"><span class='ocrx_word' id='word_1_281' title='bbox 137 3587 183 3638; x_wconf 87' lang='lat' dir='ltr'><strong>det</strong></span> <span class='ocrx_word' id='word_1_282' title='bbox 199 3588 368 3651; x_wconf 84' lang='lat' dir='ltr'><strong>simplicitate,</strong></span> <span class='ocrx_word' id='word_1_283' title='bbox 387 3588 547 3639; x_wconf 70' lang='lat' dir='ltr'><strong>macenaria</strong></span> <span class='ocrx_word' id='word_1_284' title='bbox 565 3601 581 3637; x_wconf 88' lang='lat' dir='ltr'><strong>a</strong></span> <span class='ocrx_word' id='word_1_285' title='bbox 598 3589 687 3637; x_wconf 85' lang='lat' dir='ltr'><strong>natura</strong></span> <span class='ocrx_word' id='word_1_286' title='bbox 702 3585 860 3637; x_wconf 68' lang='lat' dir='ltr'><strong>bsbncbm</strong></span> <span class='ocrx_word' id='word_1_287' title='bbox 880 3598 930 3634; x_wconf 91' lang='lat' dir='ltr'><strong>non</strong></span> <span class='ocrx_word' id='word_1_288' title='bbox 950 3583 1027 3646; x_wconf 83' lang='lat' dir='ltr'><strong>reali,</strong></span> <span class='ocrx_word' id='word_1_289' title='bbox 1049 3583 1224 3643; x_wconf 63' lang='lat' dir='ltr'><strong>scibiniensi</strong></span> 
     </span>
     <span class='ocr_line' id='line_1_35' title="bbox 137 3667 455 3735; baseline 0 -18"><span class='ocrx_word' id='word_1_290' title='bbox 137 3668 238 3717; x_wconf 67' lang='lat' dir='ltr'><strong>hulam</strong></span> <span class='ocrx_word' id='word_1_291' title='bbox 260 3667 455 3735; x_wconf 82' lang='lat' dir='ltr'><strong>discriminatur.</strong></span> 
     </span>
    </p>

    <p class='ocr_par' dir='ltr' id='par_1_7' title="bbox 138 3742 1224 4067">
     <span class='ocr_line' id='line_1_36' title="bbox 197 3742 1223 3811; baseline -0.006 -16"><span class='ocrx_word' id='word_1_292' title='bbox 197 3748 226 3795; x_wconf 91' lang='lat' dir='ltr'><strong>ln</strong></span> <span class='ocrx_word' id='word_1_293' title='bbox 244 3748 310 3797; x_wconf 89' lang='lat' dir='ltr'><strong>bane</strong></span> <span class='ocrx_word' id='word_1_294' title='bbox 330 3761 388 3798; x_wconf 77' lang='lat' dir='ltr'><strong>vcra</strong></span> <span class='ocrx_word' id='word_1_295' title='bbox 406 3748 595 3811; x_wconf 82' lang='lat' dir='ltr'><strong>quaestionem,</strong></span> <span class='ocrx_word' id='word_1_296' title='bbox 616 3746 719 3796; x_wconf 85' lang='lat' dir='ltr'><strong>tortasse</strong></span> <span class='ocrx_word' id='word_1_297' title='bbox 742 3744 883 3807; x_wconf 87' lang='lat' dir='ltr'><strong>philosophi</strong></span> <span class='ocrx_word' id='word_1_298' title='bbox 904 3756 1030 3803; x_wconf 88' lang='lat' dir='ltr'><strong>uunquam</strong></span> <span class='ocrx_word' id='word_1_299' title='bbox 1047 3742 1223 3803; x_wconf 78' lang='lat' dir='ltr'><strong>‹leueuissenl‚</strong></span> 
     </span>
     <span class='ocr_line' id='line_1_37' title="bbox 138 3824 1223 3891; baseline -0.006 -16"><span class='ocrx_word' id='word_1_300' title='bbox 138 3826 188 3875; x_wconf 86' lang='lat' dir='ltr'><strong>nisi</strong></span> <span class='ocrx_word' id='word_1_301' title='bbox 206 3827 274 3877; x_wconf 82' lang='lat' dir='ltr'><strong>Fidei</strong></span> <span class='ocrx_word' id='word_1_302' title='bbox 293 3828 410 3891; x_wconf 80' lang='lat' dir='ltr'><strong>mysteria</strong></span> <span class='ocrx_word' id='word_1_303' title='bbox 427 3828 580 3878; x_wconf 81' lang='lat' dir='ltr'><strong>ocmsioncm</strong></span> <span class='ocrx_word' id='word_1_304' title='bbox 592 3826 726 3878; x_wconf 84' lang='lat' dir='ltr'><strong>dedissent.</strong></span> <span class='ocrx_word' id='word_1_305' title='bbox 738 3826 768 3875; x_wconf 88' lang='lat' dir='ltr'><strong>lu</strong></span> <span class='ocrx_word' id='word_1_306' title='bbox 784 3825 884 3875; x_wconf 80' lang='lat' dir='ltr'><strong>Christe</strong></span> <span class='ocrx_word' id='word_1_307' title='bbox 901 3824 968 3875; x_wconf 87' lang='lat' dir='ltr'><strong>euim</strong></span> <span class='ocrx_word' id='word_1_308' title='bbox 988 3836 1037 3872; x_wconf 89' lang='lat' dir='ltr'><strong>una</strong></span> <span class='ocrx_word' id='word_1_309' title='bbox 1055 3824 1092 3871; x_wconf 87' lang='lat' dir='ltr'><strong>est</strong></span> <span class='ocrx_word' id='word_1_310' title='bbox 1110 3834 1223 3885; x_wconf 80' lang='lat' dir='ltr'><strong>perenna,</strong></span> 
     </span>
     <span class='ocr_line' id='line_1_38' title="bbox 138 3902 1224 3969; baseline -0.007 -13"><span class='ocrx_word' id='word_1_311' title='bbox 138 3906 230 3968; x_wconf 76' lang='lat' dir='ltr'><strong>duplex</strong></span> <span class='ocrx_word' id='word_1_312' title='bbox 243 3910 342 3957; x_wconf 83' lang='lat' dir='ltr'><strong>natura.</strong></span> <span class='ocrx_word' id='word_1_313' title='bbox 357 3908 429 3958; x_wconf 90' lang='lat' dir='ltr'><strong>lindc</strong></span> <span class='ocrx_word' id='word_1_314' title='bbox 443 3908 584 3958; x_wconf 87' lang='lat' dir='ltr'><strong>humanitas</strong></span> <span class='ocrx_word' id='word_1_315' title='bbox 594 3907 620 3956; x_wconf 90' lang='lat' dir='ltr'><strong>in</strong></span> <span class='ocrx_word' id='word_1_316' title='bbox 636 3920 666 3956; x_wconf 89' lang='lat' dir='ltr'><strong>eo</strong></span> <span class='ocrx_word' id='word_1_317' title='bbox 682 3904 798 3969; x_wconf 81' lang='lat' dir='ltr'><strong>quamvls</strong></span> <span class='ocrx_word' id='word_1_318' title='bbox 811 3902 943 3954; x_wconf 82' lang='lat' dir='ltr'><strong>individua</strong></span> <span class='ocrx_word' id='word_1_319' title='bbox 953 3902 978 3951; x_wconf 85' lang='lat' dir='ltr'><strong>ei</strong></span> <span class='ocrx_word' id='word_1_320' title='bbox 989 3902 1129 3963; x_wconf 81' lang='lat' dir='ltr'><strong>singularis,</strong></span> <span class='ocrx_word' id='word_1_321' title='bbox 1141 3902 1224 3949; x_wconf 75' lang='lat' dir='ltr'><strong>maren</strong></span> 
     </span>
     <span class='ocr_line' id='line_1_39' title="bbox 138 3976 1222 4067; baseline -0.01 -30"><span class='ocrx_word' id='word_1_322' title='bbox 138 3988 200 4050; x_wconf 83' lang='lat' dir='ltr'><strong>quia</strong></span> <span class='ocrx_word' id='word_1_323' title='bbox 217 3988 324 4039; x_wconf 80' lang='lat' dir='ltr'><strong>everha</strong></span> <span class='ocrx_word' id='word_1_324' title='bbox 335 3988 490 4051; x_wconf 75' lang='lat' dir='ltr'><strong>hypostatica</strong></span> <span class='ocrx_word' id='word_1_325' title='bbox 501 3988 592 4038; x_wconf 88' lang='lat' dir='ltr'><strong>unione</strong></span> <span class='ocrx_word' id='word_1_326' title='bbox 602 3989 728 4067; x_wconf 75' lang='lat' dir='ltr'><strong>msurnpta</strong></span> <span class='ocrx_word' id='word_1_327' title='bbox 739 3988 784 4047; x_wconf 87' lang='lat' dir='ltr'><strong>eet,</strong></span> <span class='ocrx_word' id='word_1_328' title='bbox 798 3976 927 4049; x_wconf 77' lang='lat' dir='ltr'><strong>perseniam</strong></span> <span class='ocrx_word' id='word_1_329' title='bbox 940 3980 971 4030; x_wconf 88' lang='lat' dir='ltr'><strong>de</strong></span> <span class='ocrx_word' id='word_1_330' title='bbox 983 3995 1010 4032; x_wconf 89' lang='lat' dir='ltr'><strong>se</strong></span> <span class='ocrx_word' id='word_1_331' title='bbox 1025 3994 1074 4031; x_wconf 91' lang='lat' dir='ltr'><strong>nou</strong></span> <span class='ocrx_word' id='word_1_332' title='bbox 1086 3976 1222 4029; x_wconf 87' lang='lat' dir='ltr'><strong>constituit.</strong></span> 
     </span>
    </p>
   </div>
   <div class='ocr_carea' id='block_1_4' title="bbox 0 0 1456 4425">
    <p class='ocr_par' dir='ltr' id='par_1_8' title="bbox 0 0 1456 4425">
     <span class='ocr_line' id='line_1_40' title="bbox 0 0 1456 4425; baseline 0 0"><span class='ocrx_word' id='word_1_333' title='bbox 0 0 1456 4425; x_wconf 95' lang='lat' dir='ltr'><strong> </strong></span> 
     </span>
    </p>
   </div>
  </div>
 </body>
</html>
