2892 4425
216 317 276 370 ²⁸⁸
300 325 309 345 ”
544 322 783 368 Hfflssffllffl
804 325 965 372 emittis

215 435 415 498 mutor
434 433 598 510 mimenni,
622 448 718 510 neque
736 434 774 494 ud
794 413 1024 513 eon'tingmtlam
1045 435 1234 496 determinari
1256 443 1303 498 ui·

215 532 278 606 dut,
296 531 349 591 sed
370 533 402 590 lu
421 538 547 608 utruque
563 537 644 592 stetu
660 529 829 607 possibilem
847 549 911 593 ease
934 535 1085 610 cognoscit
1097 537 1120 592 ¹.
1143 533 1220 594 ilino
1241 535 1303 596 du·

216 629 321 706 plimon
340 633 513 705 conceptum
532 629 675 689 mditutte
693 629 851 689 efformet:
873 631 1016 691 reailtstis
1034 631 1186 692 absolutae
1203 641 1234 692 et
1248 649 1303 693 ne·

216 728 377 801 enemim
399 725 540 786 reulitatls
560 728 759 802 contingentis
776 743 811 786 so
828 727 939 789 linitae.
961 729 1048 789 iluno
1070 735 1168 790 tamen
1186 745 1300 790 nexum

218 826 295 883 inter
315 829 469 900 utrumque
485 823 663 884 tumreedere
682 827 840 901 perspicit,
860 831 895 885 ut
915 829 1010 902 prims
1032 843 1097 886 mse
1117 829 1211 902 pusnt
1233 831 1300 887 sine

217 923 321 996 niteo,
342 921 436 982 ultera
453 939 518 981 usse
532 901 592 981 non
610 925 704 998 possit
722 923 787 982 eine
804 923 910 998 prime.
927 925 1000 983 Cum
1020 939 1092 983 roro
1112 932 1230 1000 propter
1248 941 1299 984 ex·

217 1019 388 1092 perlentium
403 1035 463 1094 qun
479 1017 619 1094 elicitur,
637 1034 740 1094 reapse
759 1019 922 1080 reelitntem
943 1023 1162 1098 contingentem
1183 1027 1215 1081 et
1233 1023 1300 1081 lini-

127 1191 133 1201 ·
217 1122 279 1176 tam
298 1121 415 1174 castore
435 1121 623 1191 contuentur,
643 1119 807 1176 noemmin
826 1117 916 1176 lulert
936 1125 1052 1178 exstme
1071 1121 1159 1179 edam
1181 1119 1299 1179 reditu·

196 1221 278 1273 tem
304 1213 470 1290 absolutam
491 1219 521 1272 et
542 1213 707 1289 indultum,
728 1231 806 1290 quse
827 1215 907 1276 illius
926 1217 1048 1293 originis
1068 1223 1098 1276 et
1123 1219 1300 1277 existentiae

218 1313 258 1372 sit
277 1313 354 1370 cutio
373 1310 535 1370 sufficiens.
558 1311 592 1370 ld
613 1326 701 1370 omne
720 1314 917 1388 cognitionem
936 1313 1064 1389 explieat
1083 1313 1136 1373 Dei
1161 1321 1192 1374 et
1215 1330 1297 1375 crea·

218 1417 352 1470 mnium
371 1411 434 1468 siue
454 1409 592 1468 lulsitutis
611 1408 808 1486 mudum,
824 1413 896 1486 quin
915 1411 953 1470 nd
971 1411 1115 1472 lormulae
1134 1411 1236 1472 nmis
1254 1412 1299 1474 ia·

219 1507 327 1567 ballam
347 1506 574 1582 eonluglendnm
592 1509 644 1567 eit.

280 1605 462 1680 Quapropter
481 1619 557 1678 quae
584 1604 635 1664 bic
658 1612 761 1666 eontra
781 1605 911 1671 Globerti
931 1607 1134 1684 disputamus,
1155 1607 1298 1669 edversns

220 1702 287 1761 ilius
305 1702 394 1762 edam
418 1702 571 1777 initiunt,
594 1703 647 1776 qui
670 1701 740 1762 boni
766 1703 885 1779 quidem
908 1703 961 1764 sed
984 1719 1088 1780 purum
1115 1705 1296 1784 prudentes,

219 1799 368 1876 subolplni
386 1798 554 1874 pbilosopbi
572 1798 732 1860 immulm
757 1799 879 1862 ldealem
906 1809 1086 1880 recoquunt,
1110 1819 1146 1863 eo
1173 1803 1298 1865 dlrmsis

221 1896 371 1958 vocubulis
390 1904 541 1973 tumquum
560 1896 666 1974 dupem
685 1913 766 1958 noro
783 1915 887 1975 supore
903 1899 1052 1960 conditum
1070 1900 1242 1962 obtrudunt.
1258 1903 1298 1962 lli

221 2000 320 2056 utrum
343 1995 560 2071 pantheismnm
582 2009 686 2071 reapse
708 1994 861 2072 devitent,
887 1998 993 2058 omitto
1016 2013 1177 2074 quaerere,
1204 2013 1243 2058 un
1266 2001 1297 2057 in

221 2093 341 2170 iungam
356 2094 598 2169 disceptationum
618 2092 779 2170 ingrediar.
804 2092 846 2153 At
866 2093 940 2154 illud
962 2093 1116 2154 indubium
1135 2101 1196 2171 est,
1218 2097 1298 2171 ipsus

221 2207 299 2257 vanu
317 2197 349 2253 et
369 2191 531 2268 periculose
549 2192 676 2268 semul,
695 2196 786 2267 utque
807 2190 940 2251 incedere
957 2205 1011 2269 prr
1032 2192 1117 2269 muer
1134 2196 1299 2271 repperitur

221 2293 314 2351 ciuem
336 2289 454 2365 dobeo,
478 2290 588 2369 quibua
610 2292 778 2366 inexpertas
802 2290 1025 2349 lurenenlornm
1049 2296 1160 2351 mentm
1182 2292 1300 2351 moenie

282 2456 290 2498 t
305 2448 376 2506 Quod
396 2449 494 2499 melitus
510 2448 644 2513 generatim
656 2447 811 2499 mnriderrta
827 2448 1032 2513 displicentium
1050 2450 1174 2513 aspectum
1187 2448 1298 2513 obiiciat,

221 2544 251 2580 ac
269 2530 373 2594 proinde
390 2532 415 2581 in
431 2529 556 2595 duplicem
575 2530 678 2580 clamem
698 2529 804 2594 dispesci
824 2531 910 2594 possit,
929 2532 1047 2581 nimirum
1064 2530 1183 2581 ranliistis
1200 2531 1297 2581 absolu·

221 2615 261 2662 tua
276 2626 342 2677 quse
354 2613 380 2663 tl
396 2625 441 2662 sna
449 2612 480 2661 r'n
493 2612 562 2661 omui
577 2609 730 2674 plenitudiue
748 2609 883 2672 subsistat,
895 2614 920 2661 st
934 2611 1053 2662 reulitatls
1066 2611 1185 2662 relativus
1196 2624 1260 2675 quse
1273 2608 1298 2660 d

222 2692 276 2744 nita
289 2694 384 2744 rstioue
399 2692 502 2744 citerius
514 2692 608 2743 virute
619 2693 713 2755 susim
730 2691 794 2742 tanti
810 2692 928 2743 nummii
941 2694 991 2755 est,
1007 2694 1037 2743 ut
1051 2704 1083 2742 ex
1100 2692 1174 2743 buius
1188 2691 1301 2743 obem

221 2775 297 2825 mnis
309 2774 421 2839 miecio
434 2774 590 2839 quinniens
602 2772 772 2838 prntteisnrus
785 2784 875 2835 mepnu
889 2784 920 2823 eu
937 2775 1006 2837 purte
1018 2772 1164 2823 mumrerit
1175 2774 1227 2823 tiec
1239 2783 1305 2831 vero

222 2854 313 2905 exinde
329 2855 489 2918 consequitur
505 2854 654 2905 ammaum
671 2854 796 2905 uodonem
815 2853 934 2903 reuiituiis
950 2852 1147 2903 constituendum
1168 2864 1222 2903 cese
1241 2853 1300 2901 lum·

222 2947 298 2996 quarn
309 2932 497 2997 practicatum
513 2936 602 2983 uaturu
619 2932 708 2983 salton
721 2934 832 2983 anterius
847 2934 907 2984 Deo.
926 2932 955 2981 ld
974 2933 1040 2982 enim
1057 2933 1140 2982 locum
1152 2944 1203 2981 non
1215 2930 1297 2992 habu,

222 3012 427 3076 quotiescumque
442 3011 522 3074 egitur
537 3011 694 3075 deuotione,
714 3026 780 3075 quae
799 3013 825 3062 ln
842 3013 939 3062 iuutmn
958 3012 1056 3063 excedit
1073 3025 1149 3062 unum
1165 3011 1298 3061 terminum

150 3098 155 3107 '
222 3094 299 3156 sique
313 3090 346 3143 ud
360 3092 411 3142 ulis
429 3104 456 3141 se
470 3089 605 3156 promit,
624 3091 651 3141 in
667 3096 790 3155 qnantum
805 3092 865 3143 baec
880 3092 930 3142 sint
948 3092 1105 3156 imperiectse
1117 3092 1216 3141 termini
1231 3090 1299 3141 illias

222 3172 381 3225 imitationes.
402 3174 473 3223 Tune
490 3183 557 3221 uun
577 3161 714 3234 obiectire,
731 3185 775 3225 seu
796 3172 829 3223 ud
846 3186 897 3225 rem
914 3172 983 3235 quod
1000 3174 1105 3233 ntimo,
1121 3170 1260 3235 rnpittodu
1275 3174 1303 3223 at

222 3265 337 3305 cremnos
352 3251 503 3316 praedicati
517 3252 597 3303 uritrrr
612 3266 642 3303 ex
657 3252 808 3316 perlectione
824 3254 850 3305 et
867 3252 1014 3315 excellentia
1028 3252 1083 3317 ipss
1101 3250 1177 3303 illius-
1188 3250 1299 3311 termini,

223 3336 249 3384 et
268 3332 389 3397 posterior
405 3332 443 3382 est
462 3331 546 3397 quood
563 3332 674 3384 eiusdem
692 3334 862 3397 existentiam
881 3332 1005 3397 siquidem
1022 3345 1073 3382 non
1088 3330 1189 3381 aliunde
1206 3330 1300 3380 elllore·

222 3414 289 3476 scit,
312 3413 359 3465 nisi
378 3427 408 3465 er
425 3427 454 3463 eo
473 3414 541 3479 quod
558 3416 678 3465 terminus
695 3414 737 3464 ille
755 3416 839 3465 tanim
855 3415 888 3465 eit
910 3412 1083 3477 perlectionis,
1103 3413 1130 3461 ut
1149 3422 1199 3460 non
1219 3409 1300 3461 solum

223 3510 267 3559 per
286 3508 314 3545 se
331 3494 372 3558 id,
392 3494 460 3559 quod
482 3496 552 3547 notio
571 3494 693 3556 includit,
710 3494 851 3557 possideat,
869 3492 912 3545 sed
929 3494 1004 3544 etium
1022 3492 1074 3541 vim
1096 3490 1186 3541 babeat
1201 3502 1228 3540 se
1239 3502 1299 3552 qno·

222 3575 358 3627 dummodo
369 3577 479 3628 eximius
490 3575 655 3629 dltlbndeodl.
670 3575 712 3625 sie
724 3574 847 3637 contingit
860 3574 888 3624 in
900 3585 927 3623 re
941 3572 1071 3636 pnoeeuu.
1087 3572 1115 3620 lu
1125 3572 1224 3620 tuntum
1233 3570 1300 3619 enim

201 3681 207 3690 ⁴
223 3657 292 3711 notio
307 3659 373 3710 cuda
392 3662 418 3711 ct
436 3659 556 3711 rculitatie
571 3658 604 3709 od
620 3658 671 3708 alis
686 3658 783 3721 praeto
803 3657 883 3705 licum
899 3654 1042 3717 porrigitur,
1057 3652 1084 3703 in
1099 3652 1221 3715 qnantum
1234 3652 1301 3701 liuns

222 3753 272 3791 non
292 3739 368 3791 modo
386 3744 423 3791 rut
440 3754 483 3804 per
504 3754 532 3791 sc
548 3738 733 3804 simplicissime
751 3734 879 3801 plenitudo
897 3734 978 3785 omniu
999 3732 1128 3796 realitatis,
1145 3730 1253 3795 deruptis
1270 3729 1299 3779 li·

223 3822 327 3874 milibus
343 3826 369 3873 el
389 3821 535 3883 delectibus,
555 3834 641 3871 veruna
660 3820 735 3870 etiam
756 3816 882 3868 intellectu
900 3828 946 3865 suo
961 3812 1069 3875 concipit
1086 3825 1113 3862 ee
1131 3822 1204 3875 posse
1221 3808 1301 3859 multi·

224 3904 311 3954 larium
328 3901 437 3953 externis
451 3900 604 3965 quibusdum
620 3896 798 3960 subsistentiis,
819 3894 895 3945 linitis
913 3892 1014 3957 quidem
1031 3890 1074 3941 sed
1094 3902 1197 3941 numeru
1215 3899 1298 3939 carun·

223 3985 299 4047 tibus,
318 3981 503 4046 repraerenturi.
