2892 4425
215 277 273 331 sss
548 279 788 328 unrsmrsrcsr
807 253 972 326 encratis
1064 323 1070 330 .

276 393 410 468 ceterum
428 392 631 469 quidquidde
650 393 700 453 bis
719 394 765 452 vel
789 391 856 453 aliis
873 395 977 470 siuas
1001 395 1099 454 causis
1124 396 1232 459 uude
1256 391 1310 458 sd

216 493 309 554 Mun
332 489 416 551 nulio
429 491 591 552 similitudo
608 492 666 552 hac
682 493 714 552 ln
729 509 761 552 re
774 491 926 552 transferri
941 497 1053 570 potest,
1067 508 1135 554 cum
1148 495 1179 553 iu
1194 494 1306 570 mdc,
1430 461 1431 490 ἦ

215 607 274 669 quo
293 582 417 650 edoctus
436 591 575 667 utrinque
592 589 808 667 pendentum
831 591 928 652 solum
950 591 1033 652 nulls
1052 593 1092 651 sit
1111 595 1223 668 paritas
1242 593 1306 652 ssd

213 691 305 758 etiam
325 703 442 749 summa
463 687 631 748 diversitas.
653 688 788 750 Effectus
802 691 894 766 enim,
914 690 1092 766 quicumque
1113 691 1185 764 sint,
1202 691 1236 748 iu
1255 689 1310 750 cf·

211 783 339 847 bulcus
358 793 488 864 tautum,
503 803 556 846 seu
582 787 679 864 quoad
700 787 789 864 dunt,
804 803 841 848 ss
860 790 958 848 musis
983 785 1132 864 secundis,
1153 787 1309 864 aquibus

216 885 291 946 forte
310 885 525 963 producuntur,
545 885 693 962 pendeut3¹
707 884 822 944 nuliam
842 891 940 946 autem
962 887 1154 944 uocessmiam
1180 891 1211 946 et
1236 901 1307 944 ms-
1430 941 1431 946 ,

216 987 296 1044 rime
315 985 474 1062 intimam,
496 998 573 1059 quse
596 989 732 1054 naturam
753 984 846 1058 ipsam
868 981 1036 1042 corumdem
1056 985 1205 1060 attinget,
1224 997 1300 1042 cem
1430 1013 1431 1076 j

216 1085 252 1143 iis
276 1085 486 1143 connexionem
511 1080 631 1141 habeut.
653 1080 744 1142 Cuius
770 1083 810 1140 rel
832 1080 975 1141 indicium
997 1087 1064 1158 est,
1085 1079 1166 1158 quod
1192 1081 1302 1142 nullus

216 1182 256 1241 sit
270 1180 406 1257 effectus,
417 1182 469 1258 qui
488 1179 697 1239 determinatae
711 1179 866 1240 cuiusdam
879 1195 985 1240 causas
1002 1179 1147 1240 mundae
1168 1181 1305 1239 aalma

216 1281 288 1339 tiam
308 1281 428 1339 omnino
445 1277 585 1356 postulet,
606 1279 715 1355 quique
737 1293 772 1337 ea
790 1277 920 1354 dempta,
943 1277 1046 1338 dirius
1058 1277 1163 1338 saitem
1186 1279 1308 1340 uirtute

216 1375 340 1454 produci
362 1383 498 1454 nequeat,
511 1374 552 1435 At
571 1389 641 1434 vero
660 1374 733 1434 nihil
755 1381 887 1452 respectu
905 1373 959 1434 Del
975 1377 1016 1434 lta
1035 1391 1067 1434 se
1086 1373 1186 1440 babet.
1206 1375 1306 1450 Quid-

216 1475 388 1560 quidecim
409 1473 550 1533 rastitatis
571 1479 633 1550 est,
657 1471 768 1533 fontem
790 1472 931 1532 realitatis
947 1475 1045 1532 omnis
1067 1479 1098 1532 et
1119 1473 1305 1550 principium

216 1573 337 1631 omnino
352 1570 501 1647 subaudit,
513 1586 573 1647 quo
590 1571 736 1648 detracto,
752 1587 789 1630 ne
801 1573 924 1648 cogitari
942 1570 1062 1648 quidem
1076 1568 1182 1647 potest
1197 1572 1307 1644 Quare
1430 1645 1431 1654 ἵ

216 1675 443 1730 eonscntancom
463 1666 549 1727 saido
567 1675 636 1746 est,
660 1677 694 1730 nt
716 1687 763 1730 res
787 1677 902 1738 creatae
925 1685 985 1729 non
1002 1669 1246 1749 utcumqoe„scu
1266 1672 1304 1730 in

217 1768 350 1828 realitate
378 1767 443 1844 ipsa
462 1765 505 1826 et'
519 1767 696 1843 perfectione
721 1775 844 1830 naturas
871 1785 908 1828 ex
937 1767 999 1828 lico
1018 1768 1190 1845 pendeant,
1208 1776 1303 1845 atque

217 1865 282 1926 idco
304 1865 390 1943 longe
413 1869 538 1926 arctiore
559 1867 678 1928 vinculo
702 1883 770 1928 cuni
793 1867 875 1944 uec,
893 1883 982 1945 quam
1004 1883 1073 1928 cum
1091 1867 1158 1928 aliis
1175 1868 1302 1943 quibus·

188 2008 192 2019 .
217 1983 274 2044 que
293 1969 390 2027 causis
409 1971 638 2046 coniungantur.
656 1969 734 2028 iiiuc
747 1972 855 2030 mirum
868 1984 931 2030 esse
953 1984 1013 2029 nou
1029 1967 1127 2045 debet,
1149 1970 1175 2027 sl
1194 1983 1302 2044 supre-

219 2083 284 2127 mae
304 2065 383 2127 illius
402 2083 509 2128 causae
527 2067 615 2145 longe
635 2070 778 2144 potiorum
800 2067 945 2128 indorum
967 2066 1023 2128 sibi
1043 2063 1203 2143 implicent.
1220 2067 1303 2128 fflne

217 2165 486 2244 quemadmodum,
508 2172 640 2227 cassamc
660 2169 775 2227 actions
795 2181 901 2227 censae
920 2165 1066 2227 soeundae
1086 2181 1148 2226 rem
1168 2165 1301 2242 aliquam

218 2260 427 2341 producentis,
453 2264 541 2325 buius
561 2264 679 2325 effectio
698 2266 920 2343 interrumpitur
939 2273 969 2326 et
987 2266 1083 2341 sistit;
1103 2268 1147 2325 sic
1166 2270 1301 2327 centnm

218 2360 333 2424 influxu
353 2365 466 2439 primae
485 2379 603 2440 causae,
621 2363 740 2425 resilias
762 2366 825 2441 ipsa
842 2371 1042 2425 creaturarum
1065 2366 1176 2427 interit.

154 2535 156 2538 Ι
278 2461 421 2537 Exempla
442 2477 523 2538 vero,
543 2478 620 2540 quae
640 2460 819 2539 subduntur,
839 2462 876 2523 ad
901 2476 961 2521 rem
990 2460 1068 2521 hane
1088 2450 1298 2523 debilitandam
1428 2450 1431 2465 ⁴

220 2560 340 2619 minime
360 2558 470 2619 volent.
487 2557 563 2619 Nam
583 2576 689 2636 eorpus
705 2562 737 2618 iu
756 2566 837 2619 motu
853 2561 992 2636 positum,
1004 2574 1124 2619 causam
1147 2574 1223 2635 quae
1251 2574 1313 2634 po.

218 2660 369 2718 steriorem
384 2665 495 2717 motum
511 2660 624 2737 gignat,
639 2674 742 2719 revera
756 2662 899 2735 continet,
913 2659 1052 2717 nimirum
1066 2660 1127 2716 vim
1147 2658 1299 2717 medicem
1367 2663 1371 2671 '

219 2773 310 2831 quarn
333 2758 390 2833 ipsi
414 2740 511 2816 motor
533 2772 587 2818 sno
609 2758 841 2818 communicavit
866 2756 1006 2833 impulsu.
1037 2754 1097 2815 Nec
1120 2762 1153 2815 ut
1176 2756 1230 2815 iila
1250 2759 1300 2815 sis

219 2856 347 2913 inmoto
367 2868 489 2930 corpore
507 2859 637 2932 maneat,
659 2858 721 2932 iugi
742 2854 917 2930 impellentis
938 2853 1052 2913 influxu
1073 2868 1146 2929 opus
1163 2860 1219 2912 est.
1241 2852 1300 2929 Op·

219 2950 288 3025 pido
305 2952 383 3009 enim
400 2951 451 3009 ilia
464 2958 599 3011 servatur
610 2967 664 3028 ope
683 2952 815 3013 influxus
830 2952 936 3029 divini,
951 2966 987 3013 ex
1002 2966 1062 3029 quo
1085 2950 1202 3011 resilias
1214 2968 1301 3028 quac·

219 3063 276 3123 quc
297 3048 414 3123 pendet.
433 3047 549 3107 Artifex
563 3065 633 3108 vero
651 3065 718 3109 cum
739 3066 814 3128 opus
833 3049 953 3126 aliquod
968 3052 1089 3125 exuuit,
1108 3048 1222 3109 viribus
1243 3054 1301 3109 uti·

219 3152 267 3206 tur
285 3161 361 3222 quaa
381 3148 411 3204 in
427 3146 561 3221 materia,
581 3147 611 3204 in
627 3162 687 3223 quo
699 3154 848 3226 operatur,
863 3150 921 3207 iarn
943 3152 1010 3207 ante
1030 3128 1157 3224 inerunt,
1169 3162 1300 3223 quaeque
1430 3204 1431 3233 ,

157 3292 160 3298 ,
219 3244 245 3301 si
266 3250 460 3318 congruenter
480 3244 555 3302 inter
575 3241 612 3303 'se
633 3252 843 3321 temperentur,
864 3247 924 3305 viru
943 3248 1168 3305 consentaneam
1192 3242 1301 3304 bsbeut

220 3338 257 3396 ad
279 3338 404 3397 formam
426 3338 507 3399 illam
524 3348 553 3401 et
567 3358 677 3402 nexum
691 3344 820 3419 partium
838 3342 869 3401 in
885 3340 1015 3402 subiecto
1033 3339 1230 3416 retinendum,
1249 3344 1298 3416 qui

219 3435 307 3495 semel
325 3435 574 3500 inductorium
594 3448 691 3518 partes
705 3442 768 3515 eius
783 3441 881 3499 variae
901 3442 943 3500 ita
962 3444 1101 3515 aptantur
1118 3440 1194 3497 inter
1211 3453 1255 3513 se,
1269 3445 1301 3497 ut

157 3598 162 3610 ,
211 3537 333 3596 ratione
355 3539 522 3615 gravitatis,
543 3538 710 3615 affinitatis,
728 3538 922 3613 elusticitatis,
940 3544 1158 3612 ceterorumque
1180 3536 1300 3613 sirium,

219 3634 327 3710 quibus
339 3638 462 3697 materia
476 3636 585 3697 donata
598 3644 653 3712 est,
668 3636 870 3695 cohaerescere
890 3636 1016 3711 possint,
1031 3642 1062 3695 et
1082 3632 1235 3693 inductum
1255 3650 1301 3693 or·

132 3767 136 3774 -
220 3732 317 3791 dincrn
342 3748 408 3792 cunr
437 3734 596 3795 stabilitate
616 3750 746 3794 serrare.
769 3734 835 3794 Non
864 3736 954 3811 igitur
973 3734 1085 3793 mirum
1101 3736 1159 3807 est,
1180 3732 1205 3790 sl
1229 3747 1300 3807 opus

220 3831 357 3908 deinceps
381 3834 503 3893 artificis
532 3849 604 3893 cura
629 3850 690 3893 noo
714 3841 808 3909 egeat.
837 3832 1036 3894 Nihilominus
1065 3832 1092 3890 is
1121 3828 1299 3889 elaboratum
1430 3888 1431 3901 ,

216 3944 294 4004 ,opus
314 3947 487 3999 conservare
511 3946 570 3991 uon
589 3930 714 4008 dicitur,
742 3934 797 3991 nisi
821 3932 950 4009 aliquam
979 3946 1049 4005 erga
1076 3932 1175 4005 ipsum
1198 3926 1301 3987 deinde
