2892 4425
576 382 653 427 runs
677 381 795 426 sume
1183 375 1221 425 rt

206 496 327 558 iieruum
347 502 410 556 iuna
428 493 572 555 certitudo
594 501 658 552 tum
678 492 825 551 evidentia
847 494 878 551 in
894 489 1100 553 &medietate
1115 497 1223 553 eirene

9 616 15 627 ·
145 592 261 658 dicium
286 594 378 654 dividi
401 597 507 669 potaet.
533 590 706 651 immediate
732 595 812 650 certa
836 596 866 650 et
887 590 1034 653 evidentia
1047 590 1219 666 'dicuntum

146 710 219 771 qnae
243 696 342 752 animo
365 694 427 750 sine
445 690 704 763 demonstratione,
724 690 825 747 stetim
845 704 881 747 ae
898 696 1113 766 proponuntur,
1132 704 1222 765 appa·

146 797 220 851 rent.
240 790 414 851 Huiusmodi
440 795 510 849 sunt
530 794 593 846 tum
616 802 744 863 eaquae
766 788 1011 863 conscientiaque
1031 804 1063 847 se
1085 794 1220 863 mutor,

145 895 179 949 ut
199 892 306 967 nocito,
329 891 435 961 emoto,
460 884 560 945 dolore
579 882 703 960 officior,
721 884 826 959 hisque
842 884 971 960 simiiia;
986 892 1137 961 tumquee
1151 902 1222 945 sen·

146 1004 197 1047 sus
211 987 353 1059 scierunt,
372 992 406 1044 ut
426 998 550 1061 corpora
565 987 634 1041 stret
652 984 772 1058 provio,
793 979 858 1041 diet
875 986 930 1056 ere,
950 982 1048 1041 eidm
1065 982 1223 1057 acteone

146 1090 210 1143 tum
229 1082 353 1158 denique
371 1098 447 1158 quac
461 1080 678 1155 complectimur
698 1080 902 1156 inunigenito,
919 1084 1068 1157 numquit
1084 1079 1164 1140 idem
1182 1082 1224 1139 ri·

149 1178 214 1240 mul
231 1198 290 1240 esee
303 1186 337 1271 ,εἰ
359 1196 419 1239 non
439 1196 519 1253 esse‚·
539 1194 614 1256 quoe
628 1181 698 1237 runi
718 1176 820 1239 eudem
840 1180 895 1239 imi
920 1180 1018 1253 mio,
1038 1182 1109 1238 semi
1123 1174 1225 1237 eudem

148 1282 227 1338 inter
243 1296 292 1354 se;
315 1285 465 1354 ceuraque
485 1279 590 1354 prime,
611 1282 756 1353 quotquot
771 1282 904 1353 exstant,
921 1277 1074 1352 principia.
1098 1274 1226 1335 Mediate

150 1384 247 1437 autem
269 1384 380 1436 certum
402 1377 449 1435 uei
472 1375 590 1435 evidens
611 1375 724 1435 dicetur
744 1375 799 1450 id,
817 1379 902 1436 cuius
921 1376 1030 1434 ueritus
1052 1389 1112 1434 uon
1136 1372 1224 1433 simui

150 1482 235 1552 atquc
254 1478 352 1535 auimo
369 1474 524 1534 obiiciatur
544 1480 634 1551 patet,
660 1474 711 1533 scd
736 1475 959 1534 estimatione
982 1474 1105 1550 indiget,
1128 1472 1228 1531 deiect-

72 1624 75 1631 ,
148 1590 206 1649 qne
226 1590 262 1633 ex
276 1573 393 1633 aiiunde
408 1576 484 1631 notis
502 1573 706 1631 demonstrari.
724 1572 900 1632 Huiusmodi
913 1579 984 1633 eunt
999 1572 1054 1632 irue
1070 1574 1226 1631 ueritates:

149 1674 267 1731 unimur
289 1671 435 1731 humanus
457 1674 503 1730 est
527 1670 720 1746 immortalis,
748 1670 825 1731 Deus
845 1672 952 1731 existit
972 1671 1104 1747 uitaeque
1121 1685 1227 1747 qoam

150 1771 248 1845 piures
265 1786 338 1847 quas
361 1768 560 1828 ratiocinando
580 1771 795 1845 consequimur.

210 1876 259 1927 ai.
286 1869 411 1941 Quaeret
435 1867 559 1926 iortassc
586 1868 733 1943 quispiam
757 1874 859 1927 utrum
885 1867 1030 1927 eerdtndo
1055 1882 1116 1929 una
1143 1866 1227 1927 atteri

151 1971 289 2042 praestet,
309 1980 347 2024 au
367 1966 467 2024 omnia
483 1963 595 2023 obiecta
609 1970 638 2024 et
649 1964 760 2025 iudicia
777 1964 878 2025 eodem
898 1965 1045 2026 iirmiiatis
1062 1964 1156 2043 preda
1178 1978 1229 2041 po·

149 2065 271 2123 tientur.
287 2064 353 2136 Qua
366 2066 396 2121 in
412 2078 443 2121 re
460 2064 666 2123 existimarunt
681 2063 827 2138 nonnulii,
840 2064 1023 2123 certitudines
1038 2063 1148 2123 nntium
1166 2078 1230 2123 ecee

152 2162 314 2222 absolutam
332 2166 362 2221 et
380 2162 526 2221 internam
540 2160 753 2237 diversitatem,
772 2161 824 2221 sed
844 2162 998 2221 reintirem
1016 2161 1172 2222 dnmuxut
1189 2158 1228 2223 ed

152 2259 350 2318 educationem
368 2267 398 2318 et
417 2263 550 2336 peritiam
569 2239 710 2318 mentium
732 2259 933 2334 diversarum
957 2262 1000 2318 ita
1019 2265 1054 2319 ut
1067 2258 1230 2336 ueqaeiitus

153 2372 201 2414 ex.
218 2373 262 2432 gr.
278 2356 412 2432 quadrati
434 2357 636 2433 hypotenusae
653 2373 720 2417 curn
746 2357 900 2432 quadratis
921 2357 1103 2417 mueoorom
1123 2362 1230 2418 certior

154 2455 185 2511 in
205 2469 237 2512 se
256 2467 315 2511 uon
338 2455 398 2527 sit,
421 2468 509 2527 quarn
531 2452 662 2512 Caesaris
682 2457 712 2511 in
738 2453 838 2512 Galios
863 2455 1006 2528 victoriu3
1030 2454 1083 2513 sed
1101 2457 1232 2530 primurn

154 2556 330 2628 geometrae,
351 2549 475 2608 aiterum
496 2548 644 2625 phiioiogo
657 2549 770 2609 tirmins
788 2549 940 2609 dabutur.
958 2551 1066 2610 verum
1084 2551 1157 2610 haee
1179 2553 1232 2611 mi·

154 2647 270 2708 nuendu
289 2647 388 2722 opinio
401 2653 455 2706 est.
474 2646 537 2708 Etsi
555 2647 632 2706 enim
654 2645 733 2708 eidci
752 2647 928 2724 quandoque
943 2650 1038 2725 possit
1055 2655 1091 2708 ut
1108 2665 1162 2725 pce
1173 2648 1232 2710 dis·

152 2747 298 2822 positione
324 2746 489 2804 animorum
521 2751 551 2804 et
575 2748 682 2807 mentis
709 2749 850 2806 exercitio
868 2747 1012 2807 certitudo
1037 2747 1232 2808 diversimode

113 2847 118 2860 '
152 2825 380 2920 attemperetur‚
399 2845 500 2920 neguri
518 2849 615 2904 tamen
636 2848 738 2922 ncqoit
755 2848 827 2922 quin
843 2846 1001 2906 diversitas
1024 2845 1124 2923 aiiqna
1146 2845 1232 2906 ateo-

153 2940 215 3001 iuta
232 2941 414 3002 certitudinis
434 2958 472 3000 ex
494 2944 557 3018 ipsa
580 2942 760 3004 obiectorum
779 2950 884 3004 nutura
903 2952 933 3003 et
949 2944 1097 3006 essentiali
1122 2943 1232 3004 intedit-

155 3043 317 3114 gentiurum
339 3041 479 3100 varietate
499 3039 678 3102 desumenda
699 3043 748 3101 sit.
772 3041 821 3102 Sic
843 3059 952 3119 nemo,
974 3045 1030 3102 nisi
1048 3059 1168 3119 prorsus
1185 3045 1231 3102 iu·

155 3140 285 3212 orente,
303 3155 334 3197 se
352 3139 482 3198 eamdem
499 3155 535 3198 ec
550 3139 628 3200 Deos
647 3140 736 3200 habet
753 3157 849 3200 mrum
867 3141 1069 3202 certitudinem
1083 3141 1233 3218 possidere

155 3234 337 3311 opinabitur3
357 3236 437 3311 qnod
454 3237 507 3296 etsi
528 3237 726 3314 imprudenter
740 3238 903 3299 Geuuensis
920 3242 951 3298 in
965 3239 1169 3318 Metaphysicu
1185 3257 1233 3301 as·

157 3331 298 3404 seruerit,
322 3347 391 3390 mox
412 3340 508 3392 tamen
527 3335 559 3392 in
576 3335 684 3410 Logice
702 3339 872 3396 rcueetevtt
891 3339 912 3394 ¹.
932 3337 979 3396 Sic
1002 3341 1091 3398 ettam
1108 3353 1162 3396 nos
1182 3337 1233 3397 iir-

156 3426 276 3484 miorem
295 3441 444 3488 assensum
466 3433 581 3490 veritati
600 3432 800 3508 metaphysice
816 3433 1120 3511 condecantemus,
1142 3452 1233 3512 quoru

156 3525 194 3582 iis
212 3539 287 3600 quae
308 3525 430 3601 physica
449 3535 563 3589 tunium
587 3536 639 3590 ent
660 3532 763 3592 moraii
785 3533 958 3593 certitudine
977 3541 1131 3594 ornantur.

217 3619 251 3678 id
270 3627 369 3678 tamen
388 3639 423 3681 ne
441 3625 585 3702 inteiligas
603 3628 641 3686 de
658 3628 829 3688 exclusione
848 3629 942 3706 dubii,
961 3641 1048 3708 quae,
1064 3649 1133 3692 cum
1155 3633 1233 3694 indie

153 3719 245 3779 uidua
270 3721 309 3778 sit
332 3725 362 3778 et
381 3721 412 3779 iu
435 3739 516 3782 mern
534 3728 687 3802 negatione
704 3729 820 3804 posita,
846 3729 955 3806 gradus
974 3745 1033 3790 nou
1051 3730 1160 3807 huben
1182 3710 1256 3791 eed'

156 3816 279 3894 iuteiiigi
299 3816 385 3878 debet
408 3818 445 3878 de
462 3825 587 3896 positiva
604 3825 781 3899 perfectione
794 3833 881 3888 auus
898 3826 1083 3890 udhmtu
1099 3829 1233 3905 obiectu,

217 4037 225 4078 i
241 4032 313 4080 Artis
330 4033 491 4095 nexuerit.
506 4032 522 4082 Ι.
537 4040 560 4095 t,
573 4047 595 4082 e.
614 4041 635 4096 i,
649 4034 674 4098 §-
689 4043 725 4088 ia.
