2892 4425
256 358 313 410 126
727 365 859 410 dodim

258 479 400 535 «mentre
419 474 478 550 egli
503 473 553 534 sei
577 474 699 534 daduire
723 476 789 545 cle
812 490 879 534 cose
901 473 955 534 che
980 477 1006 534 si
1028 474 1119 535 fauno
1146 477 1329 541 immediata-

258 597 271 626 «
287 579 385 632 mente
398 573 489 648 paleri
502 575 530 632 ai
545 587 632 632 sense
644 574 794 648 seueriore,
810 589 892 632 come
909 573 931 632 il
945 573 1042 648 caldo,
1062 574 1082 632 ii
1097 572 1210 652 froddo,
1226 576 1244 634 i’
1255 579 1332 636 umi-

148 745 157 754 ·
257 695 271 724 «
286 670 342 747 do,
361 671 382 728 ii
396 687 496 747 secco,
512 673 587 748 egli
606 671 702 730 aiictti
722 671 790 730 deii'
802 675 901 730 animo
920 679 1038 746 nostro,
1057 671 1111 731 che
1130 680 1207 734 sotto
1227 673 1331 750 t'espe·

257 771 520 829 adonaisama
544 773 571 828 ci
596 769 731 846 muno,
755 785 837 828 come
859 770 931 828 Pira
950 786 969 828 o
987 771 1007 830 ii
1028 770 1143 846 dolore3
1168 770 1244 830 aimo
1269 789 1329 832 nou

228 851 234 858 ’
257 891 270 916 ι
287 866 316 926 ie
334 867 389 927 che
408 871 560 944 spiegame
573 869 582 924 i
596 867 659 947 iore
677 867 771 927 circui
789 884 806 928 e
824 867 851 926 ie
869 867 912 927 ior
933 869 1069 944 cagieni3
1088 869 1126 926 ne
1143 871 1184 944 gii
1206 868 1253 928 die
1266 887 1329 930 mc·

257 988 271 1016 ι
288 965 372 1025 iestia
386 967 418 1024 iu
433 967 479 1026 eid
494 966 515 1025 it
535 965 621 1024 vader
639 967 733 1032 talora
754 982 848 1024 essere
866 967 877 1024 i
897 965 1030 1026 vocabuli
1050 965 1126 1026 detta
1144 966 1327 1044 dessnizione,

257 1088 270 1113 ι
286 1064 342 1124 che
354 1063 413 1141 egli
433 1071 605 1141 apportatur,
624 1064 675 1140 piri
692 1067 790 1124 oscuri
807 1064 862 1125 che
880 1065 901 1124 il
921 1063 1052 1124 definito.
1076 1065 1248 1124 Perciocche
1268 1074 1328 1124 uon

257 1187 271 1214 ι
286 1166 378 1222 intere
397 1163 428 1222 di
448 1164 567 1222 rendere
583 1163 660 1222 cotia
681 1162 853 1250 (letinizioue
871 1163 892 1221 it
912 1162 1032 1240 delinito
1052 1160 1102 1238 piu
1121 1162 1246 1240 chiam,
1280 1181 1330 1224 ma

256 1285 270 1310 ι
287 1260 479 1340 d'aggiunger
498 1261 623 1339 qualche
642 1279 741 1322 nuova
758 1269 893 1320 contezza
910 1261 988 1320 deila
1011 1245 1116 1326 natura
1135 1261 1166 1320 di
1187 1261 1230 1322 iui
1246 1263 1267 1320 ¹.
1293 1287 1306 1314 υ

602 1536 741 1626 csrur
764 1556 974 1641 cusaruu
1053 1567 1057 1574 ·

544 1747 590 1794 DE
610 1748 821 1795 tralatus
844 1749 1037 1798 calceato.

312 1947 419 2009 Tribus
432 1949 564 2010 articulis
583 1949 620 2008 de
633 1949 690 2010 hac
704 1967 736 2010 re
749 1951 934 2010 disseremus.
956 1949 1099 2025 Primum,
1118 1951 1148 2010 iu
1162 1966 1220 2026 quo
1238 1953 1329 2014 situm

251 2063 315 2108 esse
338 2054 474 2123 putemus
496 2049 631 2125 generale
651 2052 713 2108 veri
738 2052 907 2124 criterium3
934 2047 1060 2124 dende,
1085 2049 1155 2132 quid
1180 2048 1217 2106 de
1238 2065 1329 2110 sensu

251 2153 375 2210 naturae
391 2150 559 2224 communi3
581 2151 678 2225 tertio,
700 2148 823 2226 quidde
842 2149 987 2225 scepticis,
1007 2150 1058 2225 qui
1074 2163 1159 2207 omne
1174 2149 1327 2208 criterium

249 2246 407 2325 denegant,
426 2247 611 2307 sentiendum
630 2250 670 2309 su
688 2247 913 2325 disputabimus.

675 2443 858 2505 Aarrcuaus
878 2442 903 2503 Ι.

551 2644 707 2721 Quodnam
727 2645 768 2705 sit
785 2648 937 2705 criterium
958 2644 1035 2705 ver-i.

304 2844 360 2895 ui.
383 2838 517 2913 Κριτήριον
539 2852 663 2912 graece,
686 2836 776 2895 iatine
798 2836 874 2896 idem
897 2843 942 2897 est
966 2852 1000 2895 ac
1022 2834 1250 2908 iudicatortum,
1275 2850 1328 2895 scu

250 2937 282 2995 id
302 2937 333 2993 vi
348 2938 442 2995 cuius
465 2933 611 3010 profertur
632 2934 786 2994 iudicium.
811 2936 907 3009 Quare
926 2952 944 2993 a
966 2934 1145 3010 philosophis
1166 2940 1326 3009 usurpatur

250 3034 290 3092 ad
307 3033 530 3109 significandam
551 3032 682 3108 regulam
701 3038 731 3091 et
747 3032 969 3093 fundamentum
992 3039 1067 3093 recta
1086 3032 1250 3108 iudicandi,
1272 3048 1327 3091 seu

251 3124 394 3193 rationem
416 3132 498 3191 itiam
521 3146 579 3205 qua
599 3146 701 3191 verum
723 3148 741 3189 a
761 3131 835 3191 falsu
856 3132 1058 3191 discernimus.
1081 3132 1146 3191 Huc
1164 3131 1226 3189 iere
1253 3132 1326 3188 reci·

250 3230 325 3289 dunt
343 3244 445 3287 omnes
465 3228 668 3306 definitiones,
691 3230 798 3307 quibus
821 3233 884 3289 veri
906 3231 1055 3289 criterium
1076 3232 1116 3289 ita
1138 3227 1324 3303 describitur,

250 3334 285 3387 ut
307 3342 370 3385 esse
390 3326 506 3387 dicatur
522 3334 574 3387 aut
595 3328 735 3389 iudicium
756 3338 785 3389 et
805 3314 912 3389 tessera
934 3330 1076 3403 veritatis,
1101 3334 1153 3386 aut
1174 3332 1244 3386 nota
1264 3329 1327 3384 veri

231 3434 277 3512 xct
295 3426 385 3500 falsi,
404 3433 456 3487 aut
478 3430 553 3486 ratio
577 3428 748 3506 sufficiens,
772 3445 830 3505 qua
852 3428 1030 3503 intelligatur
1051 3442 1104 3486 cur
1125 3426 1326 3503 praedicatum

249 3524 380 3584 subiecta
400 3525 586 3585 tribuendum
604 3530 644 3587 sit
664 3528 710 3587 vei
730 3527 766 3589 ab
786 3543 820 3587 eo
843 3526 1062 3585 removendum.

310 3624 453 3695 Quamuis
475 3625 642 3702 philosophi
665 3629 717 3686 vix
740 3629 769 3684 in
793 3626 908 3685 criteric
928 3626 1059 3684 veritatis
1082 3622 1245 3683 definiendo
1264 3618 1327 3681 dis·

249 3731 390 3799 crepeut3
414 3725 556 3786 dissident
579 3733 676 3801 tamen
704 3740 911 3800 conpetunt,
935 3739 1004 3783 cum
1031 3723 1190 3781 decernunt
1208 3723 1238 3780 iu
1265 3719 1342 3797 quo'

251 3822 368 3883 tandem
392 3833 547 3901 reponatur
575 3831 607 3885 et
624 3824 782 3902 quotuplex
806 3824 854 3883 sit.
880 3822 978 3898 Nam,
1002 3822 1089 3881 atde
1114 3819 1260 3879 veteribus
1286 3822 1326 3876 si·
1418 3832 1428 3843 ·

310 4042 385 4093 ilict
400 4043 629 4105 accessam.
669 4080 672 4089 .
