2892 4425
467 373 544 417 raas
565 372 668 417 carru
688 388 700 403 -
721 346 921 418 cocnotnnrr
1193 370 1230 424 ts

146 485 304 544 ucctuauo
336 484 471 559 ruperim
488 483 578 543 allata
600 483 727 542 reiiurra
751 490 807 543 est.
835 484 915 543 iillrll
941 485 1019 543 cuim
1044 486 1229 563 eruerunt,

146 600 239 660 quarn
256 582 440 642 characteres
453 584 555 642 muudi
577 599 644 642 cum
659 582 880 643 characteribus
895 584 946 643 liei
969 584 1057 645 simul
1072 602 1130 645 nou
1143 582 1228 663 po'sss

147 679 408 740 montemultra
430 682 509 738 enim
530 686 690 756 utcumque
715 682 840 739 invicem
868 688 1016 758 puguant3
1040 683 1090 742 sed
1114 685 1155 742 lta
1176 700 1228 760 pu·

148 784 255 856 guent,
286 784 322 837 ut
343 794 375 837 se
400 779 528 837 vicissim
552 780 697 853 periment
715 786 745 839 et
772 780 847 839 alter
872 780 992 839 alterins
1022 779 1077 839 sllri
1101 782 1229 857 implicat

147 879 347 954 negationem.
368 875 418 935 Sic
440 873 556 935 linitum
578 892 626 935 cx,
656 892 702 954 gr.
721 876 829 936 limites
847 879 987 953 exquirit,
1013 894 1087 955 qnos
1115 882 1227 955 respuit

148 974 317 1051 inlinitum
335 972 473 1049 mumblie
494 974 573 1037 vices
593 974 683 1049 subit,
698 990 773 1049 quas
796 975 888 1035 rellclt
907 975 1100 1049 immutabile3
1115 978 1227 1035 contiu-

148 1086 222 1148 gms
248 1073 422 1130 necessitate
440 1078 542 1146 corat,
562 1074 756 1131 necesarium
783 1073 1001 1148 confingentis,
1023 1072 1144 1148 simplex
1163 1088 1227 1148 par·

149 1175 196 1227 tes
215 1168 357 1242 excludit,
378 1184 452 1244 quas
471 1172 667 1243 compositum
687 1169 744 1227 sibl
769 1166 910 1228 uindicat.

210 1265 305 1325 Oblic.
322 1266 375 1324 tv.
395 1266 434 1324 lll
449 1266 633 1327 characteres
653 1269 683 1325 lu
705 1272 819 1326 tantum
835 1272 999 1344 repugnant
1018 1266 1111 1326 eidem
1132 1266 1227 1328 suble·

151 1371 212 1439 cto,
230 1368 260 1421 tu
273 1370 420 1441 quantum
436 1371 594 1424 sumuntur
609 1363 665 1424 sula
684 1364 786 1423 eodem
804 1370 946 1441 respectu.
962 1364 1024 1425 lloc
1045 1370 1141 1429 nutem
1156 1380 1227 1441 pan·
1351 1362 1365 1381 “

151 1462 275 1522 theletos
295 1476 354 1521 uon
375 1461 498 1521 lecinut.

210 1560 302 1635 llesp,
315 1558 392 1637 Nep.
405 1562 480 1633 mio.
493 1559 569 1619 Nam
580 1563 635 1620 nisi
648 1562 840 1647 qulsomuem
854 1562 991 1637 repellere
1003 1561 1226 1640 intelligentiam

151 1658 242 1733 rellt,
263 1657 391 1717 fateatur
404 1662 519 1732 oportet
540 1658 709 1734 adspectum
729 1666 759 1718 ei
774 1660 1057 1737 mnstdermtonem,
1078 1676 1138 1738 qua
1157 1676 1226 1721 con·

150 1758 242 1815 traria
257 1756 309 1815 illa
325 1755 514 1832 copulantur,
531 1756 610 1815 nulla
629 1770 750 1831 pronus
768 1759 881 1816 ratione
897 1757 1027 1817 dillerrc.
1046 1758 1121 1819 Nam
1137 1758 1232 1835 neus,

151 1861 185 1913 ut
203 1853 287 1929 dlxi,
313 1868 372 1911 nou
402 1853 501 1913 solnm
516 1853 623 1929 -quosd
643 1856 689 1913 sui
709 1854 918 1931 substentlaru,
939 1855 991 1914 sed
1006 1856 1101 1932 quoad
1125 1856 1229 1918 modos

132 1954 251 2029 utiam,
272 1954 324 2029 qul
354 1953 411 2027 ipsi
433 1950 616 2027 uibunutnr,
634 1954 834 2011 necoedtatem
852 1954 1000 2028 postulat3
1021 1954 1146 2014 mundus
1160 1970 1228 2015 con·

150 2056 197 2110 tra
219 2053 249 2110 lu
273 2052 429 2109 existentia
451 2055 483 2108 et
505 2049 601 2109 modis
620 2048 739 2109 exhibet
760 2052 1000 2125 contingentiam.
1025 2050 1103 2109 Deua
1123 2052 1228 2125 quavis
1278 2038 1282 2047 ’

149 2164 185 2207 ex
205 2155 288 2226 parte
308 2151 339 2207 ln
359 2150 407 2224 lis,
429 2147 537 2226 qulbus
551 2146 692 2225 afficitur,
707 2149 816 2207 variari
837 2148 948 2222 nequit,
972 2146 1023 2205 sed
1048 2144 1228 2222 semper'est

149 2248 243 2323 idem
266 2254 296 2306 at
311 2247 438 2306 muudus
456 2249 486 2306 iu
509 2246 566 2305 hoc
587 2249 650 2321 ipso
671 2247 758 2322 longe
775 2247 858 2306 aliter
872 2261 904 2304 se
919 2244 1026 2305 habere
1047 2244 1243 2330 manifestat,

149 2361 217 2405 cum
242 2348 272 2402 in
287 2347 348 2402 suls
368 2343 632 2403 modificationibus
651 2348 845 2402 commutetur
862 2343 987 2401 assidue.
1003 2341 1080 2400 Deus
1097 2342 1126 2398 lu
1146 2344 1227 2402 omni

149 2443 304 2515 realitate,
329 2457 388 2516 qua
407 2447 542 2516 constat,
567 2441 641 2500 uitii
667 2440 776 2516 duplex
799 2445 851 2500 aut
874 2444 1109 2516 coagmentatum
1132 2440 1225 2498 luclu-
1272 2423 1277 2430 ’

148 2539 211 2614 dit,
230 2553 285 2596 uec
305 2544 401 2613 partes
419 2537 522 2614 habat,
546 2539 575 2596 iu
597 2553 671 2613 quas
688 2536 811 2612 discerpi
834 2538 944 2614 possit3
968 2534 1095 2594 muudus
1114 2537 1143 2593 iu
1165 2533 1226 2593 ree'·

143 2638 232 2697 litate
253 2636 381 2694 vicissim
401 2622 516 2694 nonnisi
537 2637 717 2710 expertium
731 2635 936 2694 distinctarum
956 2634 1161 2710 aggregatione
1183 2651 1226 2691 re·

145 2735 247 2794 sultat.
275 2733 353 2793 licus
379 2734 608 2809 inperfectione
631 2735 759 2810 quavis,
777 2747 853 2809 quae
872 2733 927 2807 ipsi
948 2734 1041 2791 inesse
1067 2733 1224 2808 cogitatur,

148 2834 255 2892 limites
277 2830 393 2909 abiicit,
418 2832 546 2891 mundus
566 2831 662 2908 quoad
684 2833 806 2905 cronia,
828 2845 917 2906 quae·
931 2829 1147 2904 complectitur,
1169 2834 1226 2886 tor·

149 2933 289 2989 minatur·
315 2931 413 3006 Atque
430 2931 473 2990 lta
490 2931 521 2988 lu
535 2934 660 3006 ceteris,
678 2944 757 3006 quas
777 2929 914 3004 utrinque
931 2927 1081 3002 existunt,
1104 2926 1227 3002 prolerri

45 3055 51 3062 .
102 3051 107 3060 ,
148 3033 246 3102 posset
268 3027 445 3086 anutheton.
476 3027 665 3102 menum
688 3032 734 3087 est
755 3028 844 3103 igitur
873 3039 1001 3102 pugnam
1028 3023 1104 3082 hanc
1128 3039 1226 3083 veram

149 3139 212 3183 case
232 3113 262 3184 et
286 3126 468 3198 maximam,
490 3137 545 3182 uec
571 3111 693 3200 prolude
715 3139 800 3200 posse
828 3123 912 3182 aliter
933 3120 1148 3198 panthalsmum
1176 3120 1226 3180 ad·

148 3224 246 3297 mitti,
268 3223 326 3280 ulsl
348 3221 583 3280 contradicentes
609 3221 708 3296 meae,
730 3234 805 3297 quae
826 3235 858 3280 se
883 3225 983 3279 mutuo
1005 3221 1166 3294 perimunt,
1197 3222 1227 3276 in

149 3335 210 3377 reru
241 3318 374 3378 eamdem
405 3318 611 3393 conferantur,
635 3325 665 3378 et
692 3319 781 3394 (quod
806 3331 984 3393 concoquens
1001 3317 1054 3391 est)
1077 3317 1133 3374 uisi
1150 3315 1227 3376 Deus

147 3419 332 3492 concipiatur
359 3423 393 3476 ut
409 3415 489 3476 Deus
510 3423 541 3475 et
561 3431 620 3475 nou
638 3415 729 3491 Dens,
752 3415 878 3475 muudus
907 3421 940 3476 ut
960 3413 1086 3474 muudus
1114 3419 1142 3472 et
1169 3430 1226 3472 nou

148 3515 287 3574 mundus.
316 3514 547 3591 Uterque-cuim
569 3531 604 3574 ea
631 3517 776 3574 sententia
800 3511 1000 3589 pugnantibus
1020 3512 1077 3571 iliis
1097 3511 1227 3571 sublace-

148 3619 192 3671 ret
211 3613 378 3672 attributis:
394 3619 483 3688 atquc
504 3599 569 3672 ideo
591 3615 667 3672 sicut
692 3628 851 3687 perunum
866 3625 975 3686 genus,
991 3609 1069 3685 quod
1087 3609 1141 3666 sibi
1161 3625 1229 3666 con·

147 3715 246 3787 sonat,
263 3711 504 3785 constitueretur,
519 3713 560 3768 ita
580 3725 633 3786 per
652 3709 746 3784 aliud,
767 3707 844 3784 quod
865 3711 999 3783 superius
1020 3721 1113 3784 genus
1127 3708 1157 3764 ln
1179 3721 1227 3765 su-

146 3805 242 3868 biecto
262 3807 364 3868 eodem
387 3814 486 3885 cegat,
508 3806 715 3866 destrueretur.
769 3813 774 3824 ·
1263 3879 1264 3884 ¹

207 3905 292 3966 Adde
317 3905 365 3965 hls
385 3905 512 3965 absurda
535 3912 631 3964 cetera
650 3921 726 3981 quae
746 3921 781 3963 ox
805 3911 971 3962 commento
996 3900 1137 3960 eiusmodi
1160 3915 1227 3958 con·

145 4009 331 4080 locuuntur,
355 4020 494 4080 qnorum,
516 4019 553 4063 ne
577 4001 691 4080 longior
713 4004 782 4078 sim,
808 4001 949 4060 nonnulla
968 4005 1082 4060 tautum
1101 4011 1227 4058 summa·
