2892 4425
252 383 309 434 208
580 384 822 431 untedium
842 381 1003 432 §mulam

250 504 281 558 et
298 495 457 558 mauliesta'
475 511 522 556 res
541 501 597 555 cst.
615 495 695 556 Deus
719 497 798 556 euim
821 501 954 555 matur
976 499 1100 555 namma
1122 501 1179 572 est,
1201 511 1261 556 nou
1281 498 1333 558 da·

250 593 385 671 molitor,
402 608 506 669 resque
520 592 664 669 singulas,
682 599 770 668 prout
789 592 957 652 earumdem
973 590 1102 652 conditio
1119 591 1188 669 lari,
1206 593 1334 654 admini-

251 697 327 751 atrat
344 697 374 750 et
389 692 474 767 regit.
496 690 605 766 Quare,
626 705 693 750 oum
714 692 830 749 enimus
851 691 1028 766 principium
1049 690 1080 747 iu
1101 705 1133 748 ae
1149 689 1264 750 nulium
1278 691 1333 750 iae-

250 787 330 864 beat,
346 786 425 846 uude
445 792 650 864 corrumpatur
670 792 700 844 et
718 785 845 860 desinat,
864 792 952 861 utque
974 785 1039 847 ideo
1058 789 1255 864 sempiternus
1268 804 1333 850 me

252 883 397 961 postulet,
417 883 501 944 ilium
521 883 599 943 Deus
618 889 760 960 perpetem
778 883 973 943 conservabit.

312 981 465 1041 Praeterea
490 982 621 1042 animum
643 983 675 1038 ui
696 987 821 1041 naturae
842 987 1012 1056 perpetuam
1034 980 1219 1041 mentionem
1241 991 1270 1042 et
1291 986 1333 1043 vi-

253 1089 315 1142 tam
337 1083 455 1156 exigere
474 1077 637 1139 luculenter
656 1078 785 1138 osteudit
806 1083 954 1155 ingenitus
974 1078 1024 1138 illa
1043 1081 1200 1155 appetitus,
1218 1095 1277 1156 quo
1300 1083 1332 1140 iu

253 1180 438 1240 existentiam
461 1176 551 1236 nullia
572 1178 760 1236 terminatam
784 1175 925 1236 limitibus
948 1175 1201 1236 uehementissime
1223 1176 1327 1237 fertur.

254 1276 339 1338 Solus
359 1278 438 1335 enim
457 1274 546 1334 homo
564 1277 641 1334 inter
664 1276 764 1333 omnia
784 1275 946 1332 mimantia
965 1274 995 1332 vi
1015 1273 1222 1350 intelligentiae
1243 1273 1331 1334 dura·

254 1378 363 1435 tionem
382 1381 412 1434 et
430 1376 522 1432 uitam
547 1371 739 1448 apprehendit
760 1373 940 1430 immetatam
960 1385 997 1429 ac
1015 1369 1073 1428 line
1091 1385 1210 1445 prorsus
1227 1375 1333 1431 caritu-

255 1489 332 1547 ram,
353 1472 540 1546 eamquesic
565 1468 778 1545 apprehensum
799 1471 859 1528 acri
877 1469 1063 1544 prosequitur
1083 1467 1242 1544 desideri03
1263 1483 1331 1530 oum

254 1572 359 1627 contra
380 1566 467 1626 bruta
483 1567 656 1641 animantia,
674 1572 776 1642 utpote
796 1581 872 1641 quac
890 1565 1037 1624 intellectu
1055 1563 1193 1626 iuuante
1208 1571 1279 1626 anat
1302 1572 1333 1626 at

255 1663 319 1722 solo
331 1677 419 1724 seusu
439 1661 590 1738 fruuntur,
605 1666 697 1722 titum
711 1678 769 1723 nou
784 1664 946 1739 percipiant
958 1663 1015 1721 uisi
1028 1667 1116 1738 prout
1131 1661 1181 1721 tic
1194 1669 1225 1720 et
1239 1679 1329 1737 m,

256 1767 290 1820 ut
311 1759 371 1819 dici
389 1759 473 1835 solet,
488 1758 625 1835 hahetur,
639 1766 728 1837 atque
744 1763 889 1836 praesenti
909 1766 1039 1835 tempore
1056 1757 1205 1819 delinitur.
1224 1760 1332 1820 liniue

256 1858 335 1919 modi
356 1865 453 1918 autem
474 1857 650 1918 desiderium
674 1862 773 1918 animo
795 1857 925 1918 humano
946 1855 1078 1917 naturale
1097 1863 1163 1933 est,
1188 1873 1257 1917 cum
1281 1873 1331 1948 ue-

256 1958 414 2019 madum
434 1957 474 2016 alt
494 1961 525 2016 et
546 1961 700 2031 conamus,
721 1961 809 2032 eique
828 1971 866 2014 ex
886 1957 987 2016 lunate
1006 1960 1136 2032 emergat
1153 1955 1330 2015 conditione.

256 2055 335 2133 Ergo
352 2053 477 2112 inditum
498 2052 543 2112 illi
564 2068 582 2112 a
603 2051 665 2112 Deo
686 2059 751 2130 cst,
773 2067 809 2112 ac
831 2057 983 2128 propterea
1002 2055 1104 2129 uoqust
1120 2067 1184 2112 aeae
1208 2052 1331 2114 frustra-
1432 2069 1438 2084 ·

256 2170 357 2231 neum,
373 2152 426 2215 aad
442 2152 552 2212 bouum
568 2153 687 2227 repicit
700 2149 780 2229 quod
796 2152 878 2210 iuxta
895 2151 1027 2210 ordinem
1043 2157 1165 2210 naturae
1180 2163 1334 2228 umqum·

256 2255 327 2315 duur
344 2268 445 2330 ratpot
461 2254 510 2313 sit.

316 2350 399 2424 Quae
415 2368 483 2411 cum
503 2353 546 2410 lta
565 2352 638 2426 siut,
655 2352 686 2410 ln
706 2350 833 2411 nihilum
852 2350 944 2427 redigi
965 2352 1080 2411 animus
1098 2364 1116 2409 a
1136 2348 1197 2409 ileu
1218 2351 1333 2425 saplen-

257 2454 302 2509 ter
323 2456 462 2525 operante
485 2450 604 2507 minime
627 2455 733 2523 potest.
755 2448 789 2507 ld
814 2449 891 2507 euim
915 2450 940 2507 si
965 2447 1043 2507 Deus
1068 2446 1193 2523 lam,
1218 2446 1335 2507 sibimet

257 2547 320 2624 ipae
338 2546 488 2606 euidenter
501 2546 724 2605 cunundiceret.
747 2544 822 2605 Nam
837 2561 874 2605 ex
889 2560 948 2605 uua
966 2550 1063 2621 parte,
1077 2543 1178 2603 divina
1191 2534 1335 2619 s'eplcuile

258 2645 350 2703 animi
369 2642 492 2703 humani
509 2645 730 2718 perpetuitatem
749 2641 889 2718 dictaret,
904 2642 1048 2717 siquidem
1068 2642 1208 2719 quioquid
1228 2648 1335 2702 namra

257 2757 313 2801 aua
331 2732 539 2817 sempiternum
553 2756 616 2800 ease
629 2742 738 2816 puscit,
753 2742 816 2799 eins
834 2741 1011 2816 perpetuitas
1032 2738 1070 2799 ab
1088 2740 1151 2815 ipsu
1170 2738 1273 2799 diviua
1286 2754 1333 2799 sa·

133 2888 137 2895 ,
258 2840 383 2914 pientia,
398 2856 435 2898 ex
452 2853 511 2914 qua
531 2837 674 2898 naturane
693 2837 765 2897 ordo
785 2852 883 2897 rerum
901 2843 931 2897 et
949 2838 1103 2913 propensio
1120 2836 1268 2913 dimanat,
1283 2839 1336 2895 ina·

258 2941 387 3011 perator.
410 2936 455 2994 Ex
478 2936 537 2994 aila
557 2951 646 3012 uero,
667 2938 693 2995 si
717 2938 833 2995 animus
854 2936 883 2993 in
906 2934 1031 2995 nihilum
1055 2934 1251 3010 redigeretur,
1272 2936 1336 2995 eius

258 3032 394 3091 interitus
413 3031 541 3090 naturali
562 3032 658 3091 omini
678 3050 775 3093 rerum
795 3039 825 3092 ct
842 3032 960 3093 divinae
979 3033 1139 3107 supientiae
1159 3033 1336 3091 couveniens

258 3146 322 3191 esse
341 3128 474 3206 deberet,
489 3130 634 3205 siquidem
652 3128 796 3208 quidquid
816 3131 893 3191 Deus
909 3136 943 3189 ut
956 3137 1078 3190 naturae
1096 3136 1197 3189 auctor
1211 3130 1291 3205 agit,
1304 3128 1335 3187 ld

258 3228 378 3288 diuinae
398 3222 557 3304 sapientiae
578 3230 741 3289 naturalem
763 3246 860 3289 rerum
882 3229 1013 3289 ordinem
1034 3227 1157 3289 dictanti
1175 3226 1287 3286 acclive
1306 3232 1337 3286 et

257 3332 484 3386 cousentaneum
505 3340 569 3385 esse
586 3333 710 3402 oportet.
741 3328 821 3387 llaec
839 3334 936 3387 autem
956 3343 1086 3405 pugnare
1104 3329 1180 3385 iuter
1197 3340 1230 3383 se
1248 3340 1335 3384 neruo

257 3438 317 3481 uon
331 3422 428 3500 videt,
443 3428 533 3500 atque
544 3421 610 3483 ideo
623 3440 682 3483 nou
695 3440 781 3501 posse
797 3424 903 3484 nedum
918 3425 1037 3484 divinae
1051 3425 1142 3491 menti
1155 3438 1335 3501 congruere,

257 3521 309 3581 scd
324 3535 362 3581 ue
382 3520 420 3581 ab
440 3521 570 3582 humana
591 3521 708 3599 quidem
730 3521 923 3600 intelligentia
943 3524 1079 3597 componi
1100 3520 1199 3579 simul.

322 3626 391 3679 iot.
412 3618 545 3679 Alterum
560 3628 783 3697 argumentum,
798 3620 878 3697 quud
891 3623 983 3680 animi
1000 3627 1067 3697 post
1083 3619 1210 3679 solutum
1229 3632 1336 3693 corpus

257 3719 442 3779 durationem
459 3725 489 3778 ei
509 3722 599 3777 vitam
615 3718 758 3794 ostendit,
773 3734 809 3777 ex
828 3716 882 3776 Ilei
900 3720 1012 3777 iustitie
1030 3732 1065 3776 ac
1083 3714 1268 3792 providentia
1285 3714 1335 3773 de·

257 3818 410 3894 premitur.
432 3817 510 3877 Nam
530 3819 555 3876 si
577 3816 654 3877 licus
672 3832 785 3893 aequm
805 3823 850 3875 est
870 3824 899 3875 et
920 3816 1078 3893 providus,
1100 3818 1233 3890 respuam
1251 3828 1335 3889 prae·

258 3917 359 3975 sertim
386 3923 586 3976 creaturarum
614 3914 822 3990 rationalium,
849 3928 923 3990 quae
950 3912 1092 3990 singulari
1120 3926 1242 3986 prorsus
1265 3924 1338 3970 cura
1413 3922 1418 3934 ·

259 4012 454 4088 gubernaret
472 4012 659 4086 moderatur-3
680 4010 762 4071 haud
785 4010 905 4070 dubium
926 4016 971 4071 eat
991 4012 1062 4087 quin
1084 4010 1190 4068 vidum
1212 4008 1338 4084 plautae
