2892 4425
556 382 612 426 sau
636 381 817 426 ontonouin
1167 375 1221 427 177

147 491 215 548 rina
233 491 352 550 virtute.
373 489 480 549 binim
500 491 593 568 igitur
613 493 732 566 vimus,
753 493 816 550 alne
843 490 903 558 ulia
922 489 1066 550 obiectiva
1091 493 1224 570 ratione,
1345 489 1349 496 “

145 587 331 664 recitantem
353 593 485 663 respecto
504 589 550 648 sui
575 588 698 647 dicenda
723 593 800 646 essm
822 589 919 665 aliqua
942 605 1048 665 posse,
1072 589 1130 650 aila
1156 607 1225 650 vero

146 699 203 742 non
217 701 314 760 posse.
330 685 365 744 ld
380 692 479 745 antem
491 684 699 744 imbecillitatis
713 691 743 745 et
756 685 881 745 limitum
897 693 1070 762 conceptum
1085 688 1223 748 involvit.

208 783 374 868 Praeterea,
389 784 415 841 si
433 797 479 841 ros
497 781 564 840 ideo
581 789 678 841 assem
696 783 849 857 possibiles
863 786 932 858 quia
954 783 1018 842 herl
1039 800 1057 842 a
1074 785 1135 844 Deo
1161 801 1226 861 pos·

145 889 221 957 aent3
235 881 301 939 ideo
313 879 392 938 Dens
405 878 550 938 diceretur
563 881 756 955 omnipotens,
772 883 841 955 quia
855 880 950 939 iacere
964 887 1060 956 posset
1074 897 1109 940 ea
1124 884 1225 942 omnia

143 996 218 1057 qnae
237 985 345 1054 posset.
369 977 454 1050 Quod
478 992 546 1035 cunr
565 975 602 1035 (le
623 979 729 1052 quavis
756 992 845 1036 causa
870 983 1030 1052 utrumqne
1055 978 1138 1038 linita
1163 980 1224 1040 dici

144 1075 252 1138 adeat
264 1061 416 1151 (siquidem
434 1076 531 1132 omnis
550 1090 640 1134 causa
658 1075 754 1132 iacere
773 1081 869 1149 potest
888 1090 923 1133 ea
941 1078 1055 1152 omnia,
1075 1091 1150 1152 quae
1173 1094 1225 1153 po·

144 1177 233 1250 teat);
259 1180 336 1232 certe
360 1179 412 1232 aut
433 1187 535 1230 omnes
559 1163 815 1230 indiscriminatim
839 1173 1052 1247 omnipotentia
1078 1174 1226 1248 praeditae

143 1272 202 1330 dici
223 1270 383 1345 debonat,
409 1275 462 1328 aot
484 1268 563 1328 Deus
587 1269 645 1352 dici
666 1283 726 1327 non
749 1275 847 1344 posset
871 1271 1065 1345 omnipotens.
1093 1271 1225 1344 Quorum

144 1375 243 1428 ntrnm
261 1365 417 1426 absurdior
434 1368 475 1425 ait
497 1364 576 1425 huod
600 1365 742 1441 equidem„
755 1366 827 1424 scio.
1180 1428 1183 1439 ¹

143 1503 148 1512 -
202 1465 245 1525 At
264 1465 337 1524 baec
357 1465 458 1522 omnia
477 1468 670 1538 eomescunt,
694 1465 719 1522 sl
740 1478 806 1525 cnm
829 1466 943 1522 saniore
963 1463 1148 1542 philosophia
1168 1471 1226 1526 ata·

142 1568 245 1623 tnatnr
266 1577 312 1622 rea
337 1564 453 1620 interna
480 1559 591 1636 perfrui
614 1558 824 1636 possibilitate,
849 1567 1005 1638 antequam
1030 1563 1068 1622 ad
1091 1563 1224 1623 divinam

143 1660 304 1735 potentiam
321 1657 496 1722 referamur.
516 1658 631 1716 Petenti
646 1659 725 1716 enlm
743 1663 815 1716 tnnc
835 1673 953 1718 causam
970 1675 1023 1718 cnr
1040 1661 1151 1737 aliquid
1166 1661 1226 1720 lieo
1249 1731 1252 1738 ,

142 1756 323 1834 impossibile
344 1759 404 1831 sit,
425 1773 473 1815 ex.
493 1772 539 1832 gr.
560 1757 672 1815 oreada
692 1753 820 1816 lomina
839 1757 1027 1818 irrationalia
1047 1759 1094 1820 vel
1116 1757 1226 1836 lapido

142 1857 316 1932 micantia,
337 1869 508 1929 responsum
521 1855 554 1911 in
571 1859 707 1928 prompta
726 1855 796 1913 erit:
816 1857 886 1929 quia
904 1854 977 1914 haec
996 1859 1027 1914 et
1046 1857 1153 1915 similia
1171 1871 1222 1914 en·

140 1953 181 2012 tis
201 1953 344 2012 rationem
369 1966 428 2010 non
446 1949 567 2010 habent.
587 1950 673 2009 Notis
689 1952 769 2009 enim
788 1958 890 2011 mntuo
916 1951 1115 2029 pugnantibus
1136 1969 1226 2030 aequo

144 2051 272 2109 invicem
292 2047 509 2108 destruentibus
530 2051 688 2122 constant,
712 2055 800 2124 atque
817 2047 882 2108 ideo
904 2048 977 2108 nihil
998 2052 1028 2108 in
1047 2047 1159 2110 obiecto
1181 2067 1225 2110 re·

145 2145 302 2223 linquont;
317 2145 390 2204 nihll
409 2151 507 2204 autem
527 2143 604 2204 ellici
626 2147 738 2221 nequit.
754 2129 893 2222 Apposita
907 2146 937 2204 S.
954 2146 1099 2206 Thomas:
1120 2172 1132 2197 a
1149 2148 1225 2222 Quia

33 2248 38 2257 “
145 2269 159 2294 ι
176 2247 323 2319 potentiae
341 2246 456 2303 amirae
477 2240 622 2303 obiectam
642 2250 673 2301 et
697 2242 822 2303 aflectus
844 2251 888 2303 est
910 2260 962 2303 ens
992 2243 1123 2321 inctnm3
1143 2245 1225 2304 nulla

146 2365 160 2391 ι
177 2349 274 2401 antem
296 2343 426 2416 potentia
448 2341 644 2415 operationem
665 2339 757 2400 hahet
784 2340 834 2398 nbi
858 2340 958 2399 delicit
980 2343 1055 2399 ratio
1079 2344 1124 2400 sul
1146 2342 1224 2401 oble-

145 2465 159 2490 «
176 2442 236 2515 cti,
256 2441 334 2497 sicut
356 2439 436 2498 viana
459 2453 517 2495 non
544 2436 624 2496 videt
645 2436 798 2497 deficiente
818 2436 927 2494 visibili
946 2438 977 2494 in
1001 2444 1088 2511 aotu;
1108 2445 1226 2521 'oporiet

147 2536 254 2612 «qnod
268 2535 348 2594 llens
367 2534 482 2594 dicator
495 2548 555 2593 non
568 2549 655 2609 posse
667 2531 810 2608 quidquid
830 2538 875 2592 est
887 2540 990 2592 eontra
1010 2537 1150 2593 rationem
1175 2550 1225 2592 eu·

146 2658 159 2683 «
176 2635 215 2691 tis
238 2633 270 2690 in
288 2638 432 2708 qnantum
453 2637 499 2690 est
516 2647 582 2690 ens.
598 2673 606 2689 .
622 2675 631 2689 .
645 2672 653 2689 .
669 2629 779 2689 Contra
803 2632 945 2689 rationem
971 2632 1047 2689 entis
1078 2637 1122 2689 est
1146 2630 1225 2707 qnod

147 2734 251 2790 «entis
273 2731 416 2789 rationem
436 2730 533 2804 tolllt3
552 2729 665 2787 tollitur
686 2733 785 2787 autem
805 2728 880 2785 ratio
899 2730 975 2787 entis
994 2744 1044 2801 per
1065 2742 1151 2786 suom
1176 2743 1224 2802 op-

146 2853 159 2877 «
176 2830 326 2903 positum,
345 2829 422 2887 sicut
443 2828 518 2886 ratio
531 2826 664 2891 ,hominis
680 2841 733 2901 per
757 2827 921 2901 oppositum
945 2827 1007 2883 eius
1029 2826 1074 2884 vel
1095 2828 1224 2900 partium

31 2898 39 2913 ’
146 2926 286 2999 «ipsius3
308 2925 472 2999 oppositum
492 2930 588 2983 antem
610 2926 685 2981 entis
705 2927 750 2981 est
771 2937 830 2981 non
863 2938 936 2997 ens;
955 2922 1011 2981 hoo
1036 2924 1126 2999 igliur
1146 2922 1225 2983 Deua

147 3036 238 3079 «non
257 3026 373 3096 potest,
395 3026 429 3078 ut
447 3020 537 3079 iaciat
558 3019 644 3078 simul
666 3034 757 3079 unum
783 3025 813 3079 et
834 3019 909 3077 idem
928 3036 990 3078 esse
1010 3027 1039 3078 et
1060 3036 1119 3079 non
1139 3036 1223 3095 osse,

146 3142 159 3167 ·
175 3116 255 3193 qood
284 3122 328 3175 est
356 3115 581 3176 contradictoria
604 3132 667 3177 ease
692 3117 780 3176 simui
804 3115 827 3174 ¹.
854 3142 865 3167 υ
888 3116 1102 3193 Quamobrem,
1123 3124 1156 3177 ut
1180 3133 1224 3175 aa·

143 3216 256 3289 plenter
278 3213 449 3288 concludit,
467 3198 612 3273 eiusmodi
634 3212 747 3273 obiecta
777 3216 985 3291 congruentias
1003 3214 1141 3275 dicuntur
1166 3230 1225 3273 uon

142 3326 228 3384 posse
251 3308 329 3385 ilari,
345 3325 434 3386 mam
454 3309 534 3369 bens
554 3325 613 3369 non
634 3326 720 3385 posse
738 3311 789 3370 ilia
811 3310 916 3371 lactare¹

203 3528 211 3568 t
231 3522 332 3571 contro
345 3520 419 3571 Geni.
436 3520 453 3571 i.
468 3529 492 3583 a,
507 3535 530 3570 c.
544 3528 584 3571 aa.
