2892 4425
436 367 516 414 ΡΑΙΙ
534 367 655 414 sinn
674 381 689 400 ·
710 367 929 414 raucaonooii
1164 363 1220 416 iii

144 474 279 552 amtatb,
296 474 441 537 rationem
459 479 654 556 quantulis,
672 484 703 538 et
716 479 761 538 sic
778 477 815 538 de
831 477 897 538 aliis
917 481 1062 555 quotquot
1077 475 1171 540 eidem
1188 485 1224 540 nt
1279 547 1288 564 ι

142 572 312 650 praedicata
328 572 509 636 mirantur.
524 575 563 636 Et
574 578 712 652 quamuis
729 577 857 636 rauouce
873 575 974 637 lilaea
993 591 1081 638 mnan
1099 593 1160 638 non
1175 575 1223 638 dc·

144 677 283 747 teguntur
304 670 427 750 (quippe
446 683 551 734 sensns
570 674 684 734 iactum
702 673 861 735 dumtaxat
879 680 1048 735 concretum
1068 673 1224 752 attingit);

143 772 244 828 umen
263 771 354 828 menti
372 769 487 830 elucere
504 777 645 848 possunt;
662 769 750 831 ruodo
763 786 783 830 a
795 773 995 850 concretione,
1010 776 1045 832 ut
1056 770 1136 850 duri,
1151 769 1224 830 ilbe-

143 870 258 942 rentnr,
280 881 341 942 qne
358 870 390 926 in
412 866 536 945 physica
556 883 612 929 sna
634 870 790 930 existentia
809 868 983 928 subsistunt.

205 961 259 1022 Vl.
286 962 367 1024 llaec
393 967 590 1027 conmeuonir
613 981 667 1027 sea
682 963 968 1036 determinationum
998 964 1225 1028 indiuiduaiium

143 1061 290 1136 ceperam
308 1075 368 1120 non
388 1061 512 1139 physica
530 1062 667 1124 Mende
685 1069 743 1141 oet,
764 1063 816 1124 sed
836 1064 945 1142 logice;
967 1066 1108 1124 nimirum
1124 1063 1224 1142 quoad

144 1157 240 1218 solam
259 1161 468 1238 cognitionem.
489 1161 673 1239 Quapropter
692 1159 796 1222 maeri
816 1162 925 1237 optime
950 1165 1046 1238 potest
1068 1177 1119 1237 per
1142 1175 1226 1221 exer·
1327 1199 1331 1205 -

145 1256 248 1316 citium
276 1258 396 1320 virtutis
418 1257 574 1320 cuiusdam
601 1258 798 1320 absuactiuea
818 1265 848 1318 et
868 1259 1076 1336 primigeniae,
1097 1272 1173 1335 quae
1192 1259 1226 1318 in

145 1350 268 1414 obiectis
287 1369 307 1414 a
324 1369 413 1416 seusu
432 1358 657 1432 repraesentatis
675 1363 705 1417 et
716 1359 750 1417 iu
763 1357 972 1434 imaginatione
991 1355 1112 1433 depictis
1126 1369 1225 1414 essem

145 1450 219 1508 llam
235 1449 275 1510 ab
294 1453 451 1514 exisoenua
463 1454 609 1530 recolam
625 1460 714 1530 atque
730 1455 772 1515 ita
787 1470 824 1514 ex
838 1450 1024 1514 sensibilibus
1040 1452 1227 1530 phantasma·

145 1545 228 1606 tibur
246 1547 424 1624 qnidditates
442 1550 559 1627 eiiciat,
578 1565 630 1610 ear
652 1549 806 1612 iibermdo
823 1567 842 1611 a
862 1548 1079 1612 conditionibus
1099 1549 1226 1627 peculia-

147 1642 230 1704 ritas
247 1660 324 1721 qnae
342 1661 405 1708 rem
424 1648 456 1707 in
475 1663 508 1710 ae
526 1647 713 1708 individuam
736 1653 767 1709 et
785 1655 953 1709 concretam
973 1647 1108 1710 reddunt.

207 1741 295 1804 iiisce
313 1746 416 1822 positis
434 1746 510 1810 dnos
528 1751 681 1824 reqnemer
700 1745 922 1810 constabilimus
942 1747 1167 1826 propositiones.

682 1958 705 2016 i.

152 2159 202 2219 All
218 2163 361 2237 originem
384 2163 521 2223 idearum
545 2161 753 2239 replicandum
775 2160 885 2238 sufflati
908 2161 1064 2223 admittere
1085 2163 1226 2237 primige-

203 2254 465 2417 maog?
481 2254 542 2313 rtur
558 2252 789 2323 ademarum,
809 2266 884 2327 quoe
902 2255 984 2311 circu
1008 2252 1122 2311 omerio
1141 2254 1228 2309 rrum·

214 2539 282 2593 ill.
304 2533 393 2595 Prob.
414 2532 506 2629 Origo
524 2534 657 2597 idearum
670 2550 734 2597 non
753 2535 833 2597 ailad
852 2534 991 2612 importat
1008 2533 1066 2593 nisi
1085 2532 1228 2610 originem

151 2638 347 2706 conceptuum
364 2633 619 2711 intellectualium,
639 2649 692 2695 sen
714 2640 921 2711 conceptuum,
942 2630 1049 2710 quibua
1076 2628 1230 2692 inordina

151 2728 327 2803 cognitionis
348 2746 410 2791 non
431 2730 512 2793 lacta
528 2732 691 2809 singularia
712 2731 802 2809 (quae
824 2746 962 2792 sensuum
984 2727 1097 2789 abiecte
1122 2726 1228 2803 sunt),

150 2824 205 2885 aad
221 2825 398 2901 quidditatee
415 2831 498 2906 iprae
517 2844 615 2889 rerum
631 2845 684 2905 per
700 2844 733 2889 se
749 2834 780 2889 et
794 2828 939 2889 emuncto
952 2826 1160 2903 precipiantur.
1175 2824 1230 2885 At·
1334 2870 1337 2880 .

150 2924 204 3000 qni
223 2940 276 3000 per
296 2926 403 2986 lamma
421 2926 450 2987 V
468 2929 501 2987 in
521 2926 644 2989 obtectis
663 2942 750 2987 saiso
768 2928 909 3003 perceptis
925 2923 1066 2985 eiusmodi
1086 2921 1232 2999 quiddita·

152 3027 197 3080 tae
214 3027 410 3101 reperiuntur,
424 3028 560 3102 quamvis
576 3024 794 3086 marcentibus
809 3022 1040 3085 individualibus
1057 3022 1229 3098 adstrictam

151 3125 183 3179 et
202 3136 254 3197 per
271 3122 381 3183 lemma
393 3123 435 3184 vi
454 3123 493 3183 ad
508 3138 558 3183 eas
577 3140 616 3183 ex
631 3123 680 3185 his
698 3122 865 3183 liberandas
884 3124 915 3182 in
935 3120 1039 3182 ordine
1055 3120 1230 3199 cognitionis

151 3217 263 3279 sniiicit
277 3222 324 3281 vis
338 3221 529 3298 ubsmcdia,
542 3236 618 3298 qnae
636 3223 668 3281 in
682 3221 803 3281 obiectis
820 3236 908 3281 sensu
925 3220 1071 3297 perceptis
1084 3222 1229 3296 operetur.

150 3315 230 3396 Ergo
248 3318 321 3380 haec
340 3322 479 3381 viscatis
498 3326 543 3380 cst
562 3319 600 3379 ad
619 3319 827 3396 explicandam
848 3318 990 3395 originem
1010 3315 1154 3375 idearum.

209 3416 297 3477 ilices
315 3416 344 3477 1,
363 3416 443 3487 ilaec
462 3418 510 3477 ris
529 3417 674 3493 explicare
693 3421 792 3491 posset
812 3420 928 3474 matum
948 3413 1091 3489 originem
1111 3411 1231 3472 iliaruin
1324 3402 1328 3409 ’

151 3514 297 3591 idearum,
312 3530 389 3591 quae
402 3521 620 3592 repraesentant
636 3513 814 3591 qniddltates
828 3528 925 3572 rerum
940 3507 1148 3588 materialium,
1164 3524 1232 3572 con·

150 3618 249 3673 tentas
263 3615 295 3672 in
312 3612 433 3673 obiectis
446 3626 536 3673 senso
550 3612 710 3687 perceptis3
726 3608 778 3669 sed
794 3622 980 3685 nequaquam
997 3606 1155 3684 explicaret
1174 3608 1233 3667 orl·

151 3710 252 3787 ginem
276 3710 410 3771 idearum
430 3709 711 3786 repraesentantium
736 3704 913 3784 quiddiiaies
938 3698 1036 3765 rernm
1055 3704 1233 3763 immateria-

151 3806 249 3883 dm,
269 3823 345 3883 quae
370 3808 504 3869 sensiiins
523 3805 607 3867 nuiio
625 3804 713 3867 modo
734 3806 931 3883 attinguntur.
953 3800 1031 3884 Ergo
1051 3798 1232 3863 imnidcicns

151 3912 198 3968 est
217 3904 410 3968 adornatum
430 3905 563 3968 idearum
583 3907 727 3983 originem
747 3900 963 3980 explicandam.

212 4004 435 4083 Respondemus
453 4003 589 4085 negando
612 3998 734 4082 prorsus
757 3998 948 4065 iuterederrr.

1427 3734 1436 3769 i
