2892 4425
229 356 285 411 tto
553 360 794 405 nmrrurarcae
814 360 975 404 ruminus

225 479 328 533 rantur
345 472 455 529 virtute
475 471 602 544 propria.
622 468 697 528 Cum
717 471 795 529 cuim
817 468 924 545 duplex
948 469 1025 527 actio
1044 467 1223 557 conalderari
1239 486 1302 545 poe

224 571 280 627 cit:
305 568 396 628 altera
419 581 495 642 qnae
519 569 549 624 in
570 564 702 626 subiecto
725 566 842 644 quidem
865 568 1024 642 recipitur,
1046 572 1077 625 at
1099 582 1157 624 uon
1182 566 1221 625 ab
1242 568 1304 642 ipae

224 663 355 741 procedit
376 662 427 723 aed
445 663 483 723 ab
501 666 645 723 exteriore
658 680 759 740 cauca,
775 671 808 724 ut
824 666 919 723 iaetus
940 662 1045 739 tepidis
1068 670 1121 723 aut
1141 678 1235 740 equae
1255 680 1302 724 ca·

225 760 357 837 ternodo,
379 761 471 820 attera
490 776 567 839 quae
583 763 628 821 alc
648 762 812 821 subiectum
831 760 923 821 afficit
941 766 974 819 ut
992 763 1167 821 intrinsecus
1187 778 1206 820 a
1225 764 1304 838 prin·

223 859 301 935 cipio
321 860 354 917 iu
371 874 407 918 eo
428 860 571 918 existente
589 858 811 935 proficiscatur,
836 864 870 917 ut
895 860 1038 935 vegetatio
1065 858 1199 935 manne:
1225 862 1305 919 entia

224 971 301 1032 quae
323 958 448 1033 primam
466 962 581 1016 tantine
604 957 748 1015 actionem
772 958 965 1031 participant,
984 970 1042 1013 noo
1065 957 1212 1033 viventia;
1230 972 1305 1033 qnae

226 1069 296 1114 vero
311 1054 440 1114 aecuoda
458 1053 599 1131 gaudem,
620 1055 752 1113 viventia
772 1054 974 1113 nominentur:

284 1150 363 1211 iiiuc
387 1152 480 1211 oritur
500 1150 607 1210 divisio
632 1153 663 1210 tn
686 1152 745 1209 tria
768 1150 820 1208 iiia
840 1164 932 1225 regne
955 1156 1097 1226 naturae,
1126 1150 1205 1210 eirca
1229 1166 1304 1227 quae

225 1250 365 1311 tolentino
385 1248 532 1309 naturaim
546 1253 712 1307 vereantur.
736 1246 812 1306 Nem
830 1234 965 1322 corpora,
989 1244 1170 1323 superficiem
1190 1253 1243 1306 aut
1262 1248 1304 1303 vi·

225 1362 307 1407 coera
327 1347 439 1407 telluris
456 1346 643 1421 occupantia,
662 1345 687 1403 ai
708 1346 770 1403 vita
790 1359 910 1419 prorant
931 1350 1053 1420 carent,
1071 1341 1233 1403 etiamalio
1253 1360 1303 1419 ap·
1323 1364 1332 1379 ·

225 1444 382 1523 patiantur,
400 1448 500 1519 utpote
518 1458 595 1518 quac
611 1444 734 1501 materia
752 1446 867 1501 tannrm
891 1440 978 1501 bruta
996 1448 1026 1501 et
1048 1443 1219 1518 inurgeuica
1236 1458 1304 1501 con·

225 1547 317 1603 atam.
341 1541 393 1601 Sin
416 1548 512 1599 annm
534 1544 596 1599 vita
618 1539 780 1616 fruuntur,
800 1544 872 1599 tuuc
894 1546 946 1599 aut
969 1540 1000 1597 tu
1024 1538 1126 1598 intimo
1149 1538 1304 1599 vitalitatis

227 1637 320 1716 gradu
334 1639 499 1697 concinunt
514 1644 545 1696 et
567 1637 710 1713 vegetaita
722 1642 879 1714 vocantur,
895 1643 929 1697 ut
943 1637 1061 1713 plantae
1076 1651 1153 1713 quae
1168 1638 1306 1697 tundore

227 1740 309 1794 ructu
328 1733 468 1810 aiuntor,
492 1742 700 1811 auccrmcnnt,
723 1737 907 1812 germinant3
931 1740 983 1795 aut
1001 1741 1116 1811 practer
1136 1737 1197 1795 vim
1220 1751 1304 1812 vege·

226 1831 326 1909 tandi,
345 1834 408 1891 vim
427 1834 515 1891 etiam
535 1832 678 1893 centiandl
701 1832 870 1910 possident,
894 1840 924 1893 et
945 1833 1084 1893 animalia
1103 1832 1255 1910 dicuntur,
1274 1840 1307 1893 nt

226 1931 318 2007 equi,
341 1945 411 1991 avec
427 1936 458 1991 et
476 1930 605 2007 cimilia3
628 1930 735 2008 qulbus
756 1946 815 1991 nou
834 1931 921 1991 modo
942 1932 1128 1991 vivenacum
1149 1930 1305 1992 trutlctbm

228 2036 457 2107 commoneant,
478 2028 530 2089 aed
549 2030 639 2089 mam
658 2030 753 2089 virtue
774 2030 851 2087 iueet
868 2028 1060 2105 perccptlouia
1077 2026 1234 2089 cuiucdam
1255 2027 1307 2087 eli·

229 2126 361 2187 cimdna.

291 2233 341 2286 et.
364 2225 417 2287 liat
429 2231 578 2303 praetereo
591 2225 638 2286 iria
652 2226 739 2304 louge
752 2224 840 2286 altior
855 2225 934 2285 ritae
948 2239 1052 2302 genus,
1064 2223 1144 2302 quod
1156 2225 1307 2300 proprium

229 2329 274 2384 cat
294 2325 468 2401 aplritoona3
490 2327 639 2401 quinon,
662 2328 697 2383 nt
715 2337 856 2398 corpora,
875 2308 968 2382 ritem
989 2321 1128 2398 aliunde,
1151 2323 1307 2380 exanima

230 2421 446 2498 nimirumque
466 2419 681 2497 lniormantnr,
705 2421 875 2496 recipiunt3
902 2418 954 2479 aed
972 2420 1028 2495 ipsi
1050 2421 1112 2479 vitu
1133 2424 1222 2494 eunt,
1238 2417 1308 2478 rub·

230 2519 338 2578 mutia
358 2519 469 2578 cciticat
486 2533 563 2593 quae
579 2517 696 2576 animet
711 2519 778 2592 ipae
796 2517 978 2593 propriarum
999 2518 1146 2576 acnouurn
1167 2521 1213 2576 eet
1229 2515 1307 2575 ione.

230 2613 268 2676 Et
283 2618 423 2692 quoniam
441 2616 555 2690 operari
574 2631 611 2673 ex
629 2616 724 2692 aeipco
740 2613 948 2690 perfectissime
967 2620 997 2672 et
1013 2613 1098 2690 piem
1116 2629 1174 2671 uon
1196 2628 1310 2690 compc-

230 2713 268 2772 tlt
286 2714 343 2772 nisi
364 2711 447 2788 Deo,
471 2714 522 2788 qni
542 2713 641 2772 omnia
661 2717 729 2772 actu
748 2709 857 2786 habat,
878 2716 908 2770 et
927 2709 1043 2787 quidem
1065 2725 1083 2769 a
1106 2726 1157 2786 ως
1182 2709 1310 2770 afficitur

231 2807 301 2868 irinc
314 2815 349 2868 ut
362 2811 422 2868 vita
437 2810 468 2868 in
481 2809 625 2869 aitiaaimo
636 2808 730 2886 gradu
746 2809 864 2885 propria
877 2809 916 2868 cit
936 2809 1026 2868 coitur
1043 2807 1109 2883 liei,
1123 2809 1215 2868 immo
1229 2805 1311 2867 Deua

231 2908 293 2965 vita
313 2906 353 2966 ait
374 2905 586 2981 perlectiscimu
615 2922 672 2964 uon
701 2906 796 2966 aotam
815 2907 845 2962 in
867 2911 934 2964 actu
954 2907 1067 2980 primo,
1095 2919 1197 2965 verum
1219 2907 1309 2964 mana

231 3001 378 3077 mendo,
403 3003 466 3060 sine
488 3001 549 3060 ulia
566 2999 760 3077 dependentia
780 3001 818 3062 eb
837 3004 979 3062 exteriora
999 3003 1153 3078 principio.
1173 3001 1310 3060 virentia

232 3105 330 3158 annm
347 3105 446 3158 creata
468 3099 559 3156 vitam
579 3099 645 3174 pina
664 3101 799 3160 minorve
817 3101 1005 3176 participant,
1028 3105 1114 3174 prout
1134 3099 1253 3174 propius
1268 3111 1312 3155 re·

234 3198 398 3272 motiuaque
430 3193 467 3254 ad
494 3194 625 3256 divinam
655 3196 859 3271 perfectionem
884 3195 1050 3272 accedunt,
1070 3201 1100 3254 et
1125 3198 1235 3254 maiore
1264 3195 1310 3254 vei

233 3293 344 3351 minore
363 3295 392 3350 vi
410 3291 539 3378 gandent
554 3309 586 3352 aa
606 3294 801 3354 comittueudt
827 3297 857 3353 in
886 3301 952 3354 ectu
980 3296 1088 3353 virtute
1108 3295 1237 3370 proprie.
1264 3293 1313 3352 Sic

232 3393 309 3448 enim
334 3405 369 3449 eo
397 3391 484 3450 modo
503 3407 563 3468 quo
575 3399 699 3468 possum
710 3396 846 3469 propriae
858 3392 1044 3470 perlectionta
1065 3392 1310 3466 complementum

232 3487 289 3546 aiiii
315 3486 468 3566 tribuunt3
488 3489 544 3549 sub
572 3488 685 3550 influxu
707 3495 804 3548 tamen
824 3488 944 3562 divino,
966 3487 1212 3564 quemadmodum
1233 3501 1315 3546 crea·

232 3588 366 3643 terarum
388 3591 494 3646 natura
516 3585 584 3647 iert.

293 3678 356 3740 tint
377 3683 439 3742 rita
458 3685 565 3761 triplici
585 3685 762 3762 operationis
783 3699 887 3762 genem
912 3684 1040 3744 exerceri
1059 3684 1168 3758 poscit,
1196 3689 1312 3759 vegeta·

234 3777 329 3854 tione,
350 3781 561 3859 semimutato,
583 3783 791 3859 intelligentia3
813 3787 910 3842 tamen
929 3795 964 3839 eu
984 3795 1064 3853 vox,
1090 3795 1158 3838 curn
1179 3779 1313 3838 absolute

234 3872 392 3955 retertur,
407 3879 445 3940 ad
464 3883 589 3958 primam
606 3880 711 3941 harum
731 3878 887 3939 dnmuxat
903 3875 1125 3956 significandam
1143 3874 1311 3936 adhibetur.

233 3966 382 4054 Contingit
405 3979 483 4038 enim
504 3991 713 4057 saepenumero
738 3981 771 4037 ut
795 3977 961 4055 genericnm
983 3987 1088 4032 nomeu
1112 3971 1232 4031 intimae
1252 3977 1314 4031 tau-
1435 3993 1436 4008 t
