2892 4425
344 383 420 428 Pius
441 384 555 429 'mm
575 397 589 414 ·
609 384 790 428 insomnii
813 385 989 430 attuariis
1149 381 1205 432 311

127 495 196 555 linis
216 495 311 569 ipsius
331 493 401 552 mali
423 494 453 550 in
477 492 554 551 bono
575 507 690 567 semper
710 493 809 568 aliquo
829 497 968 554 cernitur.
996 493 1073 554 idem
1094 496 1141 556 dtu
1168 498 1206 557 de

128 595 277 652 mmsis
297 591 355 650 illis
374 596 406 650 et
425 591 605 666 angoribus,
630 588 738 665 quibus
759 605 895 665 praesens
916 595 977 652 ulia
998 593 1124 654 hominis
1144 595 1208 655 aill-

49 764 56 775 ·
128 692 216 749 citur.
233 689 312 748 llaec
329 690 408 748 enim
427 690 527 747 omnia
547 703 685 764 magnam
705 687 762 746 sibl
778 688 932 762 implicant
951 689 1123 750 utilitatem:
1143 699 1207 751 ium

129 789 199 862 qnia
223 802 325 846 curam
351 793 382 846 et
406 785 555 844 solertiam
578 784 857 867 hominis'aeuunt3
881 791 945 844 tum
965 790 1035 862 quia
1055 789 1132 848 vitae
1152 789 1207 847 lau·

129 885 176 944 ins
195 886 356 944 nouitatem
376 883 572 958 persuadent,
593 889 656 941 tum
678 883 748 956 qnia
768 883 900 940 animum
924 897 942 941 a
962 885 1061 958 pravis
1082 891 1209 961 purgant

130 981 287 1042 aflectibus
306 988 337 1040 et
356 981 394 1040 ad
414 983 533 1057 potiora
550 980 640 1055 bona,
659 995 736 1056 qnae
756 984 886 1056 manent,
908 978 1036 1054 optanda
1056 986 1206 1056 revocant,

129 1085 195 1140 tum
210 1080 336 1156 denique
350 1082 420 1156 qnia
436 1077 663 1139 exercendarum
678 1079 833 1153 uirtutum,
850 1079 880 1136 in
897 1077 1002 1153 quibus
1023 1076 1209 1152 pulchritudo

129 1176 232 1236 mundi
257 1177 376 1236 moralis
400 1179 544 1252 consistit,
566 1178 719 1235 materiam
741 1175 929 1251 suppeditant
950 1175 1109 1236 inlinitum.

189 1274 352 1350 Postremo,
373 1277 438 1350 ipsa
457 1275 528 1334 mali
548 1274 667 1334 moralis
688 1275 842 1350 permissio
860 1271 968 1334 bonum
982 1281 1106 1350 spectat.
1125 1275 1206 1335 aNe-

133 1373 148 1422 ἰ
170 1387 228 1447 qne
246 1373 339 1443 enlm,
360 1369 508 1447 praeclare
527 1371 728 1446 Augustinus,
744 1369 824 1430 Dens
845 1370 938 1430 ullum
955 1387 1013 1431 non
1031 1371 1097 1431 dico
1118 1387 1206 1448 ange·

135 1491 148 1518 ι
172 1468 267 1527 lorum
286 1469 337 1528 sed
359 1469 405 1528 vel
427 1469 580 1528 hominum
604 1475 728 1543 crearet,
749 1485 837 1544 quem
856 1469 967 1528 malum
989 1470 1121 1530 loturum
1144 1485 1208 1530 esse

136 1588 149 1615 ι
173 1567 340 1642 praesciret,
358 1568 416 1627 nisi
435 1569 542 1651 pariter
559 1573 659 1626 nosset
676 1565 784 1642 quibus
804 1582 854 1626 eos
875 1565 1015 1626 bonorum
1036 1567 1138 1626 usibus
1158 1582 1209 1626 ac·

137 1683 151 1712 ι
173 1662 381 1723 commodaret.
404 1689 418 1716 ι
438 1663 500 1724 lieo
518 1679 587 1724 vero
607 1668 637 1723 in
657 1663 831 1739 explicanda
851 1667 973 1740 ratione,
989 1679 1047 1740 que
1068 1665 1124 1723 lano
1142 1664 1207 1740 ilat,

133 1758 250 1818 solliciti
270 1776 333 1821 esse
352 1760 502 1821 dehemus.
525 1761 567 1821 iit
587 1763 667 1821 enim
688 1777 735 1820 res
764 1759 866 1835 nulla,
884 1775 960 1836 quae
984 1767 1080 1820 creata
1100 1760 1209 1836 luerit,

133 1859 247 1914 tuntum
273 1858 457 1932 perfeetionis
485 1862 632 1933 suscipere
657 1865 769 1934 potest,
798 1866 830 1917 ut
851 1872 868 1916 a
889 1858 942 1920 Dei
963 1865 1068 1920 natura
1095 1859 1210 1917 indultu

134 1953 290 2014 interuallo
309 1971 367 2016 nou
387 1956 492 2032 distet,
513 1957 558 2014 sio
570 1955 654 2015 liniis
672 1957 794 2030 quaevis
808 1956 1001 2031 intelligentia
1026 1963 1139 2016 tantum
1165 1957 1209 2015 ln·

135 2064 202 2108 men
222 2049 329 2114 habere
349 2054 465 2128 nequit,
486 2057 520 2111 nt
539 2051 625 2126 plura
643 2054 708 2110 sine
727 2051 786 2112 line
816 2068 875 2111 noa
898 2055 959 2112 sint
978 2067 1053 2128 qnae
1080 2055 1207 2128 ignoret.

134 2145 323 2212 Potissimum
343 2167 413 2209 vero
431 2148 587 2209 dicendum
609 2149 717 2224 idest,
733 2165 801 2208 cum
823 2149 859 2207 de
877 2148 996 2208 diuinae
1010 2146 1210 2223 providentiae

135 2247 264 2306 consiliis
283 2250 392 2323 agitur,
407 2264 532 2324 quorum
554 2262 692 2307 arcanam
710 2246 939 2321 profunditatem
958 2262 1043 2305 nemo
1059 2246 1207 2321 pertingit.

134 2342 213 2403 Satis
225 2345 282 2402 erit
299 2344 373 2404 illud
389 2345 549 2431 Augustini
567 2346 747 2403 meminisse:
769 2346 800 2403 ln
813 2344 961 2419 omnibus,
981 2342 1144 2420 quaeDeus
1166 2341 1209 2401 la·

134 2442 188 2516 cit,
208 2440 356 2501 occultam
374 2456 576 2502 coruum'esse
595 2458 690 2518 possa,
711 2442 855 2500 iniseriam
873 2458 933 2499 esse
950 2458 1009 2501 oon
1026 2456 1120 2517 posse.

195 2539 394 2600 Nihilominus
416 2547 559 2616 qnantum
586 2539 796 2616 intelligentiae
816 2546 933 2599 nostrae
960 2540 1068 2597 tinnites
1087 2540 1210 2614 sinunt,

43 2639 47 2643 “
136 2636 214 2699 bona
233 2638 450 2713 quamplurima
472 2654 509 2698 ex
532 2641 723 2715 permissione
744 2639 813 2697 mali
839 2637 957 2697 moralis
980 2638 1049 2695 oriri
1072 2639 1214 2712 conspici·

136 2748 214 2795 mus.
237 2734 271 2793 la
296 2738 397 2809 primis
416 2740 494 2795 enim
521 2736 627 2795 exinde
646 2736 771 2796 liabetur
799 2742 995 2796 consentanea
1016 2741 1138 2795 naturae
1159 2735 1212 2793 lau-

137 2848 242 2892 manae
267 2832 460 2910 gubernatio,
482 2849 557 2910 quae
582 2836 711 2910 exquirit
732 2842 765 2894 ut
787 2834 924 2894 voluntas
944 2832 1099 2892 deliniendi
1118 2846 1212 2913 capax

137 2929 323 2991 adminiculis
341 2931 459 3007 quidem
480 2932 585 2991 ualidis
611 2932 735 3007 benigne
762 2936 925 2993 instruatur
944 2937 977 2991 ut
996 2929 1140 2991 deiectum
1167 2926 1222 2988 ca·'

137 3042 206 3085 vere
225 3031 331 3104 poesit3
346 3036 377 3088 at
395 3032 422 3089 sl
441 3029 519 3090 ioris
538 3030 627 3088 libere
647 3029 685 3087 ad
704 3029 898 3089 dessciendum
912 3044 944 3089 se
957 3029 1141 3104 determinet,
1157 3029 1213 3086 lm·

138 3123 231 3197 pedlri
250 3141 310 3187 uon
329 3125 442 3187 debeat.
462 3126 571 3186 Deinde
591 3126 714 3185 habetur
742 3129 913 3186 exercitium
936 3127 1128 3202 plurimarum
1157 3126 1215 3183 uir-

137 3225 246 3297 tutum,
267 3240 343 3299 quae
363 3226 561 3299 maximopere
581 3222 742 3285 humanam
763 3230 898 3283 naturam
920 3224 1080 3297 decorant,
1096 3228 1126 3281 et
1139 3238 1216 3298 quaa

77 3377 81 3385 ,
138 3332 176 3377 ex
196 3318 275 3383 malo
298 3321 402 3380 morali
426 3324 611 3383 occasionem
631 3328 763 3381 sumunt.
787 3320 851 3379 Nou
880 3323 958 3381 enim
986 3321 1138 3380 claruisset
1164 3336 1233 3395 per
1339 3324 1341 3329 '

137 3417 240 3475 tleniia
260 3424 435 3493 martyrum,
448 3421 505 3478 nisi
523 3422 677 3479 saeviisset
694 3419 777 3478 furor
794 3424 1001 3496 tyrannorum;
1020 3402 1082 3477 nec¹
1095 3418 1216 3477 fortium

138 3515 269 3573 virorum
287 3516 316 3574 in
331 3517 478 3589 proposito
493 3520 612 3577 virtutis
631 3518 796 3576 constantin
817 3515 998 3591 landaretur,
1014 3516 1070 3575 nisi
1090 3530 1139 3574 eos
1160 3517 1217 3573 lm·

137 3613 296 3688 proborum
322 3619 441 3672 vexaret
466 3612 612 3674 inocitus.
639 3614 770 3673 Tandem
800 3628 837 3671 ne
859 3614 944 3689 plura
964 3619 1129 3689 consecter,
1152 3628 1216 3688 per·

139 3711 278 3771 missione
297 3711 367 3769 mali
386 3712 506 3772 moralis
522 3728 581 3772 uon
602 3727 696 3788 pauca
712 3712 765 3770 liei
780 3710 921 3771 attributa
938 3712 1119 3785 elucescunt,
1142 3724 1233 3783 quae,

138 3805 243 3867 mundi
256 3806 386 3865 ordinem
400 3814 430 3866 et
442 3807 559 3867 divinas
573 3809 765 3885 perfectiones
781 3810 980 3886 maximopere
997 3800 1215 3869 commendant.

138 3902 346 3963 Manifesiatnr
365 3906 443 3963 enim
457 3905 565 3965 exinde
586 3913 616 3967 et
634 3913 785 3967 exercetur
805 3906 856 3965 Dei
876 3908 981 3983 pietas,
1000 3920 1067 3965 cum
1086 3906 1217 3961 errautcs
1287 3946 1296 3967 .

139 4004 179 4065 sd
192 4002 419 4083 resipiscendum
430 4004 547 4083 inuitat,
561 4010 591 4065 et
603 4006 698 4070 modis
707 4004 845 4068 omnibus
858 4008 987 4069 suaviter
1009 4000 1137 4065 adducit.
1159 3998 1217 4062 lle·
