2892 4425
368 375 446 418 rurs
464 373 577 418 nurus
598 389 611 404 ·
630 373 811 419 ruouocur
833 372 1009 418 sruuuuurs
1167 361 1221 412 usi

154 485 235 560 sequi
260 451 439 559 potuissent,
459 487 666 544 internoscere.
693 483 727 541 ld
750 485 829 542 enim
855 497 973 542 neeesse
995 486 1076 555 mut,
1098 485 1132 540 ut
1154 479 1227 540 ordo

153 580 296 642 emsnuodi
315 581 568 656 compingeretur,
589 583 640 657 qui
664 579 746 639 nullo
766 593 921 640 causarum
944 593 1088 638 concursu
1109 583 1162 638 sut
1182 593 1227 636 re·
1338 571 1342 576 “

154 696 221 740 rum
238 680 400 738 monnone
416 680 509 738 everti
527 685 626 754 posset
645 678 692 736 uel
712 677 837 737 turbari.
860 677 900 736 At
913 691 989 736 uero
1007 675 1065 736 hoc
1082 673 1228 736 inlinitum

153 779 307 837 scientium
329 779 361 834 in
382 775 534 836 conditore
557 774 712 852 exigehet3
736 773 880 850 siquidem
903 773 962 832 iine
983 779 1063 832 curet
1087 785 1228 832 numerus

152 877 350 935 mutationum
373 880 425 934 out
447 873 702 949 vicissitudinum,
725 887 802 950 quoe
819 872 981 932 constituto
1004 870 1100 930 ordini
1124 868 1227 929 sdver-

152 975 212 1034 strl
222 973 407 1048 'potuissent

519 1169 702 1239 Arqnmeutc
718 1163 858 1222 morolio.

216 1372 284 1422 iii.
306 1363 349 1423 De
367 1364 496 1441 supremi
515 1361 652 1422 Numinis
671 1335 830 1422 existentis
848 1369 909 1422 mm
932 1361 1018 1437 menn
1036 1360 1156 1422 humuul
1177 1379 1226 1441 ge·

152 1464 344 1522 neris'erstet
361 1463 536 1533 auctoritas,
558 1466 591 1519 ut
610 1459 684 1520 nihil
703 1477 775 1520 sane
794 1463 825 1519 iu
847 1459 904 1520 hoc
924 1475 1029 1536 genere
1050 1459 1163 1520 firmius
1181 1460 1227 1520 de·

154 1558 274 1620 sidem
291 1561 395 1636 possit.
417 1559 451 1617 lu
466 1574 506 1618 en
519 1560 599 1617 enim
618 1536 796 1618 ndstiueude
817 1573 875 1617 uon
899 1557 985 1617 modo
1003 1563 1145 1633 quotquot
1162 1558 1226 1633 plri-

155 1659 269 1735 losoplii
285 1659 400 1718 leudem
415 1659 589 1734 consequuti
603 1663 684 1731 sunt,
697 1659 875 1716 unanimiter
888 1662 1112 1732 consenserunt3
1125 1671 1227 1716 verum

155 1759 262 1832 etim,
283 1756 362 1833 quod
385 1757 480 1816 molus
501 1761 565 1830 est,
587 1754 685 1831 populi
706 1769 808 1814 omnes
830 1757 892 1812 siue
916 1753 986 1814 culti
1010 1755 1073 1814 slve
1097 1752 1225 1814 barbuti.

154 1857 251 1928 Quure
267 1854 460 1914 Plutarchus:
480 1853 538 1914 ·st
559 1860 652 1912 terres
671 1853 776 1926 obers,
791 1853 923 1912 iuvenire
942 1854 1036 1927 possis
1057 1851 1144 1912 urbes
1164 1867 1227 1926 mu-

158 1977 172 2004 ·
195 1955 254 2028 ris,
275 1952 396 2028 litteris,
417 1951 547 2027 legibus,
568 1949 722 2025 domibus,
743 1949 863 2025 opibus,
885 1951 1060 2008 numismate
1079 1955 1227 2024 receptes,

159 2078 171 2103 a
196 2054 417 2129 gymnasiorum
437 2056 468 2109 et
486 2049 669 2108 theatrorum
692 2050 824 2122 nescius3
847 2047 947 2106 urbem
970 2047 1086 2121 templis
1108 2045 1229 2122 Dilsqus

159 2175 172 2197 α
194 2156 361 2222 carentem,
382 2162 457 2224 quoe
479 2144 632 2221 precibus,
654 2143 860 2219 iureiurando,
882 2143 1000 2202 oraculo
1025 2159 1083 2201 non
1109 2150 1227 2220 utetur,

160 2272 171 2297 ι
194 2263 254 2305 noo
273 2246 415 2303 bonorum
435 2258 524 2303 ceusu
542 2242 707 2317 sacrificet,
722 2258 781 2300 uon
800 2242 879 2301 muln
894 2244 985 2303 sacris
1004 2248 1135 2301 euenere
1153 2244 1227 2302 nitu·

86 2339 98 2365 '·
159 2370 171 2395 ·
194 2351 263 2416 tur,
284 2357 371 2401 nemo
391 2340 628 2417 umquem-uidit
646 2343 670 2397 ¹.
687 2364 700 2389 ν

216 2440 324 2499 &noes
349 2446 463 2499 summ:
483 2464 496 2488 a
511 2436 640 2497 Multum
664 2436 737 2497 dore
760 2440 888 2497 solemus
913 2440 1141 2513 praesumptioni
1166 2454 1228 2498 om·

159 2566 172 2590 ι
197 2542 278 2598 nium
300 2537 466 2598 homiuum.
488 2534 575 2612 Apud
595 2552 650 2594 nos
674 2538 804 2597 veritatis
828 2543 1031 2614 argumentum
1052 2542 1098 2596 est
1119 2537 1229 2613 aliquid

159 2662 172 2685 α
196 2636 332 2694 omuibus
350 2634 458 2709 uideri,
472 2640 624 2709 temqnnm
642 2632 720 2691 Deos
737 2650 800 2692 esso
817 2634 969 2693 interulis
986 2636 1029 2694 sic
1046 2634 1228 2709 colligimus,

159 2758 171 2785 ι
195 2734 275 2809 quod
294 2733 430 2792 omuibus
452 2732 490 2791 de
512 2730 577 2789 Diis
598 2732 698 2805 opinio
720 2734 808 2791 insitu
830 2733 887 2803 sit,
909 2746 962 2789 uec
984 2730 1043 2791 ulls
1064 2746 1135 2807 gens
1157 2730 1231 2790 odeo

159 2857 172 2881 n
196 2838 241 2889 cst
264 2837 349 2911 cutm
373 2829 452 2906 leges
477 2842 631 2903 moresque
655 2830 769 2905 posito,
789 2835 824 2889 ut
847 2844 906 2887 non
931 2826 1044 2904 sliquos
1068 2828 1144 2889 Deos
1168 2844 1231 2887 esse

159 2952 172 2977 ι
195 2927 296 2987 credet
312 2930 365 2987 ².»

218 3027 299 3099 Quue
318 3025 462 3086 mirabilis
482 3025 570 3101 plone
591 3026 723 3103 gentium
743 3027 896 3083 consensio
919 3041 954 3083 cx
978 3041 1012 3083 eo
1033 3024 1164 3100 proiectu
1186 3026 1231 3082 ul·

155 3124 260 3201 detur,
280 3124 359 3201 qood
380 3124 545 3185 istiusmodi
568 3127 677 3183 veritos
698 3124 858 3196 exprimis
882 3124 1003 3182 rutiouis
1028 3123 1179 3196 principiis
1202 3127 1232 3179 et

156 3237 270 3297 rerum,
284 3238 361 3298 quse
379 3221 546 3282 sentiuntur
566 3227 702 3297 rspectu,
721 3219 804 3279 nullo
824 3219 914 3280 ierms
934 3222 1050 3297 negotio
1068 3219 1228 3279 derivetur.

155 3318 253 3395 Atque
271 3318 344 3379 hoec
364 3322 396 3379 iu
415 3322 522 3379 uoimis
541 3318 717 3396 populorum
730 3324 798 3399 xtum
817 3316 875 3375 ulie
893 3317 1003 3377 insedit
1020 3320 1179 3392 sententis,
1199 3322 1234 3375 ut

155 3417 224 3479 llcst
242 3417 346 3493 perditi
368 3417 490 3493 quidum
511 3417 647 3476 homines
667 3416 782 3475 nullum
806 3431 865 3473 nou
888 3416 1033 3497 moverint
1052 3415 1178 3491 lapidem
1199 3420 1233 3473 ut

111 3544 127 3561 κ
154 3532 221 3577 enno
236 3520 397 3595 eriperent,
411 3530 574 3591 numquam
589 3522 687 3575 tomen
705 3513 843 3588 perlicere
860 3519 1031 3589 potueruut,
1048 3521 1080 3573 ui
1098 3530 1157 3573 uun
1175 3512 1232 3573 sul·

155 3622 216 3675 tem
235 3629 308 3692 grus
327 3620 381 3673 eut
401 3616 507 3673 ciuitss
528 3615 560 3671 in
580 3619 643 3672 tour
663 3610 808 3671 notorium
830 3612 1007 3687 impietatem
1029 3611 1230 3673 adduceretur.

216 3780 377 3833 iidcerrrss
398 3782 516 3833 Coloten.

214 3868 228 3912 2
246 3864 331 3925 Epist.
351 3867 404 3913 iii.
426 3862 529 3913 consuli
550 3862 721 3925 possunthoc
743 3859 886 3909 dorcium
907 3860 1030 3923 egregium
1052 3872 1114 3922 opus
1136 3858 1234 3905 lossms

155 3930 274 3992 Luuourcr
288 3943 413 4004 immor,
430 3944 474 3993 cui
489 3942 591 3992 titulus:
610 3941 737 4006 apolonie
758 3942 864 3991 Generis
881 3940 993 3991 dumont
1009 3939 1137 3989 adversus
1156 3948 1232 3986 nemr-

155 4024 283 4075 sotionem
296 4023 434 4082 cidem,-
445 4026 499 4073 tum
513 4022 655 4074 dissertatio
666 4026 766 4073 wouru
778 4021 810 4071 de
821 4021 897 4083 snlso
910 4023 1037 4084 suspectis
1050 4018 1083 4069 de
1095 4018 1230 4069 ultmrmo.
