2892 4425
449 376 526 420 sias
548 375 664 421 aursni
687 391 699 405 ·
723 375 940 442 mcuouonrr
1176 370 1230 422 ist

154 487 223 546 dara
252 491 283 545 at
305 483 387 544 reiut
405 481 527 546 effluvio
553 501 591 544 ex
612 485 713 544 diviua
737 485 901 547 subsumia
920 486 1036 563 prodire
1053 491 1230 564 autumans3

152 599 240 659 quun
258 598 387 642 automno
403 581 459 641 sub
487 596 565 642 nova
590 581 686 642 orme
709 590 874 643 moneare
894 582 1030 644 sidentur
1053 581 1231 659 pantheiatu-

154 696 220 740 rum
238 681 397 738 reneutim
417 693 477 737 non
499 679 599 753 pauci.

213 776 255 836 it
271 792 342 836 vero
359 777 426 853 quia
445 789 505 834 uon
525 776 664 850 perspicit
677 791 713 834 ea
729 777 873 835 sententia
893 775 1075 836 divinitatem
1097 793 1149 838 neu
1164 795 1231 856 par·

155 873 235 934 tibus
252 874 463 932 wdesneutem
482 879 512 933 at
531 873 622 932 taiem
639 871 760 949 effingi,
776 880 810 933 ut
823 875 854 932 iu
869 873 953 950 puro
963 873 1088 951 discerpi
1108 881 1138 935 et
1156 876 1232 938 iace·

155 973 215 1030 rari
227 972 337 1047 possit,
353 972 439 1046 quasi
462 975 539 1029 esset
552 968 685 1045 panibus
698 971 927 1046 coagmentata?
940 970 1126 1048 Quapropter
1142 989 1231 1050 mm

150 1073 267 1149 'cutum
280 1074 326 1128 eat
342 1067 396 1127 Dei
415 1073 553 1127 naturam
573 1066 760 1143 simplicitate
774 1067 831 1126 irui
856 1081 909 1126 nec
929 1067 981 1127 uiii
997 1083 1060 1128 esse
1074 1067 1232 1129 &ansioni

155 1165 333 1241 obnoxiam,
353 1171 415 1224 tam
433 1163 582 1225 evidenter
605 1161 699 1222 ciunet
721 1163 798 1222 hauc
821 1161 979 1224 absurdum
1000 1165 1143 1242 originem
1164 1167 1229 1224 ani·

155 1265 212 1323 mis
231 1263 370 1322 numanis
393 1261 475 1322 nuiio
494 1260 582 1322 modo
605 1266 781 1336 competere.
808 1259 919 1320 Deinde
943 1263 1107 1322 sianimus
1132 1269 1232 1324 neam

155 1375 226 1436 pars
239 1359 404 1420 diviensis
421 1363 497 1418 esset
518 1357 591 1432 (sive
603 1356 748 1416 divisione
767 1359 831 1416 sive
845 1356 930 1417 fluxu
942 1357 1071 1434 quodam
1086 1357 1155 1418 inde
1173 1373 1233 1418 rna·

155 1456 267 1532 Ναὶς
288 1455 417 1532 proiecto
436 1457 462 1514 is
481 1469 528 1514 res
545 1452 692 1530 quaedam
707 1452 827 1529 inrecta,
844 1468 905 1514 non
923 1454 1084 1532 mutabilis,
1100 1470 1232 1516 necessa

156 1555 212 1630 ria,
230 1553 342 1614 usiiiua
363 1553 514 1630 augmenti
535 1548 692 1626 recipiam
713 1565 819 1626 capax,
840 1549 934 1624 bravi,
956 1550 1059 1610 iisdem
1079 1551 1232 1627 periendo·

154 1650 263 1726 uibus,
284 1649 392 1726 quiim
411 1648 489 1708 Deus
509 1647 642 1725 gaudet,
666 1653 790 1708 ornetus
809 1661 874 1706 ease
898 1645 1026 1707 deberet.
1048 1646 1111 1708 iioc
1133 1654 1233 1709 auteur
1296 1661 1300 1668 ·

154 1750 285 1808 internae
304 1747 500 1822 experientiae
522 1759 581 1805 nou
605 1746 720 1819 mium,
741 1759 830 1819 quam
852 1746 959 1804 radoni
981 1751 1135 1822 repugnat.
1160 1747 1233 1822 Quia

155 1847 235 1905 ssim
254 1860 314 1904 non
332 1851 378 1904 est
394 1845 542 1918 nemeina,
563 1857 596 1901 se
615 1844 715 1902 auimo
733 1845 777 1902 aio
797 1844 915 1918 instrui,
935 1847 969 1903 ut
986 1844 1147 1905 innumeris
1168 1860 1233 1906 mu-

155 1941 315 2004 tationibus
327 1946 359 2002 et
370 1939 484 2000 vicibus
501 1938 688 1999 subiiciatuci
699 1939 772 2012 Quis
785 1953 844 1998 non
858 1941 948 1998 sentit
963 1955 994 2000 se
1013 1940 1155 2002 iimitibus
1170 1943 1234 2002 sive

156 2041 188 2098 iu
208 2037 396 2115 intelligendo
414 2038 479 2096 sisa
497 2039 529 2094 in
549 2037 653 2094 ostede
673 2034 786 2094 viribus
806 2035 849 2094 sic
867 2036 1032 2112 terminari,
1051 2043 1086 2098 ut
1104 2037 1234 2115 undique

154 2136 306 2196 obtenuie
329 2141 360 2194 at
382 2134 491 2194 obtines
515 2132 669 2192 necent?
694 2131 809 2192 Exinde
830 2147 899 2190 uero
925 2133 1056 2192 animum
1081 2133 1182 2194 duitas
1203 2140 1234 2194 et

156 2234 351 2311 contingentia
376 2238 500 2292 neturus
523 2246 589 2290 esse
613 2229 851 2290 manifestissime
877 2232 1073 2306 wusequitur.
1098 2228 1145 2289 iu
1169 2246 1233 2290 reru

157 2334 340 2412 Augustinus
358 2340 460 2393 nonna
473 2330 675 2406 Manichacus,
687 2330 739 2405 qui
756 2332 788 2387 in
803 2328 939 2388 deiiriurn
954 2328 1032 2388 idem
1053 2328 1231 2390 inciderant:

159 2456 174 2483 a
198 2430 278 2491 iiaee
293 2432 416 2490 mutatio
432 2430 549 2488 ammae
566 2426 694 2486 ostendit
713 2426 784 2486 mihi
801 2425 879 2502 quod
899 2428 999 2485 anima
1014 2440 1073 2485 uon
1089 2428 1129 2486 sit
1140 2426 1230 2487 Deus.

160 2552 174 2578 a
195 2528 272 2587 itam
295 2529 321 2586 si
341 2528 440 2586 anima
462 2524 630 2585 mbatarnia
653 2522 707 2583 Dei
729 2528 795 2598 est3
818 2521 983 2582 substantia
1007 2522 1060 2581 itei
1087 2522 1233 2598 eiciatur,

160 2648 174 2675 ι
197 2623 360 2684 subeuntia
375 2622 429 2681 Dei
448 2621 604 2697 decipitur,
622 2620 702 2697 quod
718 2620 802 2679 unias
818 2625 863 2679 est
880 2619 977 2679 dicare
991 2622 1014 2677 ί.
1033 2644 1046 2671 υ
1066 2618 1164 2696 Atque
1182 2620 1234 2679 ite·

155 2734 239 2783 rum:
263 2720 362 2780 ·iton
377 2726 512 2795 estpars
531 2718 585 2777 Dei
605 2720 757 2777 anima...
767 2716 853 2790 Quod
871 2718 896 2776 si
918 2722 1006 2793 esset,
1026 2732 1081 2777 nec
1099 2714 1235 2776 dederes

160 2843 174 2868 α
198 2820 231 2877 in
248 2818 387 2893 nunu,
405 2832 461 2876 nee
479 2816 636 2893 proficeret
654 2817 687 2873 iu
707 2814 823 2888 meiius,
836 2828 890 2873 nen
908 2812 1019 2890 aliquid
1035 2817 1065 2874 in
1081 2814 1235 2890 semetpsa

161 2939 174 2964 ·
199 2914 245 2973 vei
262 2916 402 2990 inciperet
423 2912 531 2973 habere
549 2911 628 2988 quod
648 2926 710 2971 non
728 2909 871 2985 imbui,
893 2910 939 2969 vei
966 2910 1111 2973 desineret
1126 2910 1235 2971 ubere

161 3010 438 3086 «pendnetem,
465 3016 608 3087 quantum
633 3007 671 3068 ad
695 3011 759 3069 aius
785 3009 876 3083 ipsius
901 3007 1070 3069 &fatiores
1096 3010 1232 3085 pertinet.

160 3132 175 3157 «
198 3108 292 3181 Quam
313 3123 384 3167 acro
403 3107 491 3167 aiiter
509 3122 541 3166 aa
561 3122 606 3166 res
627 3105 735 3165 habnt
755 3121 813 3165 non
835 3112 880 3165 est
899 3120 973 3181 opus
993 3107 1173 3165 extrinsecus
1193 3112 1234 3165 ie·

159 3228 175 3254 «
198 3206 350 3278 atimouio;
371 3205 505 3279 quisquis
524 3204 713 3278 semetpsnus
736 3202 882 3279 advertit,
903 3205 1036 3279 agnoscit
1051 3205 1111 3261 'a

218 3289 269 3363 ⁹3.
290 3299 373 3360 diter
392 3316 485 3376 enos,
501 3300 570 3366 huin
584 3300 705 3359 omniuo
723 3301 908 3375 mntruiua,
922 3301 1037 3358 animos
1056 3302 1087 3357 in
1101 3298 1180 3360 iiiios
1198 3316 1234 3359 es

157 3398 326 3473 pueutibus
344 3396 465 3457 traduce
486 3396 615 3472 quodum
637 3398 792 3473 propagari
812 3395 918 3471 tinait3
946 3394 1023 3455 unde
1049 3394 1236 3455 deductore·

74 3473 80 3487 ’
156 3510 224 3555 ruat
243 3494 365 3554 domm
383 3501 430 3554 est
449 3510 567 3554 nomeu.
595 3493 691 3553 liuius
712 3495 873 3553 sectandae
896 3494 1012 3569 petroni
1038 3490 1236 3552 Tertuiiisnus

155 3598 187 3651 et
205 3590 384 3665 ipoitiuaris
404 3592 547 3665 usitare,
567 3604 660 3666 euque
678 3588 835 3664 dupliciter
855 3589 977 3667 intelligi
997 3594 1112 3665 potest,
1132 3594 1234 3665 quata-
1310 3646 1316 3657 ,

155 3702 214 3747 nus
232 3702 271 3744 ex
291 3691 447 3759 pareutum
465 3691 518 3746 aut
531 3688 633 3745 animo
656 3691 710 3745 aut
730 3700 850 3761 corpore
863 3688 976 3747 unimus
989 3684 1118 3746 ffliorunr
1129 3684 1233 3745 deduci

217 3922 227 3964 ι
244 3915 329 3977 sprot.
348 3920 402 3974 icc,
419 3925 445 3962 u.
462 3920 486 3963 a.

214 4002 230 4044 n
247 3994 353 4044 ihidera
