<?xml version="1.0" encoding="UTF-8"?>
<!DOCTYPE html PUBLIC "-//W3C//DTD XHTML 1.0 Transitional//EN"
    "http://www.w3.org/TR/xhtml1/DTD/xhtml1-transitional.dtd">
<html xmlns="http://www.w3.org/1999/xhtml" xml:lang="en" lang="en">
 <head>
  <title>
</title>
<meta http-equiv="Content-Type" content="text/html;charset=utf-8" />
  <meta name='ocr-system' content='tesseract 3.04.00' />
  <meta name='ocr-capabilities' content='ocr_page ocr_carea ocr_par ocr_line ocrx_word'/>
</head>
<body>
  <div class='ocr_page' id='page_1' title='image "./institutionesph01libegoog_0411.png"; bbox 0 0 2892 4425; ppageno 0'>
   <div class='ocr_carea' id='block_1_1' title="bbox 132 390 1212 579">
    <p class='ocr_par' dir='ltr' id='par_1_1' title="bbox 132 390 1212 579">
     <span class='ocr_line' id='line_1_1' title="bbox 271 390 1212 461; baseline 0.007 -25"><span class='ocrx_word' id='word_1_1' title='bbox 271 452 278 461; x_wconf 91' lang='lat'>.</span> <span class='ocrx_word' id='word_1_2' title='bbox 425 393 503 438; x_wconf 79' lang='lat' dir='ltr'>atas</span> <span class='ocrx_word' id='word_1_3' title='bbox 524 393 644 439; x_wconf 75' lang='lat' dir='ltr'>saraae</span> <span class='ocrx_word' id='word_1_4' title='bbox 665 410 679 423; x_wconf 93' lang='lat'><strong>·</strong></span> <span class='ocrx_word' id='word_1_5' title='bbox 703 394 921 441; x_wconf 69' lang='lat' dir='ltr'>avenesteen</span> <span class='ocrx_word' id='word_1_6' title='bbox 1157 390 1212 447; x_wconf 71' lang='lat' dir='ltr'>itt</span> 
     </span>
     <span class='ocr_line' id='line_1_2' title="bbox 132 499 1212 579; baseline 0.006 -21"><span class='ocrx_word' id='word_1_7' title='bbox 132 499 266 579; x_wconf 72' lang='lat' dir='ltr'>graditur</span> <span class='ocrx_word' id='word_1_8' title='bbox 283 506 338 560; x_wconf 88' lang='lat' dir='ltr'>ant</span> <span class='ocrx_word' id='word_1_9' title='bbox 353 502 384 559; x_wconf 90' lang='lat' dir='ltr'>in</span> <span class='ocrx_word' id='word_1_10' title='bbox 395 516 504 578; x_wconf 78' lang='lat' dir='ltr'>gyrum</span> <span class='ocrx_word' id='word_1_11' title='bbox 518 504 633 578; x_wconf 74' lang='lat' dir='ltr'>agitnr3</span> <span class='ocrx_word' id='word_1_12' title='bbox 651 502 705 561; x_wconf 79' lang='lat' dir='ltr'>aed</span> <span class='ocrx_word' id='word_1_13' title='bbox 721 505 753 561; x_wconf 89' lang='lat' dir='ltr'>in</span> <span class='ocrx_word' id='word_1_14' title='bbox 773 504 915 563; x_wconf 74' lang='lat' dir='ltr'>smtiante</span> <span class='ocrx_word' id='word_1_15' title='bbox 929 518 1049 563; x_wconf 84' lang='lat' dir='ltr'>manens</span> <span class='ocrx_word' id='word_1_16' title='bbox 1075 502 1212 565; x_wconf 74' lang='lat' dir='ltr'>diemis-</span> 
     </span>
    </p>
   </div>
   <div class='ocr_carea' id='block_1_2' title="bbox 131 598 1215 971">
    <p class='ocr_par' dir='ltr' id='par_1_2' title="bbox 131 598 1215 971">
     <span class='ocr_line' id='line_1_3' title="bbox 133 598 1214 676; baseline 0.005 -17"><span class='ocrx_word' id='word_1_17' title='bbox 133 602 224 659; x_wconf 83' lang='lat' dir='ltr'>sintas</span> <span class='ocrx_word' id='word_1_18' title='bbox 247 601 323 657; x_wconf 90' lang='lat' dir='ltr'>inter</span> <span class='ocrx_word' id='word_1_19' title='bbox 335 614 369 658; x_wconf 89' lang='lat' dir='ltr'>se</span> <span class='ocrx_word' id='word_1_20' title='bbox 386 614 433 657; x_wconf 88' lang='lat' dir='ltr'>res</span> <span class='ocrx_word' id='word_1_21' title='bbox 451 599 508 674; x_wconf 89' lang='lat' dir='ltr'>ipsi</span> <span class='ocrx_word' id='word_1_22' title='bbox 528 598 628 658; x_wconf 84' lang='lat' dir='ltr'>ubtieit</span> <span class='ocrx_word' id='word_1_23' title='bbox 650 605 919 676; x_wconf 69' lang='lat' dir='ltr'>repraesentatque,</span> <span class='ocrx_word' id='word_1_24' title='bbox 946 600 1039 676; x_wconf 62' lang='lat' dir='ltr'>iique</span> <span class='ocrx_word' id='word_1_25' title='bbox 1057 600 1115 661; x_wconf 85' lang='lat' dir='ltr'>titis</span> <span class='ocrx_word' id='word_1_26' title='bbox 1142 601 1214 665; x_wconf 74' lang='lat' dir='ltr'>ium</span> 
     </span>
     <span class='ocr_line' id='line_1_4' title="bbox 133 693 1214 774; baseline 0.005 -19"><span class='ocrx_word' id='word_1_27' title='bbox 133 694 316 756; x_wconf 69' lang='lat' dir='ltr'>exstantibus</span> <span class='ocrx_word' id='word_1_28' title='bbox 329 693 491 755; x_wconf 80' lang='lat' dir='ltr'>subtertum</span> <span class='ocrx_word' id='word_1_29' title='bbox 511 694 658 755; x_wconf 84' lang='lat' dir='ltr'>admonet.</span> <span class='ocrx_word' id='word_1_30' title='bbox 669 693 823 757; x_wconf 86' lang='lat' dir='ltr'>Praeterea</span> <span class='ocrx_word' id='word_1_31' title='bbox 837 702 945 774; x_wconf 85' lang='lat' dir='ltr'>motas,</span> <span class='ocrx_word' id='word_1_32' title='bbox 962 712 1030 757; x_wconf 87' lang='lat' dir='ltr'>eum</span> <span class='ocrx_word' id='word_1_33' title='bbox 1051 703 1214 760; x_wconf 77' lang='lat' dir='ltr'>mentuunt·</span> 
     </span>
     <span class='ocr_line' id='line_1_5' title="bbox 133 790 1215 869; baseline 0.006 -17"><span class='ocrx_word' id='word_1_34' title='bbox 133 800 232 869; x_wconf 85' lang='lat' dir='ltr'>eatur,</span> <span class='ocrx_word' id='word_1_35' title='bbox 250 794 407 867; x_wconf 82' lang='lat' dir='ltr'>amittitur,</span> <span class='ocrx_word' id='word_1_36' title='bbox 419 798 450 851; x_wconf 90' lang='lat' dir='ltr'>et</span> <span class='ocrx_word' id='word_1_37' title='bbox 467 806 504 851; x_wconf 82' lang='lat' dir='ltr'>ex</span> <span class='ocrx_word' id='word_1_38' title='bbox 517 790 650 867; x_wconf 85' lang='lat' dir='ltr'>piuribus</span> <span class='ocrx_word' id='word_1_39' title='bbox 671 791 782 851; x_wconf 82' lang='lat' dir='ltr'>viribus</span> <span class='ocrx_word' id='word_1_40' title='bbox 797 807 855 851; x_wconf 88' lang='lat' dir='ltr'>une</span> <span class='ocrx_word' id='word_1_41' title='bbox 870 793 1102 868; x_wconf 83' lang='lat' dir='ltr'>eonspiranttbus</span> <span class='ocrx_word' id='word_1_42' title='bbox 1113 798 1215 859; x_wconf 61' lang='lat' dir='ltr'>exeun</span> 
     </span>
     <span class='ocr_line' id='line_1_6' title="bbox 131 888 1213 971; baseline 0.007 -25"><span class='ocrx_word' id='word_1_43' title='bbox 131 904 203 965; x_wconf 77' lang='lat' dir='ltr'>gere</span> <span class='ocrx_word' id='word_1_44' title='bbox 220 894 331 963; x_wconf 80' lang='lat' dir='ltr'>potest3</span> <span class='ocrx_word' id='word_1_45' title='bbox 351 890 518 947; x_wconf 81' lang='lat' dir='ltr'>tumetium</span> <span class='ocrx_word' id='word_1_46' title='bbox 532 888 571 947; x_wconf 83' lang='lat' dir='ltr'>ad</span> <span class='ocrx_word' id='word_1_47' title='bbox 592 888 726 949; x_wconf 79' lang='lat' dir='ltr'>diversas</span> <span class='ocrx_word' id='word_1_48' title='bbox 748 890 896 965; x_wconf 85' lang='lat' dir='ltr'>eorporis,</span> <span class='ocrx_word' id='word_1_49' title='bbox 919 893 949 947; x_wconf 91' lang='lat' dir='ltr'>tn</span> <span class='ocrx_word' id='word_1_50' title='bbox 974 906 1032 965; x_wconf 85' lang='lat' dir='ltr'>qno</span> <span class='ocrx_word' id='word_1_51' title='bbox 1057 894 1213 971; x_wconf 71' lang='lat' dir='ltr'>exuimur,</span> 
     </span>
    </p>
   </div>
   <div class='ocr_carea' id='block_1_3' title="bbox 132 985 1214 1158">
    <p class='ocr_par' dir='ltr' id='par_1_3' title="bbox 132 985 1214 1158">
     <span class='ocr_line' id='line_1_7' title="bbox 132 985 1214 1063; baseline 0.003 -16"><span class='ocrx_word' id='word_1_52' title='bbox 132 992 247 1061; x_wconf 79' lang='lat' dir='ltr'>spectat</span> <span class='ocrx_word' id='word_1_53' title='bbox 261 991 371 1060; x_wconf 84' lang='lat' dir='ltr'>partas,</span> <span class='ocrx_word' id='word_1_54' title='bbox 384 1000 511 1060; x_wconf 82' lang='lat' dir='ltr'>quarum</span> <span class='ocrx_word' id='word_1_55' title='bbox 528 1001 660 1061; x_wconf 80' lang='lat' dir='ltr'>quaeque</span> <span class='ocrx_word' id='word_1_56' title='bbox 677 985 717 1045; x_wconf 86' lang='lat' dir='ltr'>ab</span> <span class='ocrx_word' id='word_1_57' title='bbox 733 986 799 1045; x_wconf 86' lang='lat' dir='ltr'>aitis</span> <span class='ocrx_word' id='word_1_58' title='bbox 816 988 937 1045; x_wconf 74' lang='lat' dir='ltr'>ommno</span> <span class='ocrx_word' id='word_1_59' title='bbox 957 985 1157 1063; x_wconf 72' lang='lat' dir='ltr'>distinguitur:</span> <span class='ocrx_word' id='word_1_60' title='bbox 1174 990 1214 1050; x_wconf 76' lang='lat' dir='ltr'>At</span> 
     </span>
     <span class='ocr_line' id='line_1_8' title="bbox 132 1081 1214 1158; baseline 0.004 -17"><span class='ocrx_word' id='word_1_61' title='bbox 132 1088 237 1141; x_wconf 71' lang='lat' dir='ltr'>annua</span> <span class='ocrx_word' id='word_1_62' title='bbox 261 1084 388 1140; x_wconf 65' lang='lat' dir='ltr'>sensate</span> <span class='ocrx_word' id='word_1_63' title='bbox 412 1083 443 1139; x_wconf 93' lang='lat' dir='ltr'>in</span> <span class='ocrx_word' id='word_1_64' title='bbox 471 1081 650 1158; x_wconf 84' lang='lat' dir='ltr'>nobisipsis</span> <span class='ocrx_word' id='word_1_65' title='bbox 675 1098 711 1141; x_wconf 84' lang='lat' dir='ltr'>ex</span> <span class='ocrx_word' id='word_1_66' title='bbox 735 1098 794 1157; x_wconf 86' lang='lat' dir='ltr'>quo</span> <span class='ocrx_word' id='word_1_67' title='bbox 817 1084 912 1156; x_wconf 87' lang='lat' dir='ltr'>eoepit</span> <span class='ocrx_word' id='word_1_68' title='bbox 937 1092 1102 1157; x_wconf 80' lang='lat' dir='ltr'>perseverat</span> <span class='ocrx_word' id='word_1_69' title='bbox 1120 1084 1214 1145; x_wconf 78' lang='lat' dir='ltr'>denae</span> 
     </span>
    </p>
   </div>
   <div class='ocr_carea' id='block_1_4' title="bbox 131 1178 1224 2033">
    <p class='ocr_par' dir='ltr' id='par_1_4' title="bbox 131 1178 1224 2033">
     <span class='ocr_line' id='line_1_9' title="bbox 131 1178 1213 1255; baseline 0.004 -18"><span class='ocrx_word' id='word_1_70' title='bbox 131 1178 280 1238; x_wconf 74' lang='lat' dir='ltr'>abiectum</span> <span class='ocrx_word' id='word_1_71' title='bbox 299 1185 345 1237; x_wconf 86' lang='lat' dir='ltr'>est</span> <span class='ocrx_word' id='word_1_72' title='bbox 364 1192 512 1255; x_wconf 80' lang='lat' dir='ltr'>praesens,</span> <span class='ocrx_word' id='word_1_73' title='bbox 527 1178 630 1237; x_wconf 67' lang='lat' dir='ltr'>waiam</span> <span class='ocrx_word' id='word_1_74' title='bbox 650 1194 765 1253; x_wconf 86' lang='lat' dir='ltr'>seraper</span> <span class='ocrx_word' id='word_1_75' title='bbox 785 1186 895 1253; x_wconf 85' lang='lat' dir='ltr'>manet,</span> <span class='ocrx_word' id='word_1_76' title='bbox 910 1181 1119 1240; x_wconf 77' lang='lat' dir='ltr'>communicari</span> <span class='ocrx_word' id='word_1_77' title='bbox 1145 1196 1213 1241; x_wconf 83' lang='lat' dir='ltr'>eum</span> 
     </span>
     <span class='ocr_line' id='line_1_10' title="bbox 131 1262 1213 1353; baseline 0.002 -18"><span class='ocrx_word' id='word_1_78' title='bbox 131 1276 194 1335; x_wconf 85' lang='lat' dir='ltr'>aiio</span> <span class='ocrx_word' id='word_1_79' title='bbox 209 1278 311 1351; x_wconf 83' lang='lat' dir='ltr'>nequit</span> <span class='ocrx_word' id='word_1_80' title='bbox 322 1282 375 1335; x_wconf 87' lang='lat' dir='ltr'>aui</span> <span class='ocrx_word' id='word_1_81' title='bbox 390 1274 429 1334; x_wconf 82' lang='lat' dir='ltr'>ab</span> <span class='ocrx_word' id='word_1_82' title='bbox 441 1275 501 1334; x_wconf 86' lang='lat' dir='ltr'>aiio</span> <span class='ocrx_word' id='word_1_83' title='bbox 514 1262 656 1335; x_wconf 81' lang='lat' dir='ltr'>sentiente</span> <span class='ocrx_word' id='word_1_84' title='bbox 678 1277 779 1351; x_wconf 84' lang='lat' dir='ltr'>recipi,</span> <span class='ocrx_word' id='word_1_85' title='bbox 802 1274 840 1333; x_wconf 85' lang='lat' dir='ltr'>ad</span> <span class='ocrx_word' id='word_1_86' title='bbox 861 1292 953 1335; x_wconf 86' lang='lat' dir='ltr'>unum</span> <span class='ocrx_word' id='word_1_87' title='bbox 973 1275 1108 1353; x_wconf 85' lang='lat' dir='ltr'>idemque</span> <span class='ocrx_word' id='word_1_88' title='bbox 1133 1280 1213 1352; x_wconf 84' lang='lat' dir='ltr'>prin·</span> 
     </span>
     <span class='ocr_line' id='line_1_11' title="bbox 131 1372 1212 1448; baseline 0.002 -16"><span class='ocrx_word' id='word_1_89' title='bbox 131 1374 243 1448; x_wconf 83' lang='lat' dir='ltr'>eipium</span> <span class='ocrx_word' id='word_1_90' title='bbox 256 1379 320 1431; x_wconf 90' lang='lat' dir='ltr'>tota</span> <span class='ocrx_word' id='word_1_91' title='bbox 338 1375 473 1447; x_wconf 77' lang='lat' dir='ltr'>pertinet</span> <span class='ocrx_word' id='word_1_92' title='bbox 498 1372 560 1448; x_wconf 78' lang='lat' dir='ltr'>Ego</span> <span class='ocrx_word' id='word_1_93' title='bbox 573 1374 652 1431; x_wconf 84' lang='lat' dir='ltr'>enirn</span> <span class='ocrx_word' id='word_1_94' title='bbox 667 1388 743 1431; x_wconf 90' lang='lat' dir='ltr'>unus</span> <span class='ocrx_word' id='word_1_95' title='bbox 758 1372 893 1447; x_wconf 81' lang='lat' dir='ltr'><strong>idemque</strong></span> <span class='ocrx_word' id='word_1_96' title='bbox 908 1378 998 1431; x_wconf 87' lang='lat' dir='ltr'>tutam</span> <span class='ocrx_word' id='word_1_97' title='bbox 1017 1376 1212 1434; x_wconf 82' lang='lat' dir='ltr'>sensationern</span> 
     </span>
     <span class='ocr_line' id='line_1_12' title="bbox 132 1469 1214 1546; baseline 0.004 -20"><span class='ocrx_word' id='word_1_98' title='bbox 132 1471 273 1546; x_wconf 75' lang='lat' dir='ltr'>percipie,</span> <span class='ocrx_word' id='word_1_99' title='bbox 293 1469 333 1527; x_wconf 84' lang='lat' dir='ltr'>ad</span> <span class='ocrx_word' id='word_1_100' title='bbox 351 1484 398 1527; x_wconf 85' lang='lat' dir='ltr'>me</span> <span class='ocrx_word' id='word_1_101' title='bbox 410 1473 504 1528; x_wconf 86' lang='lat' dir='ltr'>tetam</span> <span class='ocrx_word' id='word_1_102' title='bbox 523 1469 667 1543; x_wconf 73' lang='lat' dir='ltr'>peninere</span> <span class='ocrx_word' id='word_1_103' title='bbox 680 1470 832 1543; x_wconf 85' lang='lat' dir='ltr'>experiur;</span> <span class='ocrx_word' id='word_1_104' title='bbox 851 1471 941 1529; x_wconf 88' lang='lat' dir='ltr'>imme</span> <span class='ocrx_word' id='word_1_105' title='bbox 955 1485 1025 1529; x_wconf 84' lang='lat' dir='ltr'>vere</span> <span class='ocrx_word' id='word_1_106' title='bbox 1045 1472 1214 1531; x_wconf 79' lang='lat' dir='ltr'>innumeras</span> 
     </span>
     <span class='ocr_line' id='line_1_13' title="bbox 133 1563 1214 1641; baseline 0.002 -16"><span class='ocrx_word' id='word_1_107' title='bbox 133 1566 209 1625; x_wconf 84' lang='lat' dir='ltr'>mihi</span> <span class='ocrx_word' id='word_1_108' title='bbox 227 1564 337 1640; x_wconf 84' lang='lat' dir='ltr'>tribuo,</span> <span class='ocrx_word' id='word_1_109' title='bbox 355 1580 431 1640; x_wconf 84' lang='lat' dir='ltr'>quae</span> <span class='ocrx_word' id='word_1_110' title='bbox 452 1563 618 1639; x_wconf 75' lang='lat' dir='ltr'>disparatae</span> <span class='ocrx_word' id='word_1_111' title='bbox 638 1567 714 1623; x_wconf 87' lang='lat' dir='ltr'>inter</span> <span class='ocrx_word' id='word_1_112' title='bbox 739 1580 771 1623; x_wconf 89' lang='lat' dir='ltr'>se</span> <span class='ocrx_word' id='word_1_113' title='bbox 791 1571 872 1639; x_wconf 87' lang='lat' dir='ltr'>sunt,</span> <span class='ocrx_word' id='word_1_114' title='bbox 888 1580 922 1625; x_wconf 88' lang='lat' dir='ltr'>ae</span> <span class='ocrx_word' id='word_1_115' title='bbox 946 1581 997 1641; x_wconf 85' lang='lat' dir='ltr'>per</span> <span class='ocrx_word' id='word_1_116' title='bbox 1017 1569 1147 1626; x_wconf 66' lang='lat' dir='ltr'>nasone</span> <span class='ocrx_word' id='word_1_117' title='bbox 1171 1566 1214 1627; x_wconf 85' lang='lat' dir='ltr'>‹it-</span> 
     </span>
     <span class='ocr_line' id='line_1_14' title="bbox 133 1660 1214 1739; baseline -0.001 -15"><span class='ocrx_word' id='word_1_118' title='bbox 133 1665 303 1724; x_wconf 81' lang='lat' dir='ltr'>eersisstma</span> <span class='ocrx_word' id='word_1_119' title='bbox 322 1668 504 1721; x_wconf 81' lang='lat' dir='ltr'>exercentur.</span> <span class='ocrx_word' id='word_1_120' title='bbox 534 1660 667 1736; x_wconf 85' lang='lat' dir='ltr'>Denique</span> <span class='ocrx_word' id='word_1_121' title='bbox 695 1666 811 1735; x_wconf 87' lang='lat' dir='ltr'>motus,</span> <span class='ocrx_word' id='word_1_122' title='bbox 838 1664 863 1719; x_wconf 90' lang='lat' dir='ltr'>ei</span> <span class='ocrx_word' id='word_1_123' title='bbox 889 1665 1028 1722; x_wconf 87' lang='lat' dir='ltr'>eontrarii</span> <span class='ocrx_word' id='word_1_124' title='bbox 1051 1670 1140 1739; x_wconf 88' lang='lat' dir='ltr'>sunt,</span> <span class='ocrx_word' id='word_1_125' title='bbox 1165 1664 1214 1723; x_wconf 89' lang='lat' dir='ltr'>aii·</span> 
     </span>
     <span class='ocr_line' id='line_1_15' title="bbox 131 1756 1211 1835; baseline 0 -16"><span class='ocrx_word' id='word_1_126' title='bbox 131 1759 264 1834; x_wconf 81' lang='lat' dir='ltr'>duntur,</span> <span class='ocrx_word' id='word_1_127' title='bbox 283 1760 372 1833; x_wconf 87' lang='lat' dir='ltr'>inque</span> <span class='ocrx_word' id='word_1_128' title='bbox 395 1756 496 1815; x_wconf 61' lang='lat' dir='ltr'>mem</span> <span class='ocrx_word' id='word_1_129' title='bbox 522 1756 653 1816; x_wconf 78' lang='lat' dir='ltr'>subiecto</span> <span class='ocrx_word' id='word_1_130' title='bbox 677 1758 836 1815; x_wconf 77' lang='lat' dir='ltr'>consistere</span> <span class='ocrx_word' id='word_1_131' title='bbox 867 1773 1051 1835; x_wconf 80' lang='lat' dir='ltr'>nequaquam</span> <span class='ocrx_word' id='word_1_132' title='bbox 1078 1766 1211 1834; x_wconf 77' lang='lat' dir='ltr'>puerunt.</span> 
     </span>
     <span class='ocr_line' id='line_1_16' title="bbox 133 1854 1213 1929; baseline 0.002 -13"><span class='ocrx_word' id='word_1_133' title='bbox 133 1857 170 1917; x_wconf 83' lang='lat' dir='ltr'>id</span> <span class='ocrx_word' id='word_1_134' title='bbox 193 1871 265 1915; x_wconf 81' lang='lat' dir='ltr'>veru</span> <span class='ocrx_word' id='word_1_135' title='bbox 282 1855 364 1915; x_wconf 87' lang='lat' dir='ltr'>unito</span> <span class='ocrx_word' id='word_1_136' title='bbox 392 1862 478 1929; x_wconf 86' lang='lat' dir='ltr'>paeto</span> <span class='ocrx_word' id='word_1_137' title='bbox 502 1856 640 1913; x_wconf 78' lang='lat' dir='ltr'>estivenit</span> <span class='ocrx_word' id='word_1_138' title='bbox 656 1856 827 1913; x_wconf 70' lang='lat' dir='ltr'>sensatiom.</span> <span class='ocrx_word' id='word_1_139' title='bbox 853 1854 934 1914; x_wconf 86' lang='lat' dir='ltr'>idem</span> <span class='ocrx_word' id='word_1_140' title='bbox 953 1858 1032 1915; x_wconf 89' lang='lat' dir='ltr'>enim</span> <span class='ocrx_word' id='word_1_141' title='bbox 1051 1857 1213 1917; x_wconf 80' lang='lat' dir='ltr'>subiratum</span> 
     </span>
     <span class='ocr_line' id='line_1_17' title="bbox 133 1948 1224 2033; baseline 0 -20"><span class='ocrx_word' id='word_1_142' title='bbox 133 1955 264 2013; x_wconf 83' lang='lat' dir='ltr'>sentiens</span> <span class='ocrx_word' id='word_1_143' title='bbox 282 1950 383 2010; x_wconf 79' lang='lat' dir='ltr'>(iniere</span> <span class='ocrx_word' id='word_1_144' title='bbox 411 1951 499 2009; x_wconf 87' lang='lat' dir='ltr'>simui</span> <span class='ocrx_word' id='word_1_145' title='bbox 526 1956 557 2010; x_wconf 86' lang='lat' dir='ltr'>et</span> <span class='ocrx_word' id='word_1_146' title='bbox 582 1950 731 2023; x_wconf 80' lang='lat' dir='ltr'>voiuptate</span> <span class='ocrx_word' id='word_1_147' title='bbox 754 1948 901 2025; x_wconf 71' lang='lat' dir='ltr'>affinitur,</span> <span class='ocrx_word' id='word_1_148' title='bbox 930 1951 1026 2010; x_wconf 86' lang='lat' dir='ltr'>eaiurs</span> <span class='ocrx_word' id='word_1_149' title='bbox 1049 1960 1079 2013; x_wconf 91' lang='lat' dir='ltr'>et</span> <span class='ocrx_word' id='word_1_150' title='bbox 1106 1953 1224 2033; x_wconf 74' lang='lat' dir='ltr'>{rigore</span> 
     </span>
    </p>
   </div>
   <div class='ocr_carea' id='block_1_5' title="bbox 134 2033 1328 2127">
    <p class='ocr_par' dir='ltr' id='par_1_5' title="bbox 134 2033 1328 2127">
     <span class='ocr_line' id='line_1_18' title="bbox 134 2033 1328 2127; baseline -0.002 -18"><span class='ocrx_word' id='word_1_151' title='bbox 134 2048 288 2127; x_wconf 63' lang='lat' dir='ltr'>tangatur,</span> <span class='ocrx_word' id='word_1_152' title='bbox 314 2062 418 2123; x_wconf 87' lang='lat' dir='ltr'>aspera</span> <span class='ocrx_word' id='word_1_153' title='bbox 448 2053 479 2106; x_wconf 92' lang='lat' dir='ltr'>et</span> <span class='ocrx_word' id='word_1_154' title='bbox 503 2046 598 2106; x_wconf 83' lang='lat' dir='ltr'>tassia</span> <span class='ocrx_word' id='word_1_155' title='bbox 619 2051 801 2121; x_wconf 71' lang='lat' dir='ltr'>eentroetat,</span> <span class='ocrx_word' id='word_1_156' title='bbox 823 2046 954 2121; x_wconf 84' lang='lat' dir='ltr'>uitasque</span> <span class='ocrx_word' id='word_1_157' title='bbox 975 2050 1039 2105; x_wconf 87' lang='lat' dir='ltr'>sina</span> <span class='ocrx_word' id='word_1_158' title='bbox 1061 2048 1119 2107; x_wconf 86' lang='lat' dir='ltr'>tine</span> <span class='ocrx_word' id='word_1_159' title='bbox 1144 2065 1215 2109; x_wconf 88' lang='lat' dir='ltr'>een·</span> <span class='ocrx_word' id='word_1_160' title='bbox 1285 2052 1288 2058; x_wconf 85' lang='lat'>&#39;</span> <span class='ocrx_word' id='word_1_161' title='bbox 1324 2033 1328 2041; x_wconf 75' lang='grc'><strong>’</strong></span> 
     </span>
    </p>
   </div>
   <div class='ocr_carea' id='block_1_6' title="bbox 134 2140 1212 2219">
    <p class='ocr_par' dir='ltr' id='par_1_6' title="bbox 134 2140 1212 2219">
     <span class='ocr_line' id='line_1_19' title="bbox 134 2140 1212 2219; baseline -0.003 -12"><span class='ocrx_word' id='word_1_162' title='bbox 134 2147 244 2207; x_wconf 66' lang='lat' dir='ltr'>uarias</span> <span class='ocrx_word' id='word_1_163' title='bbox 257 2146 436 2204; x_wconf 74' lang='lat' dir='ltr'>uasettenes</span> <span class='ocrx_word' id='word_1_164' title='bbox 455 2145 616 2219; x_wconf 79' lang='lat' dir='ltr'>experitur.</span> <span class='ocrx_word' id='word_1_165' title='bbox 635 2140 770 2202; x_wconf 82' lang='lat' dir='ltr'>Sensatio</span> <span class='ocrx_word' id='word_1_166' title='bbox 788 2143 877 2219; x_wconf 81' lang='lat' dir='ltr'>igitur</span> <span class='ocrx_word' id='word_1_167' title='bbox 892 2143 924 2201; x_wconf 91' lang='lat' dir='ltr'>in</span> <span class='ocrx_word' id='word_1_168' title='bbox 941 2148 1021 2201; x_wconf 87' lang='lat' dir='ltr'>motu</span> <span class='ocrx_word' id='word_1_169' title='bbox 1040 2142 1212 2204; x_wconf 80' lang='lat' dir='ltr'>iibriiierura</span> 
     </span>
    </p>
   </div>
   <div class='ocr_carea' id='block_1_7' title="bbox 3 2241 1212 2318">
    <p class='ocr_par' dir='ltr' id='par_1_7' title="bbox 3 2241 1212 2318">
     <span class='ocr_line' id='line_1_20' title="bbox 3 2241 1212 2318; baseline -0.002 -15"><span class='ocrx_word' id='word_1_170' title='bbox 3 2269 14 2286; x_wconf 91' lang='lat'><strong>·</strong></span> <span class='ocrx_word' id='word_1_171' title='bbox 135 2245 322 2318; x_wconf 83' lang='lat' dir='ltr'>aitarnmqne</span> <span class='ocrx_word' id='word_1_172' title='bbox 343 2243 473 2317; x_wconf 82' lang='lat' dir='ltr'>eorporis</span> <span class='ocrx_word' id='word_1_173' title='bbox 500 2242 652 2318; x_wconf 77' lang='lat' dir='ltr'>partiam,</span> <span class='ocrx_word' id='word_1_174' title='bbox 677 2241 740 2299; x_wconf 86' lang='lat' dir='ltr'>sina</span> <span class='ocrx_word' id='word_1_175' title='bbox 761 2253 859 2316; x_wconf 76' lang='lat' dir='ltr'>pugna</span> <span class='ocrx_word' id='word_1_176' title='bbox 885 2245 1095 2316; x_wconf 70' lang='lat' dir='ltr'>renuentum,</span> <span class='ocrx_word' id='word_1_177' title='bbox 1113 2245 1212 2316; x_wconf 86' lang='lat' dir='ltr'>repent</span> 
     </span>
    </p>
   </div>
   <div class='ocr_carea' id='block_1_8' title="bbox 131 2345 1252 4060">
    <p class='ocr_par' dir='ltr' id='par_1_8' title="bbox 136 2345 253 2418">
     <span class='ocr_line' id='line_1_21' title="bbox 136 2345 253 2418; baseline -0.009 -18"><span class='ocrx_word' id='word_1_178' title='bbox 136 2345 253 2418; x_wconf 74' lang='lat' dir='ltr'>nequit.</span> 
     </span>
    </p>

    <p class='ocr_par' dir='ltr' id='par_1_9' title="bbox 131 2435 1217 3287">
     <span class='ocr_line' id='line_1_22' title="bbox 195 2435 1214 2514; baseline -0.004 -15"><span class='ocrx_word' id='word_1_179' title='bbox 195 2439 278 2512; x_wconf 83' lang='lat' dir='ltr'>Quae</span> <span class='ocrx_word' id='word_1_180' title='bbox 299 2454 368 2499; x_wconf 86' lang='lat' dir='ltr'>eum</span> <span class='ocrx_word' id='word_1_181' title='bbox 391 2439 435 2497; x_wconf 88' lang='lat' dir='ltr'>ita</span> <span class='ocrx_word' id='word_1_182' title='bbox 453 2439 529 2514; x_wconf 85' lang='lat' dir='ltr'>sint,</span> <span class='ocrx_word' id='word_1_183' title='bbox 555 2440 663 2500; x_wconf 84' lang='lat' dir='ltr'>reirum</span> <span class='ocrx_word' id='word_1_184' title='bbox 684 2452 749 2498; x_wconf 87' lang='lat' dir='ltr'>esse</span> <span class='ocrx_word' id='word_1_185' title='bbox 775 2452 834 2496; x_wconf 89' lang='lat' dir='ltr'>uun</span> <span class='ocrx_word' id='word_1_186' title='bbox 855 2435 940 2496; x_wconf 87' lang='lat' dir='ltr'>debet</span> <span class='ocrx_word' id='word_1_187' title='bbox 960 2439 986 2496; x_wconf 88' lang='lat' dir='ltr'>ai</span> <span class='ocrx_word' id='word_1_188' title='bbox 1014 2436 1120 2496; x_wconf 75' lang='lat' dir='ltr'>vairas</span> <span class='ocrx_word' id='word_1_189' title='bbox 1142 2436 1214 2496; x_wconf 80' lang='lat' dir='ltr'>haee</span> 
     </span>
     <span class='ocr_line' id='line_1_23' title="bbox 135 2531 1215 2610; baseline -0.005 -14"><span class='ocrx_word' id='word_1_190' title='bbox 135 2535 210 2596; x_wconf 78' lang='lat' dir='ltr'>aileu</span> <span class='ocrx_word' id='word_1_191' title='bbox 228 2537 372 2610; x_wconf 87' lang='lat' dir='ltr'>imperitis</span> <span class='ocrx_word' id='word_1_192' title='bbox 391 2537 481 2594; x_wconf 83' lang='lat' dir='ltr'>attan</span> <span class='ocrx_word' id='word_1_193' title='bbox 499 2535 651 2609; x_wconf 68' lang='lat' dir='ltr'>eluserat,</span> <span class='ocrx_word' id='word_1_194' title='bbox 673 2541 707 2593; x_wconf 93' lang='lat' dir='ltr'>ut</span> <span class='ocrx_word' id='word_1_195' title='bbox 730 2549 816 2594; x_wconf 83' lang='lat' dir='ltr'>neme</span> <span class='ocrx_word' id='word_1_196' title='bbox 841 2547 900 2592; x_wconf 87' lang='lat' dir='ltr'>nea</span> <span class='ocrx_word' id='word_1_197' title='bbox 921 2531 1041 2592; x_wconf 69' lang='lat' dir='ltr'>undeet</span> <span class='ocrx_word' id='word_1_198' title='bbox 1058 2546 1142 2606; x_wconf 84' lang='lat' dir='ltr'>epm,</span> <span class='ocrx_word' id='word_1_199' title='bbox 1163 2535 1215 2607; x_wconf 81' lang='lat' dir='ltr'>qui</span> 
     </span>
     <span class='ocr_line' id='line_1_24' title="bbox 134 2629 1215 2704; baseline -0.003 -14"><span class='ocrx_word' id='word_1_200' title='bbox 134 2633 246 2692; x_wconf 67' lang='lat' dir='ltr'>umet</span> <span class='ocrx_word' id='word_1_201' title='bbox 257 2631 423 2692; x_wconf 71' lang='lat' dir='ltr'>raoehisaus</span> <span class='ocrx_word' id='word_1_202' title='bbox 442 2637 503 2690; x_wconf 81' lang='lat' dir='ltr'>tare</span> <span class='ocrx_word' id='word_1_203' title='bbox 516 2629 673 2691; x_wconf 83' lang='lat' dir='ltr'>artitieiese</span> <span class='ocrx_word' id='word_1_204' title='bbox 686 2631 866 2690; x_wconf 81' lang='lat' dir='ltr'>elaboratam</span> <span class='ocrx_word' id='word_1_205' title='bbox 881 2634 1024 2704; x_wconf 81' lang='lat' dir='ltr'>repertam</span> <span class='ocrx_word' id='word_1_206' title='bbox 1044 2643 1125 2702; x_wconf 84' lang='lat' dir='ltr'>ease,</span> <span class='ocrx_word' id='word_1_207' title='bbox 1140 2643 1215 2704; x_wconf 84' lang='lat' dir='ltr'>qaae</span> 
     </span>
     <span class='ocr_line' id='line_1_25' title="bbox 136 2725 1215 2804; baseline -0.002 -16"><span class='ocrx_word' id='word_1_208' title='bbox 136 2737 218 2788; x_wconf 79' lang='lat' dir='ltr'>metu</span> <span class='ocrx_word' id='word_1_209' title='bbox 240 2730 366 2804; x_wconf 63' lang='lat' dir='ltr'>metium</span> <span class='ocrx_word' id='word_1_210' title='bbox 378 2727 590 2788; x_wconf 84' lang='lat' dir='ltr'>nennuiiaruta</span> <span class='ocrx_word' id='word_1_211' title='bbox 610 2733 691 2787; x_wconf 85' lang='lat' dir='ltr'>aetra</span> <span class='ocrx_word' id='word_1_212' title='bbox 703 2730 854 2803; x_wconf 80' lang='lat' dir='ltr'>suspiciet,</span> <span class='ocrx_word' id='word_1_213' title='bbox 866 2726 953 2786; x_wconf 84' lang='lat' dir='ltr'>tiores</span> <span class='ocrx_word' id='word_1_214' title='bbox 967 2725 1116 2801; x_wconf 65' lang='lat' dir='ltr'>eduum,</span> <span class='ocrx_word' id='word_1_215' title='bbox 1128 2740 1215 2786; x_wconf 73' lang='lat' dir='ltr'>waes</span> 
     </span>
     <span class='ocr_line' id='line_1_26' title="bbox 136 2820 1215 2900; baseline -0.002 -16"><span class='ocrx_word' id='word_1_216' title='bbox 136 2825 251 2900; x_wconf 81' lang='lat' dir='ltr'>audiat,</span> <span class='ocrx_word' id='word_1_217' title='bbox 265 2825 377 2885; x_wconf 69' lang='lat' dir='ltr'>iutitia</span> <span class='ocrx_word' id='word_1_218' title='bbox 390 2824 503 2884; x_wconf 76' lang='lat' dir='ltr'>uuitet</span> <span class='ocrx_word' id='word_1_219' title='bbox 515 2830 568 2884; x_wconf 87' lang='lat' dir='ltr'>aui</span> <span class='ocrx_word' id='word_1_220' title='bbox 577 2823 678 2884; x_wconf 82' lang='lat' dir='ltr'>dature</span> <span class='ocrx_word' id='word_1_221' title='bbox 691 2823 832 2884; x_wconf 81' lang='lat' dir='ltr'>tabescat.</span> <span class='ocrx_word' id='word_1_222' title='bbox 847 2821 1018 2882; x_wconf 77' lang='lat' dir='ltr'>Adversarii</span> <span class='ocrx_word' id='word_1_223' title='bbox 1035 2820 1140 2882; x_wconf 81' lang='lat' dir='ltr'>exinde</span> <span class='ocrx_word' id='word_1_224' title='bbox 1156 2820 1215 2882; x_wconf 81' lang='lat' dir='ltr'>ier·</span> 
     </span>
     <span class='ocr_line' id='line_1_27' title="bbox 131 2918 1217 2998; baseline -0.005 -16"><span class='ocrx_word' id='word_1_225' title='bbox 131 2924 225 2982; x_wconf 84' lang='lat' dir='ltr'>tassia</span> <span class='ocrx_word' id='word_1_226' title='bbox 243 2921 434 2997; x_wconf 62' lang='lat' dir='ltr'>aberaeere,</span> <span class='ocrx_word' id='word_1_227' title='bbox 456 2919 536 2996; x_wconf 82' lang='lat' dir='ltr'>qued</span> <span class='ocrx_word' id='word_1_228' title='bbox 561 2922 722 2980; x_wconf 69' lang='lat' dir='ltr'>mononem</span> <span class='ocrx_word' id='word_1_229' title='bbox 745 2934 858 2998; x_wconf 85' lang='lat' dir='ltr'>semper</span> <span class='ocrx_word' id='word_1_230' title='bbox 886 2918 1015 2996; x_wconf 81' lang='lat' dir='ltr'>utiquam</span> <span class='ocrx_word' id='word_1_231' title='bbox 1036 2921 1138 2996; x_wconf 73' lang='lat' dir='ltr'>urgent</span> <span class='ocrx_word' id='word_1_232' title='bbox 1164 2923 1217 2980; x_wconf 88' lang='lat' dir='ltr'>aut</span> 
     </span>
     <span class='ocr_line' id='line_1_28' title="bbox 135 3014 1215 3094; baseline -0.004 -14"><span class='ocrx_word' id='word_1_233' title='bbox 135 3017 311 3080; x_wconf 66' lang='lat' dir='ltr'>marum</span> <span class='ocrx_word' id='word_1_234' title='bbox 331 3021 496 3080; x_wconf 70' lang='lat' dir='ltr'>maenam</span> <span class='ocrx_word' id='word_1_235' title='bbox 516 3019 650 3078; x_wconf 87' lang='lat' dir='ltr'>eumitari</span> <span class='ocrx_word' id='word_1_236' title='bbox 670 3018 889 3094; x_wconf 80' lang='lat' dir='ltr'>eonspexerint.</span> <span class='ocrx_word' id='word_1_237' title='bbox 909 3014 951 3077; x_wconf 78' lang='lat' dir='ltr'>it</span> <span class='ocrx_word' id='word_1_238' title='bbox 969 3017 1049 3078; x_wconf 87' lang='lat' dir='ltr'>atiud</span> <span class='ocrx_word' id='word_1_239' title='bbox 1064 3017 1150 3094; x_wconf 80' lang='lat' dir='ltr'>lunge</span> <span class='ocrx_word' id='word_1_240' title='bbox 1171 3016 1215 3076; x_wconf 84' lang='lat' dir='ltr'>‹tt-</span> 
     </span>
     <span class='ocr_line' id='line_1_29' title="bbox 136 3113 1216 3190; baseline 0 -18"><span class='ocrx_word' id='word_1_241' title='bbox 136 3131 256 3176; x_wconf 80' lang='lat' dir='ltr'>sersnre</span> <span class='ocrx_word' id='word_1_242' title='bbox 276 3124 322 3176; x_wconf 90' lang='lat' dir='ltr'>est</span> <span class='ocrx_word' id='word_1_243' title='bbox 334 3117 394 3176; x_wconf 79' lang='lat' dir='ltr'>uiuo</span> <span class='ocrx_word' id='word_1_244' title='bbox 406 3117 534 3175; x_wconf 79' lang='lat' dir='ltr'>inuisam</span> <span class='ocrx_word' id='word_1_245' title='bbox 554 3114 697 3190; x_wconf 78' lang='lat' dir='ltr'>reputari,</span> <span class='ocrx_word' id='word_1_246' title='bbox 711 3114 793 3175; x_wconf 80' lang='lat' dir='ltr'>atiud</span> <span class='ocrx_word' id='word_1_247' title='bbox 807 3113 895 3174; x_wconf 85' lang='lat' dir='ltr'>simui</span> <span class='ocrx_word' id='word_1_248' title='bbox 916 3113 1072 3188; x_wconf 76' lang='lat' dir='ltr'>euniund13</span> <span class='ocrx_word' id='word_1_249' title='bbox 1092 3127 1146 3172; x_wconf 83' lang='lat' dir='ltr'>nee</span> <span class='ocrx_word' id='word_1_250' title='bbox 1159 3115 1216 3172; x_wconf 89' lang='lat' dir='ltr'>nisi</span> 
     </span>
     <span class='ocr_line' id='line_1_30' title="bbox 136 3209 1109 3287; baseline 0 -18"><span class='ocrx_word' id='word_1_251' title='bbox 136 3227 256 3272; x_wconf 77' lang='lat' dir='ltr'>crassae</span> <span class='ocrx_word' id='word_1_252' title='bbox 282 3215 371 3272; x_wconf 86' lang='lat' dir='ltr'>nimis</span> <span class='ocrx_word' id='word_1_253' title='bbox 389 3214 540 3271; x_wconf 83' lang='lat' dir='ltr'>minervae</span> <span class='ocrx_word' id='word_1_254' title='bbox 559 3213 723 3287; x_wconf 74' lang='lat' dir='ltr'>ingenium,</span> <span class='ocrx_word' id='word_1_255' title='bbox 745 3227 836 3270; x_wconf 90' lang='lat' dir='ltr'>unum</span> <span class='ocrx_word' id='word_1_256' title='bbox 860 3225 913 3286; x_wconf 86' lang='lat' dir='ltr'>pru</span> <span class='ocrx_word' id='word_1_257' title='bbox 936 3211 995 3270; x_wconf 85' lang='lat' dir='ltr'>aiio</span> <span class='ocrx_word' id='word_1_258' title='bbox 1013 3209 1109 3270; x_wconf 84' lang='lat' dir='ltr'>habet.</span> 
     </span>
    </p>

    <p class='ocr_par' dir='ltr' id='par_1_10' title="bbox 133 3301 1252 4060">
     <span class='ocr_line' id='line_1_31' title="bbox 196 3301 1252 3386; baseline -0.002 -18"><span class='ocrx_word' id='word_1_259' title='bbox 196 3309 276 3370; x_wconf 83' lang='lat' dir='ltr'>flues</span> <span class='ocrx_word' id='word_1_260' title='bbox 297 3312 387 3386; x_wconf 74' lang='lat' dir='ltr'>igitur</span> <span class='ocrx_word' id='word_1_261' title='bbox 409 3309 595 3383; x_wconf 74' lang='lat' dir='ltr'>afflictantes,</span> <span class='ocrx_word' id='word_1_262' title='bbox 611 3311 804 3368; x_wconf 67' lang='lat' dir='ltr'>senmuunam</span> <span class='ocrx_word' id='word_1_263' title='bbox 828 3309 942 3367; x_wconf 81' lang='lat' dir='ltr'>ustione</span> <span class='ocrx_word' id='word_1_264' title='bbox 965 3307 1091 3384; x_wconf 82' lang='lat' dir='ltr'>quedam</span> <span class='ocrx_word' id='word_1_265' title='bbox 1113 3310 1216 3367; x_wconf 86' lang='lat' dir='ltr'>imma·</span> <span class='ocrx_word' id='word_1_266' title='bbox 1248 3301 1252 3308; x_wconf 84' lang='lat'>&#39;</span> 
     </span>
     <span class='ocr_line' id='line_1_32' title="bbox 135 3402 1217 3480; baseline -0.004 -16"><span class='ocrx_word' id='word_1_267' title='bbox 135 3412 224 3464; x_wconf 81' lang='lat' dir='ltr'>sente</span> <span class='ocrx_word' id='word_1_268' title='bbox 245 3407 389 3465; x_wconf 76' lang='lat' dir='ltr'>watineri</span> <span class='ocrx_word' id='word_1_269' title='bbox 403 3405 530 3464; x_wconf 78' lang='lat' dir='ltr'>dicimus</span> <span class='ocrx_word' id='word_1_270' title='bbox 549 3419 608 3480; x_wconf 87' lang='lat' dir='ltr'>qua</span> <span class='ocrx_word' id='word_1_271' title='bbox 621 3419 744 3480; x_wconf 77' lang='lat' dir='ltr'>corpora</span> <span class='ocrx_word' id='word_1_272' title='bbox 764 3417 923 3478; x_wconf 84' lang='lat' dir='ltr'>eurumque</span> <span class='ocrx_word' id='word_1_273' title='bbox 938 3404 1093 3480; x_wconf 86' lang='lat' dir='ltr'>qualitates</span> <span class='ocrx_word' id='word_1_274' title='bbox 1115 3402 1217 3462; x_wconf 83' lang='lat' dir='ltr'>adver·</span> 
     </span>
     <span class='ocr_line' id='line_1_33' title="bbox 134 3501 1217 3576; baseline -0.001 -17"><span class='ocrx_word' id='word_1_275' title='bbox 134 3503 237 3559; x_wconf 87' lang='lat' dir='ltr'>timus.</span> <span class='ocrx_word' id='word_1_276' title='bbox 260 3501 340 3560; x_wconf 83' lang='lat' dir='ltr'>flaee</span> <span class='ocrx_word' id='word_1_277' title='bbox 364 3507 461 3560; x_wconf 88' lang='lat' dir='ltr'>autem</span> <span class='ocrx_word' id='word_1_278' title='bbox 485 3503 579 3576; x_wconf 83' lang='lat' dir='ltr'>astte,</span> <span class='ocrx_word' id='word_1_279' title='bbox 604 3516 672 3558; x_wconf 85' lang='lat' dir='ltr'>eum</span> <span class='ocrx_word' id='word_1_280' title='bbox 699 3501 819 3558; x_wconf 85' lang='lat' dir='ltr'>omnino</span> <span class='ocrx_word' id='word_1_281' title='bbox 845 3502 885 3558; x_wconf 85' lang='lat' dir='ltr'>sit</span> <span class='ocrx_word' id='word_1_282' title='bbox 911 3501 957 3558; x_wconf 90' lang='lat' dir='ltr'>sui</span> <span class='ocrx_word' id='word_1_283' title='bbox 976 3501 1090 3576; x_wconf 79' lang='lat' dir='ltr'>generis</span> <span class='ocrx_word' id='word_1_284' title='bbox 1114 3505 1144 3558; x_wconf 87' lang='lat' dir='ltr'>et</span> <span class='ocrx_word' id='word_1_285' title='bbox 1164 3501 1217 3558; x_wconf 85' lang='lat' dir='ltr'>im·</span> 
     </span>
     <span class='ocr_line' id='line_1_34' title="bbox 134 3595 1216 3673; baseline -0.003 -16"><span class='ocrx_word' id='word_1_286' title='bbox 134 3599 280 3657; x_wconf 69' lang='lat' dir='ltr'>madiam</span> <span class='ocrx_word' id='word_1_287' title='bbox 298 3601 494 3673; x_wconf 74' lang='lat' dir='ltr'>experientiae</span> <span class='ocrx_word' id='word_1_288' title='bbox 509 3597 702 3670; x_wconf 85' lang='lat' dir='ltr'>subiiciatur,</span> <span class='ocrx_word' id='word_1_289' title='bbox 716 3596 833 3655; x_wconf 80' lang='lat' dir='ltr'>facilius</span> <span class='ocrx_word' id='word_1_290' title='bbox 860 3595 984 3672; x_wconf 79' lang='lat' dir='ltr'>intelligi</span> <span class='ocrx_word' id='word_1_291' title='bbox 1014 3602 1108 3671; x_wconf 89' lang='lat' dir='ltr'>potest</span> <span class='ocrx_word' id='word_1_292' title='bbox 1127 3611 1216 3671; x_wconf 85' lang='lat' dir='ltr'>quam</span> 
     </span>
     <span class='ocr_line' id='line_1_35' title="bbox 133 3692 1215 3770; baseline -0.004 -16"><span class='ocrx_word' id='word_1_293' title='bbox 133 3695 286 3770; x_wconf 82' lang='lat' dir='ltr'>enpiieari.</span> <span class='ocrx_word' id='word_1_294' title='bbox 314 3695 359 3754; x_wconf 79' lang='lat' dir='ltr'>Es</span> <span class='ocrx_word' id='word_1_295' title='bbox 378 3697 456 3754; x_wconf 88' lang='lat' dir='ltr'>enim</span> <span class='ocrx_word' id='word_1_296' title='bbox 483 3693 640 3754; x_wconf 81' lang='lat' dir='ltr'>dumtaxat</span> <span class='ocrx_word' id='word_1_297' title='bbox 659 3693 791 3768; x_wconf 80' lang='lat' dir='ltr'>indigent</span> <span class='ocrx_word' id='word_1_298' title='bbox 814 3692 981 3768; x_wconf 82' lang='lat' dir='ltr'>explicatu,</span> <span class='ocrx_word' id='word_1_299' title='bbox 998 3707 1073 3767; x_wconf 86' lang='lat' dir='ltr'>quae</span> <span class='ocrx_word' id='word_1_300' title='bbox 1091 3707 1149 3750; x_wconf 89' lang='lat' dir='ltr'>non</span> <span class='ocrx_word' id='word_1_301' title='bbox 1171 3692 1215 3751; x_wconf 86' lang='lat' dir='ltr'>iu·</span> 
     </span>
     <span class='ocr_line' id='line_1_36' title="bbox 134 3788 1217 3867; baseline -0.005 -16"><span class='ocrx_word' id='word_1_302' title='bbox 134 3798 204 3851; x_wconf 86' lang='lat' dir='ltr'>eent</span> <span class='ocrx_word' id='word_1_303' title='bbox 219 3793 284 3867; x_wconf 88' lang='lat' dir='ltr'>ipsa</span> <span class='ocrx_word' id='word_1_304' title='bbox 305 3808 358 3867; x_wconf 85' lang='lat' dir='ltr'>per</span> <span class='ocrx_word' id='word_1_305' title='bbox 377 3807 410 3850; x_wconf 83' lang='lat' dir='ltr'>se</span> <span class='ocrx_word' id='word_1_306' title='bbox 433 3806 488 3850; x_wconf 87' lang='lat' dir='ltr'>nee</span> <span class='ocrx_word' id='word_1_307' title='bbox 511 3789 681 3849; x_wconf 80' lang='lat' dir='ltr'>immediate</span> <span class='ocrx_word' id='word_1_308' title='bbox 703 3791 888 3864; x_wconf 75' lang='lat' dir='ltr'>attinguntur</span> <span class='ocrx_word' id='word_1_309' title='bbox 908 3789 1116 3866; x_wconf 82' lang='lat' dir='ltr'>experimento.</span> <span class='ocrx_word' id='word_1_310' title='bbox 1134 3788 1217 3861; x_wconf 83' lang='lat' dir='ltr'>Quae</span> 
     </span>
     <span class='ocr_line' id='line_1_37' title="bbox 133 3878 1215 3964; baseline -0.005 -19"><span class='ocrx_word' id='word_1_311' title='bbox 133 3895 237 3959; x_wconf 80' lang='lat' dir='ltr'>autern</span> <span class='ocrx_word' id='word_1_312' title='bbox 254 3878 407 3964; x_wconf 77' lang='lat' dir='ltr'>perspicua</span> <span class='ocrx_word' id='word_1_313' title='bbox 424 3894 496 3946; x_wconf 88' lang='lat' dir='ltr'>snut</span> <span class='ocrx_word' id='word_1_314' title='bbox 516 3902 569 3962; x_wconf 90' lang='lat' dir='ltr'>per</span> <span class='ocrx_word' id='word_1_315' title='bbox 582 3901 627 3961; x_wconf 86' lang='lat' dir='ltr'>se,</span> <span class='ocrx_word' id='word_1_316' title='bbox 649 3901 685 3944; x_wconf 91' lang='lat' dir='ltr'>sa</span> <span class='ocrx_word' id='word_1_317' title='bbox 696 3886 748 3960; x_wconf 83' lang='lat' dir='ltr'>qni</span> <span class='ocrx_word' id='word_1_318' title='bbox 767 3883 914 3944; x_wconf 80' lang='lat' dir='ltr'>iilustrare</span> <span class='ocrx_word' id='word_1_319' title='bbox 937 3883 1034 3943; x_wconf 79' lang='lat' dir='ltr'>studet</span> <span class='ocrx_word' id='word_1_320' title='bbox 1055 3885 1215 3959; x_wconf 80' lang='lat' dir='ltr'>periculum</span> 
     </span>
     <span class='ocr_line' id='line_1_38' title="bbox 134 3980 1214 4060; baseline -0.001 -19"><span class='ocrx_word' id='word_1_321' title='bbox 134 3984 259 4042; x_wconf 77' lang='lat' dir='ltr'>incurrit</span> <span class='ocrx_word' id='word_1_322' title='bbox 276 3999 313 4042; x_wconf 92' lang='lat' dir='ltr'>ne</span> <span class='ocrx_word' id='word_1_323' title='bbox 326 3997 381 4060; x_wconf 85' lang='lat' dir='ltr'>pru</span> <span class='ocrx_word' id='word_1_324' title='bbox 405 3985 471 4042; x_wconf 86' lang='lat' dir='ltr'>ines</span> <span class='ocrx_word' id='word_1_325' title='bbox 487 3981 624 4046; x_wconf 78' lang='lat' dir='ltr'>tenebras</span> <span class='ocrx_word' id='word_1_326' title='bbox 647 3980 764 4041; x_wconf 68' lang='lat' dir='ltr'>sitast.</span> <span class='ocrx_word' id='word_1_327' title='bbox 789 3981 861 4053; x_wconf 85' lang='lat' dir='ltr'>Quis</span> <span class='ocrx_word' id='word_1_328' title='bbox 880 3995 951 4040; x_wconf 83' lang='lat' dir='ltr'>varo</span> <span class='ocrx_word' id='word_1_329' title='bbox 971 3981 1083 4056; x_wconf 84' lang='lat' dir='ltr'>estqui</span> <span class='ocrx_word' id='word_1_330' title='bbox 1104 3993 1136 4037; x_wconf 89' lang='lat' dir='ltr'>se</span> <span class='ocrx_word' id='word_1_331' title='bbox 1154 3993 1214 4040; x_wconf 83' lang='lat' dir='ltr'>nun</span> 
     </span>
    </p>
   </div>
   <div class='ocr_carea' id='block_1_9' title="bbox 0 0 1455 4425">
    <p class='ocr_par' dir='ltr' id='par_1_11' title="bbox 0 0 1455 4425">
     <span class='ocr_line' id='line_1_39' title="bbox 0 0 1455 4425; baseline 0 0"><span class='ocrx_word' id='word_1_332' title='bbox 0 0 1455 4425; x_wconf 95' lang='lat' dir='ltr'> </span> 
     </span>
    </p>
   </div>
  </div>
 </body>
</html>
