2892 4425
455 392 460 403 ·
570 378 646 421 oses
668 366 785 423 s‘nnnss
1173 376 1210 426 et

136 491 201 560 tum
222 487 358 562 congerie
378 492 642 562 coogmcnnretur.
663 488 729 560 Quo
745 502 843 549 errore
861 488 933 547 nibii
958 496 1004 549 cst
1032 493 1063 549 in
1082 494 1224 560 sciendis

17 590 21 595 “
134 584 330 659 perniciosum
357 587 474 662 megis3
504 600 572 645 unm
601 585 806 653 certitudinem
836 588 955 654 omnino
985 588 1135 665 decem,
1164 606 1210 649 so·

134 680 255 758 tumque
276 698 424 745 summum
442 683 566 761 gradum
588 684 800 759 probabilitatis.
820 685 1004 762 relinqueret.

545 879 729 941 Asnreuuus
749 880 801 941 iii.

275 1078 321 1139 Dc
337 1078 484 1141 iuncone
499 1080 686 1159 iponruntiue
702 1086 792 1160 aum
805 1098 942 1146 errorem
957 1086 1065 1146 musei.
1084 1120 1089 1129 ·

197 1276 245 1331 ts.
268 1270 397 1331 Breviter
414 1286 468 1331 nos
482 1270 553 1331 binc
567 1270 771 1347 expediemus,
788 1274 868 1349 quod
883 1275 962 1333 enim
976 1280 1092 1349 tempus
1109 1277 1140 1333 in
1157 1275 1209 1335 bu·

134 1384 239 1429 menne
253 1370 435 1445 ignominiae
456 1368 621 1429 scrutandis
642 1369 774 1432 fontibus
791 1373 895 1433 teritur
912 1371 1046 1447 (quorum
1067 1372 1210 1449 pindoque

134 1466 295 1527 remedium
317 1484 369 1543 per
386 1472 541 1543 praecepte
557 1467 690 1530 adhiberi
706 1468 820 1537 unitum
842 1472 958 1546 potest),
975 1471 1006 1533 id
1026 1471 1065 1531 nd
1079 1472 1209 1533 eumdem
1233 1540 1236 1547 ,

132 1566 333 1641 depeiicndem
357 1568 450 1627 setius
475 1572 520 1627 est
541 1566 710 1631 uunsferre.
737 1567 924 1643 lgnornntiee
947 1572 1053 1647 igitur,
1078 1586 1155 1647 pune
1178 1574 1210 1631 in

135 1664 312 1741 cognitionis
333 1666 463 1725 cotentio
483 1668 653 1741 reponitur,
672 1682 762 1728 conen
783 1674 829 1727 est
850 1670 977 1743 primum
1000 1672 1065 1745 ipeo
1090 1676 1213 1733 neutrum

133 1762 274 1823 conditio.
298 1762 488 1823 bennonim
511 1766 641 1828 scientiis
662 1763 783 1828 orbatus
799 1768 942 1841 nescitur,
967 1766 1006 1835 cd
1026 1782 1101 1843 pune
1124 1768 1211 1844 pede·

132 1864 236 1921 tentim
254 1861 465 1937 componendos
484 1862 639 1937 industrie,
661 1862 777 1939 iubere,
789 1880 929 1930 menum
946 1867 1214 1942 ministeriumque

133 1958 238 2019 sedule
257 1962 362 2017 mentis
384 1961 559 2035 cogitnuone
580 1960 703 2037 indiget,
730 1961 785 2026 Est
803 1962 872 2024 bino
893 1970 927 2031 ut
943 1980 1002 2024 noo
1024 1980 1118 2039 purus
1139 1971 1212 2031 tem

133 2060 213 2133 poris
236 2056 463 2134 intercapedine,
486 2058 557 2123 dum
575 2057 734 2134 udoiescsi,
757 2076 853 2129 rerum
873 2060 932 2122 iere
947 2064 1078 2124 nonium
1094 2064 1210 2138 ignom·

131 2158 213 2218 tione
232 2162 376 2222 numine
396 2157 506 2226 Deinde
522 2174 591 2218 cum
609 2157 644 2226 iii
665 2165 760 2225 seinte
781 2162 944 2236 pmvmuor
961 2168 991 2230 ti
1012 2160 1050 2230 iiii
1074 2162 1212 2232 metite

112 2257 254 2332 ·sppeiiit
276 2259 429 2333 animum,
450 2260 539 2326 etiem
557 2264 620 2328 nnn
639 2257 677 2326 nd
694 2257 852 2328 unitorum
877 2263 1011 2331 notitiam
1030 2276 1088 2325 oon
1112 2277 1210 2330 snus·

133 2357 193 2432 git,
213 2357 277 2417 sive
294 2357 407 2418 rniiono
428 2357 571 2430 limitum,
595 2357 702 2434 ouibus
722 2374 806 2424 meos
826 2359 956 2426 humone
977 2357 1128 2434 definitur,
1149 2361 1212 2424 sine

133 2453 249 2516 defectu
268 2457 474 2532 experientiae,
493 2471 529 2524 en
546 2471 605 2532 pue
623 2458 745 2524 wieube
758 2455 887 2523 nominis
903 2455 1062 2524 motur-
1085 2455 1141 2521 itis
1155 2471 1212 2522 nit·

133 2553 195 2614 deri
215 2553 427 2630 incommodis,
452 2555 592 2630 aliisque,
612 2571 688 2631 pune
710 2555 812 2618 omnin
833 2553 942 2620 setene
961 2567 1210 2629 superuacaneum

134 2657 218 2727 puto,
237 2654 267 2712 in
286 2659 386 2712 nostre
409 2659 552 2729 potestate
571 2669 631 2720 neu
651 2660 706 2718 esi.
727 2652 783 2720 liin
801 2655 1085 2728 poenituerimus,
1105 2650 1212 2728 quiin

137 2750 296 2810 remedium
319 2751 437 2826 anuod
457 2751 562 2814 niseni
577 2757 684 2826 poieti-
805 2741 812 2758 ’

8 2907 11 2918 ,
194 2847 239 2906 Ex
265 2847 371 2910 horum
393 2865 515 2912 numero
540 2855 590 2910 est¹
610 2852 738 2926 primurn
751 2855 826 2941 ¹tem
852 2849 957 2916 inertie
980 2848 1122 2924 eumden
1148 2851 1212 2909 eoi·
1288 2876 1293 2884 =
1343 2859 1354 2876 ·

136 2945 233 3021 mique
255 2951 367 3022 torpor,
391 2953 453 3014 tum
478 2948 661 3022 uoiuptntum
685 2951 834 3024 appetitio,
860 2947 913 3012 iiie
932 2963 951 3016 ti
973 2947 1122 3013 laboribus
1144 2945 1210 3006 ebs·

134 3049 244 3118 terret,
263 3047 314 3119 qni
339 3043 377 3106 nd
401 3047 538 3108 scientius
557 3052 692 3122 artesque
715 3046 907 3116 addimit
926 3045 1101 3121 sumundi
1121 3052 1211 3118 eunti
1318 3079 1323 3084 ·

134 3141 207 3200 baec
221 3149 347 3202 mentem
365 3143 473 3206 nitennt
491 3151 520 3204 et
539 3160 678 3205 mnsuom
696 3145 916 3212 obiectamentie
935 3144 1058 3214 uidens
1080 3147 1145 3210 nete
1164 3144 1212 3204 dc·

133 3243 230 3299 stituit
254 3256 288 3299 nc
311 3241 415 3317 perdit.
441 3241 527 3300 Unde
548 3241 583 3301 iit
604 3248 637 3300 ut
658 3243 755 3302 miseri
781 3241 812 3301 bi
838 3243 987 3318 bominee,
1011 3243 1092 3302 silice
1110 3259 1210 3318 prope·

134 3337 254 3398 modum
277 3339 462 3416 stupidiores,
482 3339 556 3398 nihii
576 3338 649 3416 iere,
670 3341 750 3418 quod
768 3357 886 3401 sensum
906 3345 1033 3417 superet,
1053 3340 1213 3418 intelligere

134 3437 263 3496 valeant.

193 3537 295 3594 Attene
319 3537 501 3614 ignorantiae
527 3551 616 3596 censu
642 3535 713 3596 ordo
739 3543 939 3618 praeposterus
965 3536 1128 3610 studiorum
1154 3543 1209 3596 est.

131 3633 198 3692 Non
216 3637 303 3708 pauci
319 3637 398 3694 enim
417 3641 487 3694 suni
508 3641 607 3696 nostro
626 3637 799 3711 praesertim
818 3641 1005 3710 tempestate,
1023 3635 1093 3708 qni,
1112 3649 1212 3700 rnorue

132 3733 334 3809 impatientes,
360 3739 411 3793 eui
434 3733 548 3810 pueruli
575 3734 613 3793 ed
639 3733 958 3809 philosophumenon
980 3747 1012 3791 so
1036 3731 1211 3807 conterunt,

133 3838 289 3907 antequam
305 3830 485 3892 iaeiiioribus
503 3831 677 3908 disciplinis,
694 3836 781 3892 nenti
801 3833 1015 3908 consentaneis,
1032 3837 1159 3889 mentem
1175 3830 1212 3888 od

133 3928 237 3988 altiore
255 3931 468 4008 disposuerint3
486 3937 538 3991 eut
556 3933 584 3990 in
604 3931 702 4007 plures
721 3933 859 3990 scientias
878 3947 985 4006 esusque
1004 3931 1137 4004 dissitos,
1150 3929 1212 4002 qui·

133 4027 188 4086 bus
207 4045 260 4088 nee
284 4037 397 4106 tempus
418 4046 471 4090 nec
494 4032 641 4107 ingenium
664 4032 811 4106 suppetit,
836 4029 923 4090 simui
944 4027 1127 4089 incumbunt.
1148 4028 1212 4098 Quo
