2892 4425
261 357 315 410 152
586 360 824 406 ΙΙῙΔΡΙΙΥΠΩΛΙ
845 361 1011 409 dmin-is

255 490 316 549 qua
332 478 471 531 externae
482 471 550 530 iiias
563 470 783 530 individuorum
798 472 995 546 proprimates
1002 470 1141 530 coiicctas
1153 472 1277 547 atquaai
1289 465 1339 530 de·

260 572 355 643 pistas
367 571 569 627 inveniuntur.
585 569 683 643 Atque
695 567 753 627 hoc
768 574 868 643 aperis
880 567 981 626 docait
999 567 1031 627 S.
1044 568 1174 627 Thomas
1188 570 1336 642 iaqoiem:

262 691 274 715 a
298 664 467 723 Intellectus
491 672 590 723 noster
610 664 720 724 directe
743 680 801 723 non
827 671 873 723 set
897 667 1116 739 mgnmmnsm
1140 668 1197 724 nisi
1217 667 1338 723 cuium-

261 761 427 833 «cahom
447 761 587 821 indirecte
612 768 710 821 auten
738 768 769 820 ct
785 764 870 837 qnasi
891 777 942 836 psr
964 762 1123 836 qmmdam
1151 760 1337 819 roderionen

262 883 274 907 ι
298 863 394 932 poisat
411 873 586 934 cognoscere
605 859 756 933 dnguiare
771 860 792 915 ¹.
812 884 824 907 ·
844 857 878 917 id
892 864 989 917 antem
1012 858 1098 917 vaide
1115 866 1260 917 consonat
1277 860 1335 919 ori·

257 956 318 1031 gini
339 953 487 1029 mrum,
509 969 599 1029 quarn
626 970 729 1014 annam
747 954 935 1029 explicaturi.
962 953 1037 1013 iiam
1056 956 1082 1013 ai
1100 954 1265 1013 inteiisotus
1285 970 1337 1013 no·

256 1058 328 1126 star,
344 1056 379 1110 ut
394 1056 495 1126 postca
506 1052 651 1125 dicaam,
670 1050 750 1109 idem
768 1066 837 1109 suaa
854 1050 1034 1109 umvsreaiss
1049 1050 1193 1110 abstrahit
1213 1050 1334 1109 erehaa

256 1165 344 1208 man
364 1148 552 1224 apprehensis
574 1162 610 1206 nc
627 1146 684 1207 sihi
706 1163 758 1223 per
778 1146 953 1223 phantasma
973 1148 1189 1224 impanationis
1209 1146 1336 1221 sunda,

258 1247 360 1321 mouit
383 1244 512 1319 proiecto
541 1260 600 1303 non
626 1243 859 1303 animadvertero
888 1244 983 1303 reditu
1009 1242 1137 1319 quodem
1165 1246 1336 1303 attentionis

258 1343 433 1417 phantasma
444 1342 562 1415 ipsum,
574 1356 610 1400 ex
623 1356 684 1417 qno
701 1340 849 1400 obtortum
866 1356 937 1401 suae
947 1342 1121 1417 cognitionis
1135 1341 1245 1400 elicuit.
1261 1341 1335 1401 Cum

259 1455 329 1498 roro
349 1438 388 1497 ibi
409 1437 600 1512 particularia
624 1439 842 1513 condantur,
861 1440 962 1513 nequit
978 1438 1078 1497 eadam
1099 1453 1158 1496 non
1179 1440 1333 1515 attingere.

320 1534 364 1592 iia
383 1533 430 1591 his
450 1533 560 1609 iiqnido
578 1540 705 1608 apparat
717 1534 798 1610 quod
825 1534 892 1593 iicet
911 1537 1040 1610 cognitio
1062 1540 1161 1593 nostm
1174 1538 1334 1610 generahm

258 1633 388 1704 impacta
404 1644 423 1687 a
440 1628 640 1704 eingniarihns
658 1630 851 1706 percipiendis
867 1632 1033 1706 auspicetur
1053 1630 1165 1704 (samos
1178 1633 1257 1690 enirn
1277 1646 1335 1691 non

258 1733 393 1785 versatur
411 1728 469 1785 nisi
493 1728 573 1784 circo
588 1728 781 1803 singularia);
808 1734 906 1787 tamm
929 1730 1057 1804 cognitio
1075 1734 1163 1803 prout
1182 1734 1226 1787 est
1253 1730 1335 1789 intot-

259 1824 377 1897 isctiva,
397 1823 438 1881 ah
456 1822 673 1884 nniversaiihua
687 1824 841 1883 exordium
860 1824 953 1883 ducit.
976 1823 1017 1883 At
1033 1826 1063 1883 in
1082 1824 1127 1883 his
1144 1826 1337 1900 percipiendis

258 1936 317 1997 quo
345 1921 448 1979 ordine
477 1918 628 1995 pasnadii?
660 1919 916 1981 Universaiiorans
945 1922 1025 1995 prius
1055 1920 1268 1997 apprehendit,
1298 1939 1336 1982 au

258 2025 361 2076 contra
378 2018 476 2076 mium
490 2018 689 2076 universatis?
706 2018 845 2091 Quaestio
863 2017 935 2077 haec
951 2016 1089 2094 periaciio
1106 2018 1278 2094 sniritur,si
1292 2026 1336 2079 at-

257 2116 395 2175 tondetur
412 2114 542 2175 conditio
564 2114 729 2175 intaiisctns
749 2116 839 2175 nostri
858 2122 1002 2190 quatenns
1022 2115 1059 2175 de
1081 2117 1210 2191 potanda
1231 2118 1337 2175 transit

255 2212 293 2273 ad
310 2220 421 2273 aeman.
438 2214 527 2290 Nam,
548 2221 582 2273 ot
593 2215 704 2289 optime
721 2212 858 2274 emovet
872 2212 904 2273 S.
916 2211 1047 2273 Thomna
1058 2217 1084 2288 ¹,
1097 2212 1240 2290 quidquid
1255 2219 1334 2273 hen·

258 2313 299 2369 sit
315 2310 352 2369 ds
371 2311 501 2384 potentia
518 2310 556 2370 ad
575 2317 687 2384 actoru,
706 2312 789 2386 priua
804 2311 937 2386 punenii
955 2309 995 2368 ad
1012 2315 1110 2368 actum
1129 2311 1336 2384 innompietnrn

258 2421 347 2482 quam
368 2404 407 2464 ad
429 2413 526 2466 actum
549 2408 726 2482 compictum
746 2412 775 2464 ct
798 2405 970 2481 perrectum.
993 2405 1084 2465 hctus
1107 2412 1205 2464 autern
1228 2405 1335 2465 iniciis

258 2510 324 2562 ctus
339 2507 384 2562 est
401 2505 540 2580 cognitio.
561 2503 638 2580 Ergo
657 2502 820 2562 intaiisctua
837 2509 948 2580 emtor,
962 2509 1061 2578 utputa
1074 2502 1111 2560 de
1127 2504 1257 2577 potantia
1272 2520 1334 2577 pro

258 2601 364 2660 mena
384 2600 422 2660 od
441 2607 551 2676 amum,
571 2602 652 2676 prins
671 2603 796 2677 anquirit
818 2599 855 2658 da
872 2601 959 2660 rohas
975 2599 1174 2676 imperfectam
1194 2603 1333 2677 cognitio-

258 2714 348 2772 nem,
369 2705 457 2774 atque
475 2713 512 2757 sx
534 2698 585 2757 iiia
605 2699 750 2776 gradatim
772 2696 809 2757 ad
831 2697 1029 2772 periendomm
1048 2697 1244 2773 progreditur.
1272 2699 1332 2757 iam

261 2811 331 2854 vero
350 2797 479 2870 cognitio
503 2811 563 2871 qno
588 2802 634 2855 ast
655 2795 862 2869 universalior,
886 2811 921 2852 eo
939 2781 984 2853 ast
1007 2793 1214 2870 imperfectior.
1237 2794 1333 2854 ideam

258 2893 336 2950 enim
351 2894 393 2950 rei
407 2892 574 2966 suppeditet
586 2892 787 2953 indistinctam
801 2899 832 2952 st
844 2891 1009 2968 confusam,
1019 2907 1095 2968 quae
1106 2891 1244 2968 deinceps
1257 2891 1333 2952 eddi·

258 2990 339 3047 tiono
351 2993 500 3063 notarum,
514 2995 603 3064 atque
620 2989 685 3048 idco
696 2991 896 3049 contractione
914 2989 1153 3064 uuivereaiitatis,
1172 2988 1334 3048 distinctior

260 3091 289 3144 ct
307 3083 462 3160 porrectior
476 3083 584 3142 avadit.
601 3085 678 3170 ilinc
690 3086 798 3146 inferes
812 3089 842 3146 in
858 3088 1007 3162 primitive
1020 3089 1124 3146 mentis
1138 3093 1255 3146 nostras
1267 3103 1332 3144 ero·

260 3182 370 3242 tutione
389 3179 498 3254 ideam,
511 3195 588 3255 quas
605 3183 700 3255 primo
715 3183 851 3260 aiiuiget,
865 3199 928 3242 esse
948 3183 1043 3243 ideam
1061 3186 1156 3258 antis,
1172 3183 1247 3242 hacc
1257 3185 1332 3242 enim

259 3281 391 3336 omniurn
406 3277 657 3337 miversattssima
677 3286 721 3338 cst
741 3288 771 3339 et
792 3282 951 3340 maximam
968 3281 1268 3340 indeterminationam
1282 3279 1332 3337 ha·

259 3373 324 3448 hct3
341 3389 376 3434 aa
389 3379 542 3450 propterea
555 3373 612 3434 soh
631 3375 688 3435 hoc
709 3383 840 3453 respectu
855 3378 986 3438 omnium
1008 3376 1258 3452 imperfectissima
1277 3377 1333 3436 dici

318 3569 383 3642 Qua
402 3571 433 3628 in
453 3585 505 3646 re,
535 3587 572 3630 na
595 3587 677 3631 error
696 3572 840 3649 obrepet,
868 3573 988 3633 advorto
1007 3572 1258 3648 abstractionem,
1278 3587 1334 3652 qua

259 3665 354 3725 ideam
373 3667 568 3726 universalem
589 3669 788 3744 procudimus,
809 3670 955 3746 dupiiosm
974 3687 1053 3730 osse:
1077 3687 1167 3731 unam
1187 3670 1336 3731 immedio-

258 3766 323 3854 „⁸⁰¹”
340 3771 371 3824 ct
393 3762 559 3839 ducciam,
587 3767 707 3828 aiteram
729 3766 893 3827 modiatam
912 3775 942 3826 et
961 3767 1114 3845 reflexam.
1135 3768 1236 3828 Prima
1255 3785 1336 3828 arar·

320 3897 453 3944 asum
470 3895 555 3945 Thoai.
572 3903 673 3959 ip.,q.
690 3903 730 3958 tt,
746 3909 768 3946 a.
785 3905 806 3946 a.

319 3977 454 4026 isonam
473 3975 560 4026 Thoai.
575 3985 586 4027 1
600 3990 641 4039 p,
652 3989 679 4039 q.
692 3983 734 4036 to,
747 3989 770 4026 a.
785 3984 806 4026 a.
