<?xml version="1.0" encoding="UTF-8"?>
<!DOCTYPE html PUBLIC "-//W3C//DTD XHTML 1.0 Transitional//EN"
    "http://www.w3.org/TR/xhtml1/DTD/xhtml1-transitional.dtd">
<html xmlns="http://www.w3.org/1999/xhtml" xml:lang="en" lang="en">
 <head>
  <title>
</title>
<meta http-equiv="Content-Type" content="text/html;charset=utf-8" />
  <meta name='ocr-system' content='tesseract 3.04.00' />
  <meta name='ocr-capabilities' content='ocr_page ocr_carea ocr_par ocr_line ocrx_word'/>
</head>
<body>
  <div class='ocr_page' id='page_1' title='image "./institutionesph01libegoog_0213.png"; bbox 0 0 2892 4425; ppageno 0'>
   <div class='ocr_carea' id='block_1_1' title="bbox 569 374 1237 432">
    <p class='ocr_par' dir='ltr' id='par_1_1' title="bbox 569 374 1237 432">
     <span class='ocr_line' id='line_1_1' title="bbox 569 374 1237 432; baseline 0.012 -15"><span class='ocrx_word' id='word_1_1' title='bbox 569 376 625 418; x_wconf 80' lang='lat' dir='ltr'><strong>ssu</strong></span> <span class='ocrx_word' id='word_1_2' title='bbox 649 375 829 420; x_wconf 78' lang='lat' dir='ltr'><strong>unnuuouia</strong></span> <span class='ocrx_word' id='word_1_3' title='bbox 1102 427 1104 432; x_wconf 50' lang='grc'><strong>,</strong></span> <span class='ocrx_word' id='word_1_4' title='bbox 1181 374 1237 425; x_wconf 67' lang='grc'><strong>107</strong></span> 
     </span>
    </p>
   </div>
   <div class='ocr_carea' id='block_1_2' title="bbox 157 473 1242 1733">
    <p class='ocr_par' dir='ltr' id='par_1_2' title="bbox 157 473 1239 658">
     <span class='ocr_line' id='line_1_2' title="bbox 157 473 1239 563; baseline 0.005 -18"><span class='ocrx_word' id='word_1_5' title='bbox 157 489 267 545; x_wconf 79' lang='lat' dir='ltr'><strong>donem</strong></span> <span class='ocrx_word' id='word_1_6' title='bbox 288 473 434 558; x_wconf 87' lang='lat' dir='ltr'><strong>instituit,</strong></span> <span class='ocrx_word' id='word_1_7' title='bbox 458 490 547 560; x_wconf 79' lang='lat' dir='ltr'><strong>atque</strong></span> <span class='ocrx_word' id='word_1_8' title='bbox 569 487 707 562; x_wconf 83' lang='lat' dir='ltr'><strong>utrinque</strong></span> <span class='ocrx_word' id='word_1_9' title='bbox 728 483 886 544; x_wconf 71' lang='lat' dir='ltr'><strong>discrimen</strong></span> <span class='ocrx_word' id='word_1_10' title='bbox 904 491 934 546; x_wconf 89' lang='lat' dir='ltr'><strong>et</strong></span> <span class='ocrx_word' id='word_1_11' title='bbox 956 487 1167 563; x_wconf 88' lang='lat' dir='ltr'><strong>oppositionem</strong></span> <span class='ocrx_word' id='word_1_12' title='bbox 1187 489 1239 550; x_wconf 89' lang='lat' dir='ltr'><strong>ud·</strong></span> 
     </span>
     <span class='ocr_line' id='line_1_3' title="bbox 157 581 599 658; baseline 0 -16"><span class='ocrx_word' id='word_1_13' title='bbox 157 599 221 642; x_wconf 76' lang='lat' dir='ltr'><strong>osse</strong></span> <span class='ocrx_word' id='word_1_14' title='bbox 242 581 445 658; x_wconf 72' lang='lat' dir='ltr'><strong>deprehendit.</strong></span> <span class='ocrx_word' id='word_1_15' title='bbox 596 621 599 626; x_wconf 95' lang='lat'>-</span> 
     </span>
    </p>

    <p class='ocr_par' dir='ltr' id='par_1_3' title="bbox 157 665 1242 1733">
     <span class='ocr_line' id='line_1_4' title="bbox 218 665 1238 758; baseline 0.007 -20"><span class='ocrx_word' id='word_1_16' title='bbox 218 689 269 739; x_wconf 81' lang='grc'><strong>41.</strong></span> <span class='ocrx_word' id='word_1_17' title='bbox 295 679 405 755; x_wconf 78' lang='lat' dir='ltr'><strong>Aliud,</strong></span> <span class='ocrx_word' id='word_1_18' title='bbox 428 679 507 756; x_wconf 79' lang='lat' dir='ltr'><strong>quod</strong></span> <span class='ocrx_word' id='word_1_19' title='bbox 531 665 675 754; x_wconf 77' lang='lat' dir='ltr'><strong>praesenti</strong></span> <span class='ocrx_word' id='word_1_20' title='bbox 698 681 729 738; x_wconf 91' lang='lat' dir='ltr'><strong>in</strong></span> <span class='ocrx_word' id='word_1_21' title='bbox 754 696 785 739; x_wconf 89' lang='lat' dir='ltr'><strong>re</strong></span> <span class='ocrx_word' id='word_1_22' title='bbox 805 681 924 740; x_wconf 88' lang='lat' dir='ltr'><strong>minime</strong></span> <span class='ocrx_word' id='word_1_23' title='bbox 939 684 1238 758; x_wconf 86' lang='lat' dir='ltr'><strong>&#39;praetermittendum</strong></span> 
     </span>
     <span class='ocr_line' id='line_1_5' title="bbox 157 776 1239 855; baseline 0.004 -17"><span class='ocrx_word' id='word_1_24' title='bbox 157 785 218 854; x_wconf 87' lang='lat' dir='ltr'><strong>est,</strong></span> <span class='ocrx_word' id='word_1_25' title='bbox 237 778 454 838; x_wconf 77' lang='lat' dir='ltr'><strong>distinctionem</strong></span> <span class='ocrx_word' id='word_1_26' title='bbox 473 779 579 837; x_wconf 89' lang='lat' dir='ltr'><strong>attinet</strong></span> <span class='ocrx_word' id='word_1_27' title='bbox 598 779 674 837; x_wconf 87' lang='lat' dir='ltr'><strong>inter</strong></span> <span class='ocrx_word' id='word_1_28' title='bbox 692 776 885 837; x_wconf 77' lang='lat' dir='ltr'><strong>substantiam</strong></span> <span class='ocrx_word' id='word_1_29' title='bbox 906 781 1025 855; x_wconf 84' lang='lat' dir='ltr'><strong>eiusque</strong></span> <span class='ocrx_word' id='word_1_30' title='bbox 1045 781 1239 842; x_wconf 86' lang='lat' dir='ltr'><strong>modiiicntio·</strong></span> 
     </span>
     <span class='ocr_line' id='line_1_6' title="bbox 157 874 1237 957; baseline 0.004 -23"><span class='ocrx_word' id='word_1_31' title='bbox 157 891 220 934; x_wconf 79' lang='lat' dir='ltr'><strong>nas.</strong></span> <span class='ocrx_word' id='word_1_32' title='bbox 252 875 326 934; x_wconf 86' lang='lat' dir='ltr'><strong>Nam</strong></span> <span class='ocrx_word' id='word_1_33' title='bbox 357 881 471 934; x_wconf 90' lang='lat' dir='ltr'><strong>creatas</strong></span> <span class='ocrx_word' id='word_1_34' title='bbox 490 874 671 935; x_wconf 89' lang='lat' dir='ltr'><strong>substantias</strong></span> <span class='ocrx_word' id='word_1_35' title='bbox 692 891 750 934; x_wconf 93' lang='lat' dir='ltr'><strong>non</strong></span> <span class='ocrx_word' id='word_1_36' title='bbox 774 878 948 951; x_wconf 77' lang='lat' dir='ltr'><strong>cogitatione</strong></span> <span class='ocrx_word' id='word_1_37' title='bbox 972 885 1072 939; x_wconf 86' lang='lat' dir='ltr'><strong>nostra</strong></span> <span class='ocrx_word' id='word_1_38' title='bbox 1097 885 1237 957; x_wconf 88' lang='lat' dir='ltr'><strong>tautum,</strong></span> 
     </span>
     <span class='ocr_line' id='line_1_7' title="bbox 157 971 1241 1054; baseline 0.003 -22"><span class='ocrx_word' id='word_1_39' title='bbox 157 974 208 1033; x_wconf 87' lang='lat' dir='ltr'><strong>sed</strong></span> <span class='ocrx_word' id='word_1_40' title='bbox 230 989 262 1032; x_wconf 88' lang='lat' dir='ltr'><strong>re</strong></span> <span class='ocrx_word' id='word_1_41' title='bbox 279 977 367 1033; x_wconf 64' lang='lat' dir='ltr'><strong>mam</strong></span> <span class='ocrx_word' id='word_1_42' title='bbox 387 976 492 1032; x_wconf 91' lang='lat' dir='ltr'><strong>mutari</strong></span> <span class='ocrx_word' id='word_1_43' title='bbox 512 989 613 1032; x_wconf 89' lang='lat' dir='ltr'><strong>omnes</strong></span> <span class='ocrx_word' id='word_1_44' title='bbox 630 972 770 1032; x_wconf 86' lang='lat' dir='ltr'><strong>intentur.</strong></span> <span class='ocrx_word' id='word_1_45' title='bbox 797 971 845 1032; x_wconf 86' lang='lat' dir='ltr'><strong>Sic</strong></span> <span class='ocrx_word' id='word_1_46' title='bbox 863 972 952 1048; x_wconf 89' lang='lat' dir='ltr'><strong>piiam</strong></span> <span class='ocrx_word' id='word_1_47' title='bbox 972 975 1099 1050; x_wconf 78' lang='lat' dir='ltr'><strong>impulsu</strong></span> <span class='ocrx_word' id='word_1_48' title='bbox 1121 983 1241 1054; x_wconf 87' lang='lat' dir='ltr'><strong>accepto</strong></span> 
     </span>
     <span class='ocr_line' id='line_1_8' title="bbox 158 1071 1240 1147; baseline 0.003 -17"><span class='ocrx_word' id='word_1_49' title='bbox 158 1075 289 1147; x_wconf 76' lang='lat' dir='ltr'><strong>moveri,</strong></span> <span class='ocrx_word' id='word_1_50' title='bbox 309 1071 445 1147; x_wconf 77' lang='lat' dir='ltr'><strong>deinceps</strong></span> <span class='ocrx_word' id='word_1_51' title='bbox 463 1071 562 1147; x_wconf 88' lang='lat' dir='ltr'><strong>atiquo</strong></span> <span class='ocrx_word' id='word_1_52' title='bbox 581 1071 734 1129; x_wconf 82' lang='lat' dir='ltr'><strong>resistente</strong></span> <span class='ocrx_word' id='word_1_53' title='bbox 754 1085 873 1144; x_wconf 89' lang='lat' dir='ltr'><strong>corpure</strong></span> <span class='ocrx_word' id='word_1_54' title='bbox 895 1077 1007 1140; x_wconf 88' lang='lat' dir='ltr'><strong>motum</strong></span> <span class='ocrx_word' id='word_1_55' title='bbox 1030 1087 1132 1131; x_wconf 84' lang='lat' dir='ltr'><strong>rursus</strong></span> <span class='ocrx_word' id='word_1_56' title='bbox 1153 1075 1240 1133; x_wconf 91' lang='lat' dir='ltr'><strong>amit·</strong></span> 
     </span>
     <span class='ocr_line' id='line_1_9' title="bbox 158 1166 1238 1244; baseline 0.001 -16"><span class='ocrx_word' id='word_1_57' title='bbox 158 1176 240 1244; x_wconf 92' lang='lat' dir='ltr'><strong>tere;</strong></span> <span class='ocrx_word' id='word_1_58' title='bbox 265 1184 393 1228; x_wconf 89' lang='lat' dir='ltr'><strong>marmor</strong></span> <span class='ocrx_word' id='word_1_59' title='bbox 409 1170 524 1227; x_wconf 88' lang='lat' dir='ltr'><strong>actione</strong></span> <span class='ocrx_word' id='word_1_60' title='bbox 538 1166 660 1231; x_wconf 77' lang='lat' dir='ltr'><strong>crudete</strong></span> <span class='ocrx_word' id='word_1_61' title='bbox 673 1183 710 1226; x_wconf 80' lang='lat' dir='ltr'><strong>ex</strong></span> <span class='ocrx_word' id='word_1_62' title='bbox 723 1167 866 1242; x_wconf 84' lang='lat' dir='ltr'><strong>quadrato</strong></span> <span class='ocrx_word' id='word_1_63' title='bbox 886 1167 1043 1226; x_wconf 85' lang='lat' dir='ltr'><strong>rutundum</strong></span> <span class='ocrx_word' id='word_1_64' title='bbox 1060 1168 1159 1243; x_wconf 73' lang='lat' dir='ltr'><strong>sitici,</strong></span> <span class='ocrx_word' id='word_1_65' title='bbox 1178 1172 1238 1229; x_wconf 75' lang='lat' dir='ltr'><strong>uni</strong></span> 
     </span>
     <span class='ocr_line' id='line_1_10' title="bbox 158 1263 1241 1341; baseline -0.002 -15"><span class='ocrx_word' id='word_1_66' title='bbox 158 1284 242 1328; x_wconf 91' lang='lat' dir='ltr'><strong>mum</strong></span> <span class='ocrx_word' id='word_1_67' title='bbox 262 1273 394 1326; x_wconf 79' lang='lat' dir='ltr'><strong>aurbum</strong></span> <span class='ocrx_word' id='word_1_68' title='bbox 416 1283 454 1324; x_wconf 82' lang='lat' dir='ltr'><strong>ex</strong></span> <span class='ocrx_word' id='word_1_69' title='bbox 476 1267 653 1341; x_wconf 87' lang='lat' dir='ltr'><strong>appetitione</strong></span> <span class='ocrx_word' id='word_1_70' title='bbox 677 1280 736 1323; x_wconf 88' lang='lat' dir='ltr'><strong>unu</strong></span> <span class='ocrx_word' id='word_1_71' title='bbox 757 1264 794 1324; x_wconf 90' lang='lat' dir='ltr'><strong>ud</strong></span> <span class='ocrx_word' id='word_1_72' title='bbox 815 1265 903 1324; x_wconf 87' lang='lat' dir='ltr'><strong>uitam</strong></span> <span class='ocrx_word' id='word_1_73' title='bbox 926 1263 1029 1341; x_wconf 77' lang='lat' dir='ltr'><strong>decb,</strong></span> <span class='ocrx_word' id='word_1_74' title='bbox 1054 1273 1117 1325; x_wconf 89' lang='lat' dir='ltr'><strong>tum</strong></span> <span class='ocrx_word' id='word_1_75' title='bbox 1139 1283 1175 1326; x_wconf 85' lang='lat' dir='ltr'><strong>ex</strong></span> <span class='ocrx_word' id='word_1_76' title='bbox 1196 1269 1241 1324; x_wconf 90' lang='lat' dir='ltr'><strong>in-</strong></span> 
     </span>
     <span class='ocr_line' id='line_1_11' title="bbox 157 1362 1242 1440; baseline 0 -17"><span class='ocrx_word' id='word_1_77' title='bbox 157 1367 269 1424; x_wconf 85' lang='lat' dir='ltr'><strong>sciente</strong></span> <span class='ocrx_word' id='word_1_78' title='bbox 282 1365 421 1423; x_wconf 86' lang='lat' dir='ltr'><strong>scientem</strong></span> <span class='ocrx_word' id='word_1_79' title='bbox 439 1363 504 1422; x_wconf 85' lang='lat' dir='ltr'><strong>fleri</strong></span> <span class='ocrx_word' id='word_1_80' title='bbox 521 1364 706 1438; x_wconf 89' lang='lat' dir='ltr'><strong>perspicuum</strong></span> <span class='ocrx_word' id='word_1_81' title='bbox 723 1367 778 1422; x_wconf 88' lang='lat' dir='ltr'><strong>est.</strong></span> <span class='ocrx_word' id='word_1_82' title='bbox 797 1362 858 1422; x_wconf 85' lang='lat' dir='ltr'><strong>lias</strong></span> <span class='ocrx_word' id='word_1_83' title='bbox 873 1366 1068 1440; x_wconf 83' lang='lat' dir='ltr'><strong>mutationes,</strong></span> <span class='ocrx_word' id='word_1_84' title='bbox 1092 1370 1179 1440; x_wconf 86' lang='lat' dir='ltr'><strong>atque</strong></span> <span class='ocrx_word' id='word_1_85' title='bbox 1195 1380 1242 1424; x_wconf 91' lang='lat' dir='ltr'><strong>ea·</strong></span> 
     </span>
     <span class='ocr_line' id='line_1_12' title="bbox 157 1460 1242 1536; baseline 0 -14"><span class='ocrx_word' id='word_1_86' title='bbox 157 1479 226 1522; x_wconf 78' lang='lat' dir='ltr'><strong>snm</strong></span> <span class='ocrx_word' id='word_1_87' title='bbox 244 1461 429 1536; x_wconf 81' lang='lat' dir='ltr'><strong>consimiles,</strong></span> <span class='ocrx_word' id='word_1_88' title='bbox 451 1460 544 1520; x_wconf 86' lang='lat' dir='ltr'><strong>reales</strong></span> <span class='ocrx_word' id='word_1_89' title='bbox 563 1475 628 1520; x_wconf 90' lang='lat' dir='ltr'><strong>esse</strong></span> <span class='ocrx_word' id='word_1_90' title='bbox 648 1462 823 1536; x_wconf 83' lang='lat' dir='ltr'><strong>minimeque</strong></span> <span class='ocrx_word' id='word_1_91' title='bbox 845 1475 862 1520; x_wconf 85' lang='lat' dir='ltr'><strong>a</strong></span> <span class='ocrx_word' id='word_1_92' title='bbox 880 1469 976 1520; x_wconf 87' lang='lat' dir='ltr'><strong>menta</strong></span> <span class='ocrx_word' id='word_1_93' title='bbox 992 1461 1133 1522; x_wconf 80' lang='lat' dir='ltr'><strong>confictas</strong></span> <span class='ocrx_word' id='word_1_94' title='bbox 1155 1477 1242 1522; x_wconf 91' lang='lat' dir='ltr'><strong>nemu</strong></span> 
     </span>
     <span class='ocr_line' id='line_1_13' title="bbox 158 1557 1240 1638; baseline 0.002 -20"><span class='ocrx_word' id='word_1_95' title='bbox 158 1577 218 1620; x_wconf 90' lang='lat' dir='ltr'><strong>uon</strong></span> <span class='ocrx_word' id='word_1_96' title='bbox 240 1560 321 1619; x_wconf 74' lang='lat' dir='ltr'><strong>dicit⁴</strong></span> <span class='ocrx_word' id='word_1_97' title='bbox 345 1559 385 1618; x_wconf 82' lang='lat' dir='ltr'><strong>At</strong></span> <span class='ocrx_word' id='word_1_98' title='bbox 405 1561 436 1617; x_wconf 92' lang='lat' dir='ltr'><strong>iu</strong></span> <span class='ocrx_word' id='word_1_99' title='bbox 457 1557 631 1634; x_wconf 74' lang='lat' dir='ltr'><strong>explicanda</strong></span> <span class='ocrx_word' id='word_1_100' title='bbox 652 1559 776 1638; x_wconf 87' lang='lat' dir='ltr'><strong>ratione,</strong></span> <span class='ocrx_word' id='word_1_101' title='bbox 799 1574 857 1634; x_wconf 89' lang='lat' dir='ltr'><strong>qua</strong></span> <span class='ocrx_word' id='word_1_102' title='bbox 879 1559 1108 1620; x_wconf 76' lang='lat' dir='ltr'><strong>modificationes</strong></span> <span class='ocrx_word' id='word_1_103' title='bbox 1129 1562 1159 1618; x_wconf 94' lang='lat' dir='ltr'><strong>in</strong></span> <span class='ocrx_word' id='word_1_104' title='bbox 1184 1560 1240 1620; x_wconf 92' lang='lat' dir='ltr'><strong>boc</strong></span> 
     </span>
     <span class='ocr_line' id='line_1_14' title="bbox 158 1656 1240 1733; baseline 0 -17"><span class='ocrx_word' id='word_1_105' title='bbox 158 1674 190 1716; x_wconf 91' lang='lat' dir='ltr'><strong>se</strong></span> <span class='ocrx_word' id='word_1_106' title='bbox 209 1657 339 1716; x_wconf 88' lang='lat' dir='ltr'><strong>habeant</strong></span> <span class='ocrx_word' id='word_1_107' title='bbox 357 1657 394 1716; x_wconf 90' lang='lat' dir='ltr'><strong>ad</strong></span> <span class='ocrx_word' id='word_1_108' title='bbox 417 1657 630 1731; x_wconf 88' lang='lat' dir='ltr'><strong>substantiam,</strong></span> <span class='ocrx_word' id='word_1_109' title='bbox 654 1671 813 1731; x_wconf 87' lang='lat' dir='ltr'><strong>permagna</strong></span> <span class='ocrx_word' id='word_1_110' title='bbox 831 1656 913 1716; x_wconf 88' lang='lat' dir='ltr'><strong>adest</strong></span> <span class='ocrx_word' id='word_1_111' title='bbox 930 1656 1136 1733; x_wconf 86' lang='lat' dir='ltr'><strong>discrepantia.</strong></span> <span class='ocrx_word' id='word_1_112' title='bbox 1159 1657 1240 1716; x_wconf 88' lang='lat' dir='ltr'><strong>Non·</strong></span> 
     </span>
    </p>
   </div>
   <div class='ocr_carea' id='block_1_3' title="bbox 158 1751 1374 1836">
    <p class='ocr_par' dir='ltr' id='par_1_4' title="bbox 158 1751 1374 1836">
     <span class='ocr_line' id='line_1_15' title="bbox 158 1751 1374 1836; baseline 0 -20"><span class='ocrx_word' id='word_1_113' title='bbox 158 1757 233 1816; x_wconf 86' lang='lat' dir='ltr'><strong>uuiti</strong></span> <span class='ocrx_word' id='word_1_114' title='bbox 247 1758 326 1816; x_wconf 92' lang='lat' dir='ltr'><strong>euim</strong></span> <span class='ocrx_word' id='word_1_115' title='bbox 340 1757 511 1815; x_wconf 86' lang='lat' dir='ltr'><strong>existimant</strong></span> <span class='ocrx_word' id='word_1_116' title='bbox 526 1751 597 1812; x_wconf 91' lang='lat' dir='ltr'><strong>binc</strong></span> <span class='ocrx_word' id='word_1_117' title='bbox 610 1755 810 1832; x_wconf 80' lang='lat' dir='ltr'><strong>physicumet</strong></span> <span class='ocrx_word' id='word_1_118' title='bbox 824 1755 901 1814; x_wconf 86' lang='lat' dir='ltr'><strong>reate</strong></span> <span class='ocrx_word' id='word_1_119' title='bbox 914 1754 1069 1814; x_wconf 83' lang='lat' dir='ltr'><strong>discrimen</strong></span> <span class='ocrx_word' id='word_1_120' title='bbox 1085 1757 1160 1816; x_wconf 90' lang='lat' dir='ltr'><strong>inter</strong></span> <span class='ocrx_word' id='word_1_121' title='bbox 1173 1755 1240 1816; x_wconf 89' lang='lat' dir='ltr'><strong>sub-</strong></span> <span class='ocrx_word' id='word_1_122' title='bbox 1370 1829 1374 1836; x_wconf 92' lang='lat'>.</span> 
     </span>
    </p>
   </div>
   <div class='ocr_carea' id='block_1_4' title="bbox 158 1851 1251 2811">
    <p class='ocr_par' dir='ltr' id='par_1_5' title="bbox 158 1851 1251 2811">
     <span class='ocr_line' id='line_1_16' title="bbox 158 1851 1241 1931; baseline -0.002 -15"><span class='ocrx_word' id='word_1_123' title='bbox 158 1857 300 1916; x_wconf 81' lang='lat' dir='ltr'><strong>stantiam</strong></span> <span class='ocrx_word' id='word_1_124' title='bbox 314 1859 343 1914; x_wconf 88' lang='lat' dir='ltr'><strong>et</strong></span> <span class='ocrx_word' id='word_1_125' title='bbox 360 1853 462 1912; x_wconf 88' lang='lat' dir='ltr'><strong>modos</strong></span> <span class='ocrx_word' id='word_1_126' title='bbox 477 1869 535 1912; x_wconf 92' lang='lat' dir='ltr'><strong>non</strong></span> <span class='ocrx_word' id='word_1_127' title='bbox 551 1851 666 1914; x_wconf 85' lang='lat' dir='ltr'><strong>inierri.</strong></span> <span class='ocrx_word' id='word_1_128' title='bbox 685 1853 743 1912; x_wconf 86' lang='lat' dir='ltr'><strong>Sed</strong></span> <span class='ocrx_word' id='word_1_129' title='bbox 760 1853 894 1913; x_wconf 87' lang='lat' dir='ltr'><strong>suidcere</strong></span> <span class='ocrx_word' id='word_1_130' title='bbox 916 1854 1114 1931; x_wconf 80' lang='lat' dir='ltr'><strong>arbitrantur,</strong></span> <span class='ocrx_word' id='word_1_131' title='bbox 1134 1857 1159 1915; x_wconf 87' lang='lat' dir='ltr'><strong>si</strong></span> <span class='ocrx_word' id='word_1_132' title='bbox 1180 1870 1241 1914; x_wconf 93' lang='lat' dir='ltr'><strong>mo·</strong></span> 
     </span>
     <span class='ocr_line' id='line_1_17' title="bbox 159 1951 1239 2031; baseline 0 -19"><span class='ocrx_word' id='word_1_133' title='bbox 159 1952 343 2012; x_wconf 84' lang='lat' dir='ltr'><strong>diiicationes</strong></span> <span class='ocrx_word' id='word_1_134' title='bbox 360 1954 391 2009; x_wconf 92' lang='lat' dir='ltr'><strong>iu</strong></span> <span class='ocrx_word' id='word_1_135' title='bbox 412 1957 553 2026; x_wconf 88' lang='lat' dir='ltr'><strong>conceptu</strong></span> <span class='ocrx_word' id='word_1_136' title='bbox 574 1957 689 2010; x_wconf 78' lang='lat' dir='ltr'><strong>tannim</strong></span> <span class='ocrx_word' id='word_1_137' title='bbox 708 1967 727 2010; x_wconf 90' lang='lat' dir='ltr'><strong>a</strong></span> <span class='ocrx_word' id='word_1_138' title='bbox 747 1951 912 2012; x_wconf 87' lang='lat' dir='ltr'><strong>substantia</strong></span> <span class='ocrx_word' id='word_1_139' title='bbox 929 1952 1070 2031; x_wconf 87' lang='lat' dir='ltr'><strong>distingui</strong></span> <span class='ocrx_word' id='word_1_140' title='bbox 1091 1952 1239 2030; x_wconf 84' lang='lat' dir='ltr'><strong>dieantur,</strong></span> 
     </span>
     <span class='ocr_line' id='line_1_18' title="bbox 158 2049 1251 2126; baseline 0.002 -18"><span class='ocrx_word' id='word_1_141' title='bbox 158 2051 190 2108; x_wconf 89' lang='lat' dir='ltr'><strong>iu</strong></span> <span class='ocrx_word' id='word_1_142' title='bbox 211 2065 244 2108; x_wconf 85' lang='lat' dir='ltr'><strong>re</strong></span> <span class='ocrx_word' id='word_1_143' title='bbox 263 2056 361 2108; x_wconf 91' lang='lat' dir='ltr'><strong>autem</strong></span> <span class='ocrx_word' id='word_1_144' title='bbox 382 2055 412 2108; x_wconf 93' lang='lat' dir='ltr'><strong>et</strong></span> <span class='ocrx_word' id='word_1_145' title='bbox 433 2053 567 2108; x_wconf 89' lang='lat' dir='ltr'><strong>concrete</strong></span> <span class='ocrx_word' id='word_1_146' title='bbox 589 2049 716 2125; x_wconf 88' lang='lat' dir='ltr'><strong>ipsamet</strong></span> <span class='ocrx_word' id='word_1_147' title='bbox 737 2065 801 2110; x_wconf 86' lang='lat' dir='ltr'><strong>esse</strong></span> <span class='ocrx_word' id='word_1_148' title='bbox 823 2049 1003 2126; x_wconf 87' lang='lat' dir='ltr'><strong>substantia,</strong></span> <span class='ocrx_word' id='word_1_149' title='bbox 1029 2067 1105 2126; x_wconf 86' lang='lat' dir='ltr'><strong>quae</strong></span> <span class='ocrx_word' id='word_1_150' title='bbox 1128 2053 1158 2109; x_wconf 90' lang='lat' dir='ltr'><strong>iu</strong></span> <span class='ocrx_word' id='word_1_151' title='bbox 1182 2052 1251 2110; x_wconf 93' lang='lat' dir='ltr'><strong>aiio&#39;</strong></span> 
     </span>
     <span class='ocr_line' id='line_1_19' title="bbox 159 2146 1240 2224; baseline 0.002 -18"><span class='ocrx_word' id='word_1_152' title='bbox 159 2151 240 2206; x_wconf 87' lang='lat' dir='ltr'><strong>statu</strong></span> <span class='ocrx_word' id='word_1_153' title='bbox 258 2163 291 2206; x_wconf 90' lang='lat' dir='ltr'><strong>se</strong></span> <span class='ocrx_word' id='word_1_154' title='bbox 307 2146 426 2206; x_wconf 87' lang='lat' dir='ltr'><strong>babeat.</strong></span> <span class='ocrx_word' id='word_1_155' title='bbox 441 2146 500 2222; x_wconf 80' lang='lat' dir='ltr'><strong>nt,</strong></span> <span class='ocrx_word' id='word_1_156' title='bbox 519 2152 554 2205; x_wconf 92' lang='lat' dir='ltr'><strong>ut</strong></span> <span class='ocrx_word' id='word_1_157' title='bbox 572 2163 674 2207; x_wconf 85' lang='lat' dir='ltr'><strong>verum</strong></span> <span class='ocrx_word' id='word_1_158' title='bbox 690 2147 802 2224; x_wconf 88' lang='lat' dir='ltr'><strong>iatear,</strong></span> <span class='ocrx_word' id='word_1_159' title='bbox 821 2146 851 2205; x_wconf 95' lang='lat' dir='ltr'><strong>bi</strong></span> <span class='ocrx_word' id='word_1_160' title='bbox 871 2147 966 2207; x_wconf 86' lang='lat' dir='ltr'><strong>verbis</strong></span> <span class='ocrx_word' id='word_1_161' title='bbox 983 2149 1074 2207; x_wconf 88' lang='lat' dir='ltr'><strong>iocari</strong></span> <span class='ocrx_word' id='word_1_162' title='bbox 1092 2147 1240 2209; x_wconf 82' lang='lat' dir='ltr'><strong>videntur.</strong></span> 
     </span>
     <span class='ocr_line' id='line_1_20' title="bbox 158 2244 1242 2327; baseline 0 -22"><span class='ocrx_word' id='word_1_163' title='bbox 158 2244 190 2306; x_wconf 80' lang='lat' dir='ltr'><strong>st</strong></span> <span class='ocrx_word' id='word_1_164' title='bbox 209 2248 289 2305; x_wconf 89' lang='lat' dir='ltr'><strong>enim</strong></span> <span class='ocrx_word' id='word_1_165' title='bbox 313 2246 503 2305; x_wconf 88' lang='lat' dir='ltr'><strong>mutationem</strong></span> <span class='ocrx_word' id='word_1_166' title='bbox 520 2246 601 2305; x_wconf 89' lang='lat' dir='ltr'><strong>iiiam</strong></span> <span class='ocrx_word' id='word_1_167' title='bbox 624 2246 733 2305; x_wconf 85' lang='lat' dir='ltr'><strong>realem</strong></span> <span class='ocrx_word' id='word_1_168' title='bbox 753 2260 837 2321; x_wconf 89' lang='lat' dir='ltr'><strong>osse,</strong></span> <span class='ocrx_word' id='word_1_169' title='bbox 859 2251 888 2304; x_wconf 87' lang='lat' dir='ltr'><strong>et</strong></span> <span class='ocrx_word' id='word_1_170' title='bbox 911 2260 968 2304; x_wconf 93' lang='lat' dir='ltr'><strong>nun</strong></span> <span class='ocrx_word' id='word_1_171' title='bbox 982 2246 1018 2327; x_wconf 26' lang='lat' dir='ltr'><strong>&#39;iu</strong></span> <span class='ocrx_word' id='word_1_172' title='bbox 1041 2245 1114 2305; x_wconf 89' lang='lat' dir='ltr'><strong>ideis</strong></span> <span class='ocrx_word' id='word_1_173' title='bbox 1134 2249 1242 2305; x_wconf 84' lang='lat' dir='ltr'><strong>uostris</strong></span> 
     </span>
     <span class='ocr_line' id='line_1_21' title="bbox 159 2325 1243 2420; baseline 0.001 -18"><span class='ocrx_word' id='word_1_174' title='bbox 159 2342 212 2402; x_wconf 86' lang='lat' dir='ltr'><strong>sed</strong></span> <span class='ocrx_word' id='word_1_175' title='bbox 234 2325 265 2400; x_wconf 80' lang='lat' dir='ltr'><strong>r‘n</strong></span> <span class='ocrx_word' id='word_1_176' title='bbox 286 2342 399 2401; x_wconf 92' lang='lat' dir='ltr'><strong>obiecto</strong></span> <span class='ocrx_word' id='word_1_177' title='bbox 422 2344 488 2417; x_wconf 90' lang='lat' dir='ltr'><strong>ipso</strong></span> <span class='ocrx_word' id='word_1_178' title='bbox 512 2348 662 2418; x_wconf 72' lang='lat' dir='ltr'><strong>peracmm</strong></span> <span class='ocrx_word' id='word_1_179' title='bbox 682 2360 746 2403; x_wconf 83' lang='lat' dir='ltr'><strong>essa</strong></span> <span class='ocrx_word' id='word_1_180' title='bbox 768 2343 950 2420; x_wconf 75' lang='lat' dir='ltr'><strong>concedunt,</strong></span> <span class='ocrx_word' id='word_1_181' title='bbox 975 2343 1086 2419; x_wconf 86' lang='lat' dir='ltr'><strong>aliquid</strong></span> <span class='ocrx_word' id='word_1_182' title='bbox 1112 2344 1243 2419; x_wconf 85' lang='lat' dir='ltr'><strong>proiecto</strong></span> 
     </span>
     <span class='ocr_line' id='line_1_22' title="bbox 160 2440 1242 2518; baseline -0.003 -17"><span class='ocrx_word' id='word_1_183' title='bbox 160 2441 200 2501; x_wconf 90' lang='lat' dir='ltr'><strong>ab</strong></span> <span class='ocrx_word' id='word_1_184' title='bbox 219 2440 334 2500; x_wconf 86' lang='lat' dir='ltr'><strong>obiecto</strong></span> <span class='ocrx_word' id='word_1_185' title='bbox 358 2440 436 2516; x_wconf 90' lang='lat' dir='ltr'><strong>quod</strong></span> <span class='ocrx_word' id='word_1_186' title='bbox 457 2445 609 2518; x_wconf 88' lang='lat' dir='ltr'><strong>mutatur,</strong></span> <span class='ocrx_word' id='word_1_187' title='bbox 630 2441 820 2515; x_wconf 85' lang='lat' dir='ltr'><strong>discessisse,</strong></span> <span class='ocrx_word' id='word_1_188' title='bbox 845 2446 933 2516; x_wconf 69' lang='lat' dir='ltr'><strong>ablue</strong></span> <span class='ocrx_word' id='word_1_189' title='bbox 956 2440 1067 2515; x_wconf 85' lang='lat' dir='ltr'><strong>aliquid</strong></span> <span class='ocrx_word' id='word_1_190' title='bbox 1094 2443 1156 2500; x_wconf 88' lang='lat' dir='ltr'><strong>eius</strong></span> <span class='ocrx_word' id='word_1_191' title='bbox 1177 2440 1242 2500; x_wconf 91' lang='lat' dir='ltr'><strong>ioco</strong></span> 
     </span>
     <span class='ocr_line' id='line_1_23' title="bbox 160 2536 1241 2615; baseline -0.001 -16"><span class='ocrx_word' id='word_1_192' title='bbox 160 2538 319 2599; x_wconf 86' lang='lat' dir='ltr'><strong>saiicctum</strong></span> <span class='ocrx_word' id='word_1_193' title='bbox 340 2538 431 2597; x_wconf 86' lang='lat' dir='ltr'><strong>inisse</strong></span> <span class='ocrx_word' id='word_1_194' title='bbox 451 2537 598 2599; x_wconf 79' lang='lat' dir='ltr'><strong>fateantur</strong></span> <span class='ocrx_word' id='word_1_195' title='bbox 619 2544 744 2615; x_wconf 85' lang='lat' dir='ltr'><strong>oportet.</strong></span> <span class='ocrx_word' id='word_1_196' title='bbox 768 2537 802 2599; x_wconf 91' lang='lat' dir='ltr'><strong>id</strong></span> <span class='ocrx_word' id='word_1_197' title='bbox 824 2554 894 2597; x_wconf 86' lang='lat' dir='ltr'><strong>vero</strong></span> <span class='ocrx_word' id='word_1_198' title='bbox 912 2554 974 2597; x_wconf 91' lang='lat' dir='ltr'><strong>non</strong></span> <span class='ocrx_word' id='word_1_199' title='bbox 991 2536 1070 2597; x_wconf 86' lang='lat' dir='ltr'><strong>atiud</strong></span> <span class='ocrx_word' id='word_1_200' title='bbox 1089 2538 1163 2614; x_wconf 89' lang='lat' dir='ltr'><strong>iuit,</strong></span> <span class='ocrx_word' id='word_1_201' title='bbox 1185 2540 1241 2598; x_wconf 92' lang='lat' dir='ltr'><strong>uisi</strong></span> 
     </span>
     <span class='ocr_line' id='line_1_24' title="bbox 159 2635 1242 2720; baseline -0.001 -23"><span class='ocrx_word' id='word_1_202' title='bbox 159 2636 265 2697; x_wconf 77' lang='lat' dir='ltr'><strong>modus</strong></span> <span class='ocrx_word' id='word_1_203' title='bbox 288 2654 339 2697; x_wconf 88' lang='lat' dir='ltr'><strong>seu</strong></span> <span class='ocrx_word' id='word_1_204' title='bbox 364 2635 525 2711; x_wconf 69' lang='lat' dir='ltr'><strong>mctdear,</strong></span> <span class='ocrx_word' id='word_1_205' title='bbox 551 2637 715 2697; x_wconf 86' lang='lat' dir='ltr'><strong>substantia</strong></span> <span class='ocrx_word' id='word_1_206' title='bbox 743 2638 821 2696; x_wconf 88' lang='lat' dir='ltr'><strong>enim</strong></span> <span class='ocrx_word' id='word_1_207' title='bbox 847 2638 1007 2713; x_wconf 85' lang='lat' dir='ltr'><strong>permansit</strong></span> <span class='ocrx_word' id='word_1_208' title='bbox 1026 2636 1137 2720; x_wconf 87' lang='lat' dir='ltr'><strong>eadem.</strong></span> <span class='ocrx_word' id='word_1_209' title='bbox 1164 2636 1242 2715; x_wconf 86' lang='lat' dir='ltr'><strong>Ergo</strong></span> 
     </span>
     <span class='ocr_line' id='line_1_25' title="bbox 160 2733 1243 2811; baseline -0.002 -14"><span class='ocrx_word' id='word_1_210' title='bbox 160 2734 265 2797; x_wconf 77' lang='lat' dir='ltr'><strong>modas</strong></span> <span class='ocrx_word' id='word_1_211' title='bbox 286 2736 332 2794; x_wconf 84' lang='lat' dir='ltr'><strong>rei</strong></span> <span class='ocrx_word' id='word_1_212' title='bbox 357 2733 492 2793; x_wconf 72' lang='lat' dir='ltr'><strong>meidem</strong></span> <span class='ocrx_word' id='word_1_213' title='bbox 518 2733 629 2810; x_wconf 86' lang='lat' dir='ltr'><strong>aliquid</strong></span> <span class='ocrx_word' id='word_1_214' title='bbox 653 2734 832 2795; x_wconf 90' lang='lat' dir='ltr'><strong>ubiaetivum</strong></span> <span class='ocrx_word' id='word_1_215' title='bbox 853 2741 883 2793; x_wconf 91' lang='lat' dir='ltr'><strong>et</strong></span> <span class='ocrx_word' id='word_1_216' title='bbox 903 2734 979 2793; x_wconf 83' lang='lat' dir='ltr'><strong>rusie</strong></span> <span class='ocrx_word' id='word_1_217' title='bbox 1000 2740 1055 2809; x_wconf 85' lang='lat' dir='ltr'><strong>est,</strong></span> <span class='ocrx_word' id='word_1_218' title='bbox 1073 2734 1151 2811; x_wconf 81' lang='lat' dir='ltr'><strong>quod</strong></span> <span class='ocrx_word' id='word_1_219' title='bbox 1172 2734 1243 2795; x_wconf 91' lang='lat' dir='ltr'><strong>sub·</strong></span> 
     </span>
    </p>
   </div>
   <div class='ocr_carea' id='block_1_5' title="bbox 155 2832 1347 2911">
    <p class='ocr_par' dir='ltr' id='par_1_6' title="bbox 155 2832 1347 2911">
     <span class='ocr_line' id='line_1_26' title="bbox 155 2832 1347 2911; baseline 0 -18"><span class='ocrx_word' id='word_1_220' title='bbox 155 2836 288 2902; x_wconf 64' lang='lat' dir='ltr'><strong>&#39;santiae</strong></span> <span class='ocrx_word' id='word_1_221' title='bbox 303 2833 423 2911; x_wconf 86' lang='lat' dir='ltr'><strong>adiungi</strong></span> <span class='ocrx_word' id='word_1_222' title='bbox 445 2838 543 2909; x_wconf 89' lang='lat' dir='ltr'><strong>potest</strong></span> <span class='ocrx_word' id='word_1_223' title='bbox 562 2832 607 2892; x_wconf 86' lang='lat' dir='ltr'><strong>vei</strong></span> <span class='ocrx_word' id='word_1_224' title='bbox 626 2832 723 2909; x_wconf 89' lang='lat' dir='ltr'><strong>demi,</strong></span> <span class='ocrx_word' id='word_1_225' title='bbox 750 2835 820 2909; x_wconf 90' lang='lat' dir='ltr'><strong>quin</strong></span> <span class='ocrx_word' id='word_1_226' title='bbox 841 2832 1005 2893; x_wconf 87' lang='lat' dir='ltr'><strong>substantia</strong></span> <span class='ocrx_word' id='word_1_227' title='bbox 1026 2832 1174 2909; x_wconf 87' lang='lat' dir='ltr'><strong>dematur,</strong></span> <span class='ocrx_word' id='word_1_228' title='bbox 1197 2832 1243 2893; x_wconf 86' lang='lat' dir='ltr'><strong>vei</strong></span> <span class='ocrx_word' id='word_1_229' title='bbox 1339 2859 1347 2868; x_wconf 94' lang='lat'>·</span> 
     </span>
    </p>
   </div>
   <div class='ocr_carea' id='block_1_6' title="bbox 161 2928 1305 3496">
    <p class='ocr_par' dir='ltr' id='par_1_7' title="bbox 161 2928 1305 3496">
     <span class='ocr_line' id='line_1_27' title="bbox 161 2928 1305 3007; baseline 0 -18"><span class='ocrx_word' id='word_1_230' title='bbox 161 2946 264 2989; x_wconf 84' lang='lat' dir='ltr'><strong>rursus</strong></span> <span class='ocrx_word' id='word_1_231' title='bbox 283 2930 472 3005; x_wconf 88' lang='lat' dir='ltr'><strong>producatur.</strong></span> <span class='ocrx_word' id='word_1_232' title='bbox 497 2930 577 3007; x_wconf 85' lang='lat' dir='ltr'><strong>Ergo</strong></span> <span class='ocrx_word' id='word_1_233' title='bbox 595 2928 706 3007; x_wconf 82' lang='lat' dir='ltr'><strong>aliquid</strong></span> <span class='ocrx_word' id='word_1_234' title='bbox 722 2946 741 2989; x_wconf 88' lang='lat' dir='ltr'><strong>a</strong></span> <span class='ocrx_word' id='word_1_235' title='bbox 760 2930 922 2991; x_wconf 88' lang='lat' dir='ltr'><strong>substantia</strong></span> <span class='ocrx_word' id='word_1_236' title='bbox 943 2930 1058 2991; x_wconf 87' lang='lat' dir='ltr'><strong>reuiiter</strong></span> <span class='ocrx_word' id='word_1_237' title='bbox 1080 2929 1243 3007; x_wconf 82' lang='lat' dir='ltr'><strong>diversum,</strong></span> <span class='ocrx_word' id='word_1_238' title='bbox 1302 2980 1305 2989; x_wconf 85' lang='grc'>,</span> 
     </span>
     <span class='ocr_line' id='line_1_28' title="bbox 161 3021 1257 3105; baseline 0 -19"><span class='ocrx_word' id='word_1_239' title='bbox 161 3042 197 3086; x_wconf 86' lang='lat' dir='ltr'><strong>ae</strong></span> <span class='ocrx_word' id='word_1_240' title='bbox 219 3027 343 3104; x_wconf 87' lang='lat' dir='ltr'><strong>proinde</strong></span> <span class='ocrx_word' id='word_1_241' title='bbox 362 3021 534 3087; x_wconf 86' lang='lat' dir='ltr'><strong>distinctum</strong></span> <span class='ocrx_word' id='word_1_242' title='bbox 558 3029 609 3104; x_wconf 92' lang='lat' dir='ltr'><strong>sit,</strong></span> <span class='ocrx_word' id='word_1_243' title='bbox 632 3042 748 3087; x_wconf 84' lang='lat' dir='ltr'><strong>necesse</strong></span> <span class='ocrx_word' id='word_1_244' title='bbox 767 3034 821 3088; x_wconf 86' lang='lat' dir='ltr'><strong>est.</strong></span> <span class='ocrx_word' id='word_1_245' title='bbox 844 3028 924 3088; x_wconf 87' lang='lat' dir='ltr'><strong>Nibii</strong></span> <span class='ocrx_word' id='word_1_246' title='bbox 941 3029 1020 3087; x_wconf 89' lang='lat' dir='ltr'><strong>euim</strong></span> <span class='ocrx_word' id='word_1_247' title='bbox 1043 3030 1171 3104; x_wconf 87' lang='lat' dir='ltr'><strong>separari</strong></span> <span class='ocrx_word' id='word_1_248' title='bbox 1193 3028 1257 3105; x_wconf 82' lang='lat' dir='ltr'><strong>pu-&#39;</strong></span> 
     </span>
     <span class='ocr_line' id='line_1_29' title="bbox 161 3124 1242 3204; baseline 0.003 -20"><span class='ocrx_word' id='word_1_249' title='bbox 161 3131 219 3184; x_wconf 86' lang='lat' dir='ltr'><strong>test</strong></span> <span class='ocrx_word' id='word_1_250' title='bbox 240 3124 281 3185; x_wconf 92' lang='lat' dir='ltr'><strong>ab</strong></span> <span class='ocrx_word' id='word_1_251' title='bbox 296 3141 346 3202; x_wconf 90' lang='lat' dir='ltr'><strong>oo,</strong></span> <span class='ocrx_word' id='word_1_252' title='bbox 372 3142 469 3202; x_wconf 91' lang='lat' dir='ltr'><strong>aquo</strong></span> <span class='ocrx_word' id='word_1_253' title='bbox 489 3126 607 3185; x_wconf 86' lang='lat' dir='ltr'><strong>realiter</strong></span> <span class='ocrx_word' id='word_1_254' title='bbox 627 3140 685 3184; x_wconf 92' lang='lat' dir='ltr'><strong>non</strong></span> <span class='ocrx_word' id='word_1_255' title='bbox 707 3124 827 3203; x_wconf 81' lang='lat' dir='ltr'><strong>diiiert3</strong></span> <span class='ocrx_word' id='word_1_256' title='bbox 846 3144 899 3187; x_wconf 90' lang='lat' dir='ltr'><strong>nee</strong></span> <span class='ocrx_word' id='word_1_257' title='bbox 920 3126 1041 3186; x_wconf 85' lang='lat' dir='ltr'><strong>diiierro</strong></span> <span class='ocrx_word' id='word_1_258' title='bbox 1061 3133 1158 3204; x_wconf 88' lang='lat' dir='ltr'><strong>potest</strong></span> <span class='ocrx_word' id='word_1_259' title='bbox 1180 3143 1242 3187; x_wconf 85' lang='lat' dir='ltr'><strong>rea·</strong></span> 
     </span>
     <span class='ocr_line' id='line_1_30' title="bbox 162 3221 1245 3302; baseline 0.004 -21"><span class='ocrx_word' id='word_1_260' title='bbox 162 3222 241 3300; x_wconf 87' lang='lat' dir='ltr'><strong>liter,</strong></span> <span class='ocrx_word' id='word_1_261' title='bbox 262 3225 376 3283; x_wconf 87' lang='lat' dir='ltr'><strong>siitem</strong></span> <span class='ocrx_word' id='word_1_262' title='bbox 397 3224 513 3283; x_wconf 78' lang='lat' dir='ltr'><strong>realiter</strong></span> <span class='ocrx_word' id='word_1_263' title='bbox 529 3238 588 3282; x_wconf 92' lang='lat' dir='ltr'><strong>non</strong></span> <span class='ocrx_word' id='word_1_264' title='bbox 606 3221 807 3300; x_wconf 76' lang='lat' dir='ltr'><strong>distinguitur.</strong></span> <span class='ocrx_word' id='word_1_265' title='bbox 830 3224 907 3302; x_wconf 82' lang='lat' dir='ltr'><strong>iirgu</strong></span> <span class='ocrx_word' id='word_1_266' title='bbox 927 3226 953 3283; x_wconf 91' lang='lat' dir='ltr'><strong>si</strong></span> <span class='ocrx_word' id='word_1_267' title='bbox 974 3226 1094 3286; x_wconf 88' lang='lat' dir='ltr'><strong>mutatio</strong></span> <span class='ocrx_word' id='word_1_268' title='bbox 1108 3225 1138 3283; x_wconf 92' lang='lat' dir='ltr'><strong>in</strong></span> <span class='ocrx_word' id='word_1_269' title='bbox 1158 3224 1245 3285; x_wconf 87' lang='lat' dir='ltr'><strong>robus</strong></span> 
     </span>
     <span class='ocr_line' id='line_1_31' title="bbox 161 3320 1245 3399; baseline 0.002 -18"><span class='ocrx_word' id='word_1_270' title='bbox 161 3323 268 3381; x_wconf 87' lang='lat' dir='ltr'><strong>creatis</strong></span> <span class='ocrx_word' id='word_1_271' title='bbox 291 3323 459 3397; x_wconf 83' lang='lat' dir='ltr'><strong>peragitur,</strong></span> <span class='ocrx_word' id='word_1_272' title='bbox 485 3327 516 3381; x_wconf 89' lang='lat' dir='ltr'><strong>et</strong></span> <span class='ocrx_word' id='word_1_273' title='bbox 539 3320 641 3380; x_wconf 91' lang='lat' dir='ltr'><strong>modos</strong></span> <span class='ocrx_word' id='word_1_274' title='bbox 665 3335 717 3379; x_wconf 88' lang='lat' dir='ltr'><strong>san</strong></span> <span class='ocrx_word' id='word_1_275' title='bbox 738 3321 900 3383; x_wconf 85' lang='lat' dir='ltr'><strong>accidentia</strong></span> <span class='ocrx_word' id='word_1_276' title='bbox 928 3324 1063 3399; x_wconf 72' lang='lat' dir='ltr'><strong>respicit,</strong></span> <span class='ocrx_word' id='word_1_277' title='bbox 1095 3322 1172 3382; x_wconf 91' lang='lat' dir='ltr'><strong>modi</strong></span> <span class='ocrx_word' id='word_1_278' title='bbox 1194 3338 1245 3383; x_wconf 88' lang='lat' dir='ltr'><strong>seu</strong></span> 
     </span>
     <span class='ocr_line' id='line_1_32' title="bbox 163 3415 970 3496; baseline 0.002 -19"><span class='ocrx_word' id='word_1_279' title='bbox 163 3416 327 3477; x_wconf 76' lang='lat' dir='ltr'><strong>condenda</strong></span> <span class='ocrx_word' id='word_1_280' title='bbox 347 3432 365 3475; x_wconf 90' lang='lat' dir='ltr'><strong>a</strong></span> <span class='ocrx_word' id='word_1_281' title='bbox 387 3416 553 3477; x_wconf 83' lang='lat' dir='ltr'><strong>substantia</strong></span> <span class='ocrx_word' id='word_1_282' title='bbox 576 3416 694 3475; x_wconf 83' lang='lat' dir='ltr'><strong>realiter</strong></span> <span class='ocrx_word' id='word_1_283' title='bbox 712 3415 932 3496; x_wconf 85' lang='lat' dir='ltr'><strong>distinguuntur</strong></span> <span class='ocrx_word' id='word_1_284' title='bbox 947 3423 970 3479; x_wconf 88' lang='lat'><strong>¹.</strong></span> 
     </span>
    </p>
   </div>
   <div class='ocr_carea' id='block_1_7' title="bbox 165 3622 1333 4085">
    <p class='ocr_par' dir='ltr' id='par_1_8' title="bbox 165 3622 1333 4085">
     <span class='ocr_line' id='line_1_33' title="bbox 221 3622 1243 3688; baseline 0.001 -16"><span class='ocrx_word' id='word_1_285' title='bbox 221 3622 339 3673; x_wconf 80' lang='lat' dir='ltr'><strong>iiiiiitat</strong></span> <span class='ocrx_word' id='word_1_286' title='bbox 356 3622 431 3672; x_wconf 86' lang='lat' dir='ltr'><strong>ctiam</strong></span> <span class='ocrx_word' id='word_1_287' title='bbox 456 3636 502 3686; x_wconf 91' lang='lat' dir='ltr'><strong>pro</strong></span> <span class='ocrx_word' id='word_1_288' title='bbox 524 3624 570 3674; x_wconf 84' lang='lat' dir='ltr'><strong>bac</strong></span> <span class='ocrx_word' id='word_1_289' title='bbox 590 3625 712 3675; x_wconf 60' lang='lat' dir='ltr'><strong>munda</strong></span> <span class='ocrx_word' id='word_1_290' title='bbox 731 3623 894 3688; x_wconf 82' lang='lat' dir='ltr'><strong>Gaiiuppius,</strong></span> <span class='ocrx_word' id='word_1_291' title='bbox 915 3624 1043 3675; x_wconf 78' lang='lat' dir='ltr'><strong>interulis</strong></span> <span class='ocrx_word' id='word_1_292' title='bbox 1061 3623 1098 3674; x_wconf 88' lang='lat' dir='ltr'><strong>rie</strong></span> <span class='ocrx_word' id='word_1_293' title='bbox 1117 3623 1243 3675; x_wconf 84' lang='lat' dir='ltr'><strong>scribens:</strong></span> 
     </span>
     <span class='ocr_line' id='line_1_34' title="bbox 166 3700 1242 3775; baseline 0.001 -24"><span class='ocrx_word' id='word_1_294' title='bbox 166 3720 179 3744; x_wconf 80' lang='grc' dir='ltr'><strong>ιι</strong></span> <span class='ocrx_word' id='word_1_295' title='bbox 191 3703 284 3760; x_wconf 82' lang='lat' dir='ltr'><strong>Questo</strong></span> <span class='ocrx_word' id='word_1_296' title='bbox 301 3700 400 3753; x_wconf 83' lang='lat' dir='ltr'><strong>iiiusoto</strong></span> <span class='ocrx_word' id='word_1_297' title='bbox 418 3702 504 3765; x_wconf 72' lang='lat' dir='ltr'><strong>(Baris</strong></span> <span class='ocrx_word' id='word_1_298' title='bbox 520 3704 649 3764; x_wconf 82' lang='lat' dir='ltr'><strong>nimirum)</strong></span> <span class='ocrx_word' id='word_1_299' title='bbox 667 3704 787 3755; x_wconf 80' lang='lat' dir='ltr'><strong>mnriene</strong></span> <span class='ocrx_word' id='word_1_300' title='bbox 807 3703 864 3753; x_wconf 85' lang='lat' dir='ltr'><strong>drii’</strong></span> <span class='ocrx_word' id='word_1_301' title='bbox 875 3702 993 3755; x_wconf 63' lang='lat' dir='ltr'><strong>autenm</strong></span> <span class='ocrx_word' id='word_1_302' title='bbox 1012 3702 1242 3775; x_wconf 83' lang='lat' dir='ltr'><strong>de’osmbisrpaati.</strong></span> 
     </span>
     <span class='ocr_line' id='line_1_35' title="bbox 165 3780 1246 3845; baseline 0 -14"><span class='ocrx_word' id='word_1_303' title='bbox 165 3799 178 3824; x_wconf 74' lang='grc' dir='ltr'>ι</span> <span class='ocrx_word' id='word_1_304' title='bbox 192 3782 242 3831; x_wconf 84' lang='lat' dir='ltr'><strong>ors</strong></span> <span class='ocrx_word' id='word_1_305' title='bbox 260 3794 288 3831; x_wconf 88' lang='lat' dir='ltr'><strong>sc</strong></span> <span class='ocrx_word' id='word_1_306' title='bbox 305 3781 332 3831; x_wconf 95' lang='lat' dir='ltr'><strong>in</strong></span> <span class='ocrx_word' id='word_1_307' title='bbox 353 3795 403 3831; x_wconf 85' lang='lat' dir='ltr'><strong>nna</strong></span> <span class='ocrx_word' id='word_1_308' title='bbox 422 3784 535 3833; x_wconf 74' lang='lat' dir='ltr'><strong>sustam</strong></span> <span class='ocrx_word' id='word_1_309' title='bbox 548 3782 618 3833; x_wconf 82' lang='lat' dir='ltr'><strong>uuii&#39;a</strong></span> <span class='ocrx_word' id='word_1_310' title='bbox 636 3783 663 3832; x_wconf 84' lang='lat' dir='ltr'><strong>ri</strong></span> <span class='ocrx_word' id='word_1_311' title='bbox 681 3784 714 3833; x_wconf 81' lang='lat' dir='ltr'><strong>bs</strong></span> <span class='ocrx_word' id='word_1_312' title='bbox 735 3782 761 3833; x_wconf 94' lang='lat' dir='ltr'><strong>di</strong></span> <span class='ocrx_word' id='word_1_313' title='bbox 780 3782 883 3835; x_wconf 86' lang='lat' dir='ltr'><strong>distiato</strong></span> <span class='ocrx_word' id='word_1_314' title='bbox 901 3780 934 3833; x_wconf 89' lang='lat' dir='ltr'><strong>da</strong></span> <span class='ocrx_word' id='word_1_315' title='bbox 955 3795 1007 3833; x_wconf 80' lang='lat' dir='ltr'><strong>essu</strong></span> <span class='ocrx_word' id='word_1_316' title='bbox 1026 3785 1114 3845; x_wconf 71' lang='lat' dir='ltr'><strong>stmsr,</strong></span> <span class='ocrx_word' id='word_1_317' title='bbox 1134 3794 1204 3831; x_wconf 87' lang='lat' dir='ltr'><strong>ooure</strong></span> <span class='ocrx_word' id='word_1_318' title='bbox 1224 3782 1246 3831; x_wconf 89' lang='lat' dir='ltr'><strong>st</strong></span> 
     </span>
     <span class='ocr_line' id='line_1_36' title="bbox 165 3860 1247 3922; baseline -0.001 -12"><span class='ocrx_word' id='word_1_319' title='bbox 165 3879 177 3901; x_wconf 77' lang='lat' dir='ltr'><strong>s</strong></span> <span class='ocrx_word' id='word_1_320' title='bbox 192 3862 242 3922; x_wconf 84' lang='lat' dir='ltr'><strong>pud</strong></span> <span class='ocrx_word' id='word_1_321' title='bbox 260 3864 405 3911; x_wconf 83' lang='lat' dir='ltr'><strong>ammettere</strong></span> <span class='ocrx_word' id='word_1_322' title='bbox 417 3862 435 3912; x_wconf 91' lang='lat' dir='ltr'><strong>ii</strong></span> <span class='ocrx_word' id='word_1_323' title='bbox 450 3863 646 3913; x_wconf 83' lang='lat' dir='ltr'><strong>cambiameutoi</strong></span> <span class='ocrx_word' id='word_1_324' title='bbox 660 3862 766 3919; x_wconf 85' lang='lat' dir='ltr'><strong>Quando</strong></span> <span class='ocrx_word' id='word_1_325' title='bbox 781 3862 802 3912; x_wconf 90' lang='lat' dir='ltr'><strong>si</strong></span> <span class='ocrx_word' id='word_1_326' title='bbox 815 3862 871 3913; x_wconf 86' lang='lat' dir='ltr'><strong>diue</strong></span> <span class='ocrx_word' id='word_1_327' title='bbox 883 3863 907 3913; x_wconf 90' lang='lat' dir='ltr'><strong>ia</strong></span> <span class='ocrx_word' id='word_1_328' title='bbox 925 3866 1037 3913; x_wconf 77' lang='lat' dir='ltr'><strong>susianen</strong></span> <span class='ocrx_word' id='word_1_329' title='bbox 1051 3864 1072 3911; x_wconf 74' lang='lat' dir='ltr'><em>A</em></span> <span class='ocrx_word' id='word_1_330' title='bbox 1088 3860 1247 3921; x_wconf 78' lang='lat' dir='ltr'><strong>bosmbiata,</strong></span> 
     </span>
     <span class='ocr_line' id='line_1_37' title="bbox 166 3939 1248 4005; baseline -0.003 -16"><span class='ocrx_word' id='word_1_331' title='bbox 166 3958 179 3981; x_wconf 80' lang='grc' dir='ltr'>ι</span> <span class='ocrx_word' id='word_1_332' title='bbox 190 3940 237 3991; x_wconf 84' lang='lat' dir='ltr'><strong>ebe</strong></span> <span class='ocrx_word' id='word_1_333' title='bbox 247 3954 307 3991; x_wconf 84' lang='lat' dir='ltr'><strong>oosa</strong></span> <span class='ocrx_word' id='word_1_334' title='bbox 323 3942 343 3991; x_wconf 87' lang='lat' dir='ltr'><strong>s&#39;</strong></span> <span class='ocrx_word' id='word_1_335' title='bbox 350 3941 451 3993; x_wconf 90' lang='lat' dir='ltr'><strong>intende</strong></span> <span class='ocrx_word' id='word_1_336' title='bbox 462 3956 510 3993; x_wconf 86' lang='lat' dir='ltr'><strong>nou</strong></span> <span class='ocrx_word' id='word_1_337' title='bbox 526 3944 581 3993; x_wconf 83' lang='lat' dir='ltr'><strong>cib?</strong></span> <span class='ocrx_word' id='word_1_338' title='bbox 598 3943 685 3993; x_wconf 79' lang='lat' dir='ltr'><strong>ctuosi</strong></span> <span class='ocrx_word' id='word_1_339' title='bbox 699 3942 715 3991; x_wconf 78' lang='lat' dir='ltr'><strong>e</strong></span> <span class='ocrx_word' id='word_1_340' title='bbox 729 3941 845 4005; x_wconf 85' lang='lat' dir='ltr'><strong>prudntia</strong></span> <span class='ocrx_word' id='word_1_341' title='bbox 860 3954 909 3991; x_wconf 89' lang='lat' dir='ltr'><strong>una</strong></span> <span class='ocrx_word' id='word_1_342' title='bbox 924 3944 1036 3993; x_wconf 74' lang='lat' dir='ltr'><strong>sustam</strong></span> <span class='ocrx_word' id='word_1_343' title='bbox 1051 3940 1149 3991; x_wconf 80' lang='lat' dir='ltr'><strong>diversa</strong></span> <span class='ocrx_word' id='word_1_344' title='bbox 1162 3939 1194 3988; x_wconf 87' lang='lat' dir='ltr'><strong>da</strong></span> <span class='ocrx_word' id='word_1_345' title='bbox 1208 3942 1248 3987; x_wconf 74' lang='lat' dir='ltr'><strong>A?</strong></span> 
     </span>
     <span class='ocr_line' id='line_1_38' title="bbox 165 4018 1333 4085; baseline 0 -18"><span class='ocrx_word' id='word_1_346' title='bbox 165 4037 178 4061; x_wconf 74' lang='lat' dir='ltr'><strong>a</strong></span> <span class='ocrx_word' id='word_1_347' title='bbox 190 4020 218 4069; x_wconf 89' lang='lat' dir='ltr'><strong>in</strong></span> <span class='ocrx_word' id='word_1_348' title='bbox 232 4022 322 4084; x_wconf 72' lang='lat' dir='ltr'><strong>quau</strong></span> <span class='ocrx_word' id='word_1_349' title='bbox 337 4034 411 4073; x_wconf 86' lang='lat' dir='ltr'><strong>seusu</strong></span> <span class='ocrx_word' id='word_1_350' title='bbox 431 4022 455 4072; x_wconf 81' lang='lat' dir='ltr'><strong>ia</strong></span> <span class='ocrx_word' id='word_1_351' title='bbox 472 4024 584 4073; x_wconf 79' lang='lat' dir='ltr'><strong>sostaura</strong></span> <span class='ocrx_word' id='word_1_352' title='bbox 604 4026 623 4072; x_wconf 80' lang='lat' dir='ltr'><strong>i</strong></span> <span class='ocrx_word' id='word_1_353' title='bbox 644 4034 695 4072; x_wconf 90' lang='lat' dir='ltr'><strong>nou</strong></span> <span class='ocrx_word' id='word_1_354' title='bbox 713 4021 728 4073; x_wconf 77' lang='lat' dir='ltr'><strong>e</strong></span> <span class='ocrx_word' id='word_1_355' title='bbox 747 4022 887 4085; x_wconf 78' lang='lat' dir='ltr'><strong>cambisis,</strong></span> <span class='ocrx_word' id='word_1_356' title='bbox 907 4035 947 4073; x_wconf 83' lang='lat' dir='ltr'><strong>rna</strong></span> <span class='ocrx_word' id='word_1_357' title='bbox 971 4022 1086 4071; x_wconf 81' lang='lat' dir='ltr'><strong>un&#39;aitru</strong></span> <span class='ocrx_word' id='word_1_358' title='bbox 1101 4018 1246 4071; x_wconf 67' lang='lat' dir='ltr'><strong>munuc</strong></span> <span class='ocrx_word' id='word_1_359' title='bbox 1330 4018 1333 4031; x_wconf 82' lang='lat'><em>&#39;</em></span> 
     </span>
    </p>
   </div>
   <div class='ocr_carea' id='block_1_8' title="bbox 0 0 1457 4425">
    <p class='ocr_par' dir='ltr' id='par_1_9' title="bbox 0 0 1457 4425">
     <span class='ocr_line' id='line_1_39' title="bbox 0 0 1457 4425; baseline 0 0"><span class='ocrx_word' id='word_1_360' title='bbox 0 0 1457 4425; x_wconf 95' lang='lat' dir='ltr'><strong> </strong></span> 
     </span>
    </p>
   </div>
  </div>
 </body>
</html>
