2892 4425
247 288 284 346 ii
671 296 907 347 mnuuomouus

245 418 290 475 tos
312 408 403 471 hrisse
423 410 449 467 ¹.
472 406 519 469 Ad
539 407 678 469 Bruckeri
697 392 794 470 autem
812 409 989 469 calumniam
1008 408 1235 489 propulsandum
1252 406 1324 473 satis

159 526 166 535 ¹
244 524 389 586 superque
409 514 454 567 est
476 510 601 568 scrutari
621 510 666 567 uel
687 512 776 568 unius
800 508 831 567 S.
847 508 979 568 Thomae
998 508 1154 586 Aquinatis
1171 510 1324 570 volumina

243 608 433 683 immortalia,
448 618 523 683 quae
543 622 640 681 nemo,
655 608 705 682 qui
726 606 838 682 aliquid
850 610 958 685 sapiat,
972 591 1048 666 iuter
1060 623 1242 667 summorum
1257 607 1322 684 phi·

243 704 430 781 losophorum
451 720 539 781 opera
557 720 617 762 nnn
637 704 794 779 cooptabit.

307 810 355 861 ii.
372 804 465 863 Venio
478 818 557 862 nunc
571 802 608 861 ad
624 808 755 877 tempora
773 804 971 862 innovationis
986 802 1207 879 philosophiae„
1219 806 1250 863 ln
1263 818 1325 880 quo

244 898 352 976 triplex
367 916 459 976 genus
473 900 625 959 homiuum
645 900 785 975 distingui
799 899 898 959 dehet.
919 900 978 959 hiri
991 904 1070 959 euim
1090 907 1194 960 oontm
1207 900 1321 961 schola·

243 996 347 1057 uticam
369 998 480 1074 ailquid
501 1000 641 1056 nouitatis
659 997 816 1058 dumtaxat
835 998 930 1057 moliti
950 1005 1044 1074 sunt,
1065 999 1202 1058 alileam
1221 1006 1327 1074 aperto

243 1092 320 1153 hello
339 1097 488 1171 petiuere3
510 1097 559 1154 alil
579 1110 632 1155 sna
647 1096 714 1155 sede
734 1111 771 1153 ac
790 1102 870 1155 statu
888 1096 1011 1155 tandem
1021 1096 1223 1155 dimouemntr
1242 1096 1327 1155 luter·

244 1192 354 1266 primos
368 1196 515 1267 praecipui
530 1192 675 1251 hahentur
691 1192 887 1269 Raymundus
900 1191 1018 1252 Lollius
1029 1193 1194 1269 lllspenns,
1206 1201 1237 1252 et
1249 1193 1327 1252 taus

243 1292 355 1349 rentius
368 1276 453 1350 Valla
467 1291 570 1349 Italus.
586 1291 668 1348 luter
680 1291 824 1349 secundos
836 1297 896 1349 tres
911 1291 1096 1365 potissimum
1108 1290 1239 1350 Bruckm
1250 1306 1322 1349 ouu-

242 1394 347 1463 merat,
369 1386 513 1462 Bruuum,
527 1388 706 1463 Gardanum,
722 1389 952 1464 campanellam,
971 1402 1096 1462 quornm
1111 1389 1231 1464 ingenia
1242 1387 1325 1447 heae-⁴

243 1477 346 1543 rocllta
360 1483 497 1559 appellat,
514 1500 567 1543 nec
578 1486 654 1544 tuntl
667 1484 750 1561 lacit,
762 1488 864 1561 quanti
878 1500 928 1543 eos
940 1484 1074 1543 uonuulli
1087 1491 1204 1545 nostrae
1216 1485 1324 1545 nands

243 1579 346 1641 leviter
355 1580 462 1640 eruditi
474 1580 574 1640 haberi
588 1582 706 1642 vellem.
722 1582 899 1641 Praesertim
909 1582 1038 1641 manum
1052 1574 1324 1659 vituperatum,

242 1668 295 1737 etsi
311 1680 372 1737 ucri
386 1681 503 1755 iugenio
522 1686 609 1756 atque
625 1679 790 1739 incredibili
801 1681 1014 1755 imaginatione
1030 1681 1206 1740 instructum
1219 1678 1322 1753 dicat,

241 1782 341 1835 mmeu
358 1778 401 1836 sic
420 1777 567 1853 depingit:
588 1802 601 1829 a
621 1772 733 1837 Verum
752 1780 902 1836 enimuero
920 1777 1077 1837 obstabant
1096 1774 1206 1836 iulelici
1227 1776 1326 1851 philo-

245 1892 259 1925 o
275 1872 367 1947 sopho
387 1873 486 1933 iudicii
507 1881 673 1951 paupertas,
694 1876 911 1951 imaginationis
924 1875 1058 1952 iascivia,
1079 1880 1109 1933 ei
1125 1876 1239 1951 ineptus
1256 1888 1324 1933 mos·

247 1993 260 2019 o
276 1970 500 2029 consarcinaudl
515 1978 644 2031 veterum
659 1972 854 2047 hypotheses,
874 1980 909 2031 ul
927 1988 1035 2032 novam
1050 1972 1263 2049 philosophiam
1277 1970 1322 2029 el·

247 2092 260 2119 o
277 2067 418 2145 lingeret,
435 2084 509 2159 quae
529 2069 597 2127 inde
612 2076 773 2129 monstrum
789 2072 899 2146 magis,
920 2086 1009 2145 quum
1023 2077 1123 2145 aptam
1137 2077 1168 2129 et
1179 2068 1326 2129 rationale

248 2188 261 2217 o
278 2172 408 2244 systema
422 2167 540 2243 prodiit.
562 2166 671 2242 Nempe
685 2174 843 2244 systemate
857 2170 1022 2228 atomisilco
1035 2174 1187 2243 veterum,
1208 2168 1324 2243 potissi·

246 2287 260 2316 ι
280 2281 361 2324 mum
383 2265 499 2325 scholae
519 2267 661 2340 italicae,
686 2283 756 2326 cnm
776 2271 937 2343 systemata
956 2268 1124 2325 manedac
1143 2268 1320 2341 coniuncto,

246 2385 259 2414 ι
276 2378 395 2438 usurus,
410 2371 477 2422 cum
492 2363 602 2422 videret
616 2363 817 2441 Pythagoreos
829 2372 987 2442 utriunque
999 2367 1088 2424 etiam
1104 2367 1201 2441 sequi,
1220 2371 1251 2424 et
1269 2379 1325 2422 uo·

245 2481 258 2510 o
277 2475 345 2519 unm
360 2465 457 2520 tumen
471 2461 541 2520 darc
560 2460 661 2538 veliet,
683 2463 825 2522 eiusmodi
841 2462 1110 2541 philosopharinam
1121 2461 1213 2537 dedit,
1233 2475 1325 2537 quus,-

245 2580 258 2608 o
275 2557 345 2616 dum
360 2575 440 2616 uova
453 2559 584 2634 affectat,
599 2561 706 2633 partim
720 2560 856 2636 obsoma,
871 2564 983 2620 incerta
995 2570 1025 2620 et
1037 2560 1111 2618 uihil
1125 2559 1326 2634 significantia

246 2675 259 2704 o
276 2660 357 2730 sunt,
372 2657 480 2730 partlm
495 2655 701 2732 intolerabilia,
717 2657 858 2732 absurda,
871 2663 917 2733 et,
931 2659 957 2716 si
972 2671 1074 2716 veram
1087 2653 1261 2730 dicendum,
1275 2654 1326 2712 lu«

246 2773 259 2801 α
276 2751 391 2810 terdum
406 2753 495 2826 impia
509 2754 533 2809 ².
553 2775 566 2802 υ

302 2847 380 2906 linio
394 2863 516 2907 numero
530 2851 675 2908 accenseri
692 2851 781 2908 edam
795 2855 917 2925 possum
935 2847 1078 2924 Telesina,
1092 2846 1217 2922 Romus,
1231 2846 1326 2905 Para«

242 2941 349 3020 celsus,
358 2945 476 3020 aliique,
484 2948 535 3020 qui
549 2945 665 3004 saeculo
677 2945 875 3006 decimosexto
885 2945 1092 3006 scholasticam
1102 2949 1325 3021 oppugnarunt«

305 3049 353 3100 12.
369 3040 459 3099 Tertii
473 3045 587 3119 generis
602 3041 766 3120 hominum,
780 3045 831 3119 qui
846 3046 1005 3118 posteriore
1018 3042 1135 3101 saeculo
1146 3041 1323 3115 floruerunt,

242 3141 373 3198 omnium
389 3138 453 3197 iere
463 3139 643 3199 eruditorum
658 3140 780 3218 iudicio,
801 3141 935 3201 Buconm
951 3158 970 3201 a
983 3142 1152 3202 Verulamio
1171 3141 1257 3200 duxit
1273 3156 1324 3216 age

241 3251 319 3294 men.
339 3237 394 3296 llic
407 3252 466 3295 uou
481 3237 689 3314 systemaiihus
702 3239 922 3316 compingentis
936 3283 949 3315 ,
965 3241 1019 3300 sed
1031 3240 1179 3298 contrena
1191 3237 1326 3313 philoso-

242 3332 351 3409 phandi
367 3334 504 3394 methodo
518 3336 716 3412 proponenda,
732 3336 937 3413 philosophiae
948 3339 1189 3398 instaurationem
1209 3335 1326 3410 proclu-

243 3435 348 3492 mauit.
365 3433 457 3493 Totus
471 3441 568 3494 autern
583 3439 613 3492 iu
628 3451 662 3494 eo
675 3435 744 3512 iult,
767 3443 810 3512 ut,
831 3437 1003 3513 syllogismo
1018 3437 1125 3494 reiecto
1139 3433 1327 3510 collectaque

304 3623 312 3666 i
330 3617 420 3668 Gouler
436 3617 481 3668 hac
497 3619 523 3667 in
533 3631 560 3668 re
571 3619 635 3668 Vici.
650 3620 756 3683 cousin,
769 3622 840 3670 liisi.
852 3619 885 3670 de
897 3621 925 3670 lo
930 3620 1027 3685 philos.
1042 3623 1103 3670 tom.
1117 3627 1139 3681 i,
1151 3621 1221 3682 leoou
1232 3627 1257 3670 2.
1267 3620 1327 3676 Quo

240 3695 266 3744 in
280 3697 333 3746 loco
345 3698 420 3748 homo
433 3699 534 3750 minime
547 3702 675 3763 suspcolus
689 3701 790 3751 nimiam
802 3702 1008 3752 scholasticorum
1019 3701 1210 3766 philosophandi
1225 3700 1324 3749 liberia-

244 3779 293 3828 lem
305 3779 449 3829 demiratur.

300 3865 315 3908 a
330 3862 397 3910 liiri.
411 3863 470 3911 crit.
481 3863 548 3926 phil.
561 3877 579 3914 o
593 3865 669 3928 lamp.
682 3876 778 3915 recuso.
790 3867 818 3914 in
831 3867 889 3915 Oce.
904 3863 945 3915 lii.
958 3865 1005 3915 elo.
1016 3877 1068 3928 per.
1082 3867 1106 3925 i,
1119 3864 1181 3925 pert.
1198 3869 1223 3923 a,
1237 3860 1280 3912 lih.
1296 3866 1321 3921 t,

243 3949 297 4002 cap.
315 3947 335 4002 t,
350 3941 372 4004 §.
391 3949 428 3994 io.
