2892 4425
723 308 856 352 mulctis

659 512 842 571 laureatos
862 512 914 571 ll'.

556 711 599 771 Dc
621 710 799 787 Dcstm'ir'oac
813 714 843 770 ct
858 710 1023 770 Dictatore.

313 908 362 962 io,
386 901 473 961 ilatio
488 901 638 975 potissima
655 915 714 977 qua
732 914 815 959 meos
832 900 937 974 utitor,
953 898 1044 957 veluti
1061 900 1269 973 instrumento,
1287 898 1328 956 orl

251 1014 349 1059 rerum
368 998 449 1058 ideas
465 997 580 1073 claras,
604 1003 635 1055 et
654 996 752 1073 quoad
772 1002 890 1071 potest,
916 995 1112 1055 distinctions
1134 994 1328 1069 efficiendas,

251 1095 419 1155 delinitione
436 1101 465 1153 et
483 1094 627 1155 divisione
647 1094 920 1153 coutioctur.·Cum
940 1094 1019 1149 cuim
1037 1090 1194 1149 delinimus
1211 1096 1263 1149 aui
1282 1089 1328 1147 di·

251 1192 390 1267 vidimus,
413 1192 504 1251 aciem
527 1192 775 1264 attentionemque
797 1192 903 1247 meotis
924 1189 962 1247 ad
981 1192 1067 1246 notas
1082 1191 1125 1246 rei
1138 1186 1331 1261 simpliciores

250 1296 415 1364 pariesque,
430 1289 508 1347 uode
523 1288 574 1345 ilia
589 1286 740 1361 coalescit,
761 1288 868 1344 sensim
882 1284 1079 1360 conserimus3
1097 1301 1135 1343 ex
1153 1300 1213 1359 quo
1230 1285 1331 1341 omnis

250 1388 443 1462 perspicuitas
456 1390 485 1444 et
498 1384 647 1443 distinctio
670 1366 801 1442 idearum
818 1386 951 1459 emergit.
975 1382 1157 1441 Permultum
1178 1383 1267 1455 igitur
1282 1381 1330 1437 iu·
1385 1390 1390 1395 ·

250 1487 360 1557 teresi,
381 1487 415 1541 ut
433 1480 560 1539 breuiter
579 1479 715 1556 quidem,
737 1480 789 1540 sed
806 1488 949 1557 mantum
969 1481 1043 1539 satis
1063 1486 1128 1554 ast,
1153 1477 1190 1536 de
1205 1477 1253 1536 his
1270 1476 1332 1536 elo·

250 1594 388 1655 quumur.

312 1673 449 1736 Definitio
468 1674 526 1733 dici
542 1679 637 1749 potest
655 1689 722 1733 oum
738 1673 851 1733 Tullio:
872 1676 968 1733 oratio
979 1690 1056 1750 quoe
1072 1670 1117 1748 sd,
1135 1670 1215 1750 quod
1227 1670 1332 1747 defini·

253 1777 313 1847 tur,
333 1771 465 1848 explicui
483 1770 556 1849 quid
574 1774 616 1830 sit
635 1774 664 1846 ¹3
685 1788 748 1846 seu,
770 1771 850 1847 quod
867 1772 943 1831 idem
960 1777 1062 1829 sonat:
1082 1768 1198 1843 coccii,
1221 1767 1259 1827 dc
1271 1782 1332 1845 quo

252 1870 417 1947 quaeritur,
445 1866 579 1927 dilucido
608 1867 780 1945 explicatio.
809 1867 924 1942 Duplex
952 1873 1048 1927 autem
1076 1883 1095 1926 a
1121 1865 1333 1925 recentioribus

253 1967 446 2024 communiter
460 1970 525 2037 post
537 1964 714 2023 Leibuitium
730 1966 851 2040 proponi
865 1964 956 2023 solet:
976 1980 1037 2023 una
1054 1980 1142 2039 quae,
1157 1966 1198 2021 rei
1213 1964 1333 2026 notione

252 2068 369 2123 tautum
387 2062 545 2137 illustrata,
567 2078 631 2121 eam
653 2078 711 2119 oou
731 2062 858 2121 declaret
875 2078 937 2120 esse
951 2061 1130 2137 possibilem,
1148 2068 1236 2137 atque
1253 2060 1334 2118 hauc

252 2158 431 2226 uomioulem
449 2158 614 2236 appellaut3
629 2159 733 2235 altera,
747 2175 822 2235 quae
843 2164 955 2235 praeter
973 2165 1156 2234 conceptum,
1175 2160 1216 2218 rei
1236 2158 1334 2232 possi·

251 2255 394 2316 bilitatem
417 2258 505 2314 etiam
528 2255 684 2331 exhibeat,
705 2255 833 2316 iudicata
853 2259 966 2316 rationo
983 2272 1043 2332 qua
1060 2257 1142 2332 gigni
1155 2256 1207 2314 illa
1226 2259 1334 2330 pomit,

253 2359 340 2429 utque
353 2352 431 2412 hanc
448 2351 558 2411 realem
579 2352 625 2410 ual
644 2355 733 2412 etiam
747 2355 910 2428 perrelieum
928 2355 1084 2412 oomiuaut
1096 2356 1120 2411 ².
1140 2351 1207 2428 Sic,
1228 2368 1335 2410 eorum

251 2451 415 2526 muntia,
432 2451 483 2525 qui
504 2449 645 2510 circulum
664 2448 813 2508 definiret:
830 2451 966 2526 ficorum
979 2448 1138 2527 quomdam
1152 2449 1280 2526 plescum
1299 2451 1336 2507 r'rr

251 2562 282 2604 re
298 2545 486 2619 redeuutem,
509 2548 592 2604 cutm
613 2546 712 2605 omnio
730 2550 846 2621 punctu
865 2563 956 2623 ecque
977 2545 1093 2606 distant
1108 2565 1129 2605 a
1143 2550 1257 2624 puncto
1275 2545 1338 2604 uli·

251 2658 309 2719 quo
322 2644 492 2718 intercepto,
515 2644 541 2700 ls
561 2640 759 2701 definitionem
779 2645 957 2703 nominalem
974 2643 1133 2719 praeberet.
1153 2643 1206 2702 Sto
1227 2647 1334 2699 contra

252 2739 394 2798 circulum
414 2738 541 2797 diceret:
558 2738 692 2814 stqurom
713 2755 753 2797 ce
772 2743 853 2799 neoto
874 2739 970 2800 lineae
987 2745 1100 2814 reciae,
1119 2756 1180 2798 sese
1196 2740 1278 2797 circu
1289 2739 1338 2812 fi-

185 2821 187 2826 ’
252 2851 326 2894 cam
341 2838 489 2912 puuctum
502 2836 654 2910 vericulis,
673 2837 705 2893 tn
723 2835 816 2911 paruo
833 2835 1031 2912 demptum,
1052 2837 1247 2896 definitionem
1269 2851 1338 2894 rau-

252 2931 311 2990 lem
331 2930 470 2990 efiiceret.
839 2939 842 2944 ’
1248 2935 1255 2946 “

311 3027 352 3087 At
367 3027 452 3103 mihi,
476 3043 656 3104 quamquem
676 3028 826 3088 distinctio
847 3030 946 3105 aliqua
966 3030 1101 3090 iacienda
1121 3029 1237 3088 videtur
1256 3031 1338 3089 inter

251 3123 451 3182 definitionem
471 3139 547 3199 quas
566 3108 737 3200 conceptam
757 3128 811 3200 rei,
836 3132 865 3184 et
886 3142 963 3200 eam,
984 3143 1060 3202 quae
1074 3129 1115 3185 ret
1128 3129 1259 3202 genesim
1281 3142 1339 3185 ex·

251 3218 358 3294 plicat,
378 3220 555 3293 superiorem
572 3227 670 3280 tameo
691 3221 869 3279 nominalem
892 3222 1037 3297 appellare
1056 3238 1116 3280 uon
1136 3221 1250 3297 plaeet3
1268 3227 1340 3280 turn

251 3316 323 3390 quia
340 3317 383 3374 sic
403 3330 462 3374 vos
484 3315 597 3376 deesset
616 3319 720 3384 idonea
734 3300 784 3375 'ad
803 3317 1002 3402 deiioitiooem
1022 3319 1228 3394 innuendam,
1257 3335 1342 3393 quae

252 3412 295 3470 rei
307 3427 413 3470 nomeu
426 3415 556 3490 exponit3
572 3421 635 3473 tum
649 3417 738 3474 etiam
751 3417 821 3490 quia
836 3414 905 3472 iiiuc
919 3431 992 3475 ansa
1003 3415 1123 3475 daretur
1135 3414 1341 3476 oooiuodeudi

252 3506 451 3585 definitiones,
473 3525 549 3585 quae
568 3526 674 3571 nomeu
693 3517 808 3570 tautum
830 3514 870 3570 rei
895 3491 1082 3588 locutum,
1101 3529 1168 3593 cum
1183 3515 1238 3588 iis,
1259 3528 1343 3588 quae
1375 3504 1379 3509 ⁴

253 3611 426 3680 conceptum
447 3607 543 3681 ipsum
564 3608 771 3684 complicatum
792 3623 844 3682 per
863 3609 1055 3684 simpliciores
1073 3611 1216 3670 evolvunt
1235 3610 1341 3688 ideas3

311 3758 323 3802 l
339 3754 398 3815 liupr.
416 3767 438 3804 o.
452 3760 491 3804 tt.

310 3831 399 3882 silicia
412 3835 565 3884 Gcnmosuu
578 3837 606 3886 tu
620 3837 683 3886 Arte
696 3836 903 3897 [cocodrillus
917 3835 935 3885 i.
948 3843 971 3887 a.
988 3835 1126 3901 appendia
1139 3837 1225 3889 Wolfii
1241 3836 1274 3888 dc
1291 3849 1347 3890 mc·
1430 3870 1431 3873 =

255 3907 331 3962 ilaodo
344 3912 542 3964 motheoaaticu.
566 3985 575 3994 ι
