2892 4425
454 363 531 409 iem
551 364 655 409 vitm
674 380 686 393 ·
706 364 905 411 cosuomcia
1172 362 1208 415 41

137 480 292 555 repugnat.
312 474 354 535 At
371 474 396 533 ai
412 474 527 535 intinita
544 490 604 533 non
623 480 687 551 eat,
708 488 828 537 causam
846 476 893 535 aui
910 472 1030 551 babuit,
1049 490 1069 534 a
1087 490 1147 552 qna
1163 475 1211 537 de

137 574 231 635 iiaitia
250 572 392 633 iimitibua
412 575 602 631 merneretur.
626 572 727 650 Ergo,
753 573 903 632 siratioui
926 588 1028 648 parere
1050 573 1210 653 iniamus,

123 672 187 733 'aui
203 678 326 732 naturae
345 668 410 747 iege
430 668 622 746 subiicimur,
644 672 796 729 materiam
816 686 853 729 err
875 668 1020 730 eiiicieute
1045 670 1143 748 aiiquo
1163 686 1213 749 ge·

75 768 82 783 ‘
140 777 273 831 neratam
293 783 436 844 ponamus
454 773 579 843 eportet.
602 766 647 826 dc
667 783 699 827 re
717 767 836 844 quidem
854 782 945 843 vera,
964 768 1016 828 iiia
1035 767 1211 846 maguitudi-

138 871 187 927 nis
205 868 409 927 determinatio
424 867 494 923 oriri
509 880 569 925 non
588 866 684 941 potnit
697 882 735 923 err
752 868 817 940 ipsa
837 872 942 924 natura
961 867 1117 943 materiae,
1136 878 1212 943 quae

140 964 226 1041 piane
244 966 278 1023 iu
295 963 351 1023 boc
367 962 538 1023 indifferens
554 978 606 1038 per
621 978 653 1021 aa
669 968 725 1038 cat,
746 968 833 1038 atque
848 962 913 1021 ideo
928 962 1082 1021 cuiuslibet
1099 965 1213 1039 magui·

139 1062 250 1122 tudinis
264 1059 447 1136 recipiendae
462 1066 506 1119 eat
520 1075 630 1135 capax,
645 1059 728 1119 uuiia
743 1062 820 1119 enirn
835 1060 1027 1119 dete'rmiuetn
1040 1059 1212 1137 magnitudo

139 1160 283 1234 assignari
298 1162 404 1232 potest,
418 1172 494 1231 qnae
512 1172 582 1231 prae
596 1158 700 1215 ceteris
716 1172 784 1216 eum
808 1157 934 1216 essentia
958 1158 1096 1215 materiae
1116 1172 1213 1215 neces·

139 1257 217 1315 sario
251 1260 449 1313 connectatur.
473 1253 516 1312 Ea
536 1255 627 1330 igitur
657 1253 861 1313 determinatio
881 1252 918 1311 ab
945 1251 1088 1313 eiiiciente
1114 1252 1212 1329 aliquo
1232 1271 1235 1277 ·

12 1415 13 1434 ,
139 1358 260 1412 externo
276 1354 307 1409 in
324 1353 475 1411 materiam
496 1350 626 1427 proiecta
638 1357 694 1411 cat.
713 1349 761 1409 An
777 1349 880 1409 eodem
901 1351 990 1428 igitur
1011 1352 1134 1411 materia
1151 1352 1213 1410 exi·

141 1450 277 1508 atentiam
291 1452 413 1525 accepit3
430 1446 669 1524 qnandoquidem
682 1450 746 1506 siue
763 1446 881 1507 deiinitu
895 1450 1063 1507 extensione
1082 1462 1118 1507 ac
1137 1446 1214 1507 mnie

12 1545 13 1556 ¹
141 1548 309 1621 nentiquam
329 1552 444 1605 exatme
467 1549 599 1620 poterat,
620 1561 656 1605 ae
681 1544 803 1620 proinde
823 1545 923 1605 eadem
943 1560 1032 1605 causa
1053 1562 1129 1622 quae
1151 1548 1215 1606 eius

11 1695 12 1740 ,
141 1644 247 1703 moiem
267 1645 403 1720 primitus
416 1644 633 1719 determinavit,
650 1644 835 1703 existentiam
863 1645 918 1719 ipsi
939 1642 1048 1703 donare
1066 1644 1177 1705 debuit.

198 1740 331 1801 diturum
350 1743 394 1800 eie
415 1741 561 1815 proponit.
584 1739 733 1815 Principio
756 1739 815 1800 duo
838 1742 932 1801 sancit
953 1740 1067 1819 effata,
1089 1757 1214 1817 quornm

140 1854 231 1901 uuum
253 1845 320 1899 eet:
345 1840 497 1899 materiam
520 1854 572 1913 per
593 1853 625 1897 ee
648 1836 862 1899 indifferentem
885 1854 947 1899 esse
972 1839 1010 1899 ud
1033 1846 1143 1899 motum
1169 1838 1213 1899 vei

140 1938 276 2013 quietem.
298 1936 343 1995 Ex
360 1952 419 2012 qun
436 1936 491 2012 iit,
512 1942 547 1996 ut
565 1935 604 1994 ad
624 1935 796 1997 alterutrum
820 1936 1023 1996 determinatio
1044 1938 1161 1997 aiiuude
1183 1939 1213 1997 iu

10 2045 11 2050 ¹
139 2034 253 2109 ipsum,
275 2036 413 2093 uirnirnm
431 2033 470 2092 ab
486 2036 629 2093 exteriore
651 2050 762 2109 causa,
785 2033 884 2093 induci
906 2033 1020 2093 debeat.
1045 2035 1130 2108 Quod
1151 2038 1215 2113 qui·

10 2131 11 2144 ¹
140 2131 207 2191 dem
224 2134 404 2207 experientia
420 2138 508 2208 atque
521 2133 613 2207 ipsius
634 2134 774 2191 materiae
790 2134 911 2193 notione.
927 2131 1068 2191 clarescit.
1091 2130 1214 2191 Materia

139 2231 218 2288 eninr
232 2245 324 2306 aeque
335 2232 368 2288 iu
383 2246 443 2289 uno
458 2230 587 2290 aiterove
604 2235 681 2290 statu
700 2233 810 2305 optimo
828 2237 950 2306 perstat,
969 2245 1022 2288 nec
1042 2230 1214 2292 aiterutrum

139 2327 256 2402 potius,
278 2332 312 2385 ut
334 2329 491 2404 cogitetur,
511 2329 649 2404 exquirit.
675 2327 841 2388 Secundum
862 2334 923 2386 eet:
945 2329 1066 2387 materia
1092 2329 1120 2384 vi
1139 2330 1216 2403 priu-

139 2425 209 2498 cipit
234 2423 466 2484 mutendictionis
490 2428 554 2486 niue
577 2426 685 2486 actuali
708 2426 948 2486 determinatione
971 2425 1009 2486 ud
1032 2433 1144 2485 motum
1169 2427 1214 2486 rei

138 2521 267 2598 quietem
279 2528 393 2581 exstare
407 2539 465 2581 oon
479 2525 585 2599 potuit.
602 2523 641 2582 iii
654 2527 732 2584 euim
749 2523 807 2583 duo
821 2531 915 2584 statua
929 2523 1154 2584 mntradictorie
1167 2540 1217 2600 op·

138 2624 306 2696 ponuntur,
325 2635 376 2679 uec
392 2621 474 2680 aiiud
492 2621 584 2682 uiiurn
604 2621 775 2698 reiiuquuut
791 2621 922 2696 tertium,
938 2624 969 2680 in
986 2637 1046 2698 quo
1066 2620 1142 2681 iorte
1156 2638 1215 2681 mn·

138 2719 212 2776 teria
233 2719 437 2778 coustituetur.
462 2719 549 2778 iiisoe
569 2721 672 2795 positis
694 2722 737 2778 sic
759 2721 874 2795 pergit:
902 2721 927 2778 si
952 2709 1072 2778 materia
1096 2722 1217 2783 minima

138 2815 280 2888 producta
297 2823 385 2892 esset,
399 2823 488 2892 atque
508 2816 573 2876 ideo
588 2820 614 2876 si
633 2823 763 2877 exstaret
783 2832 800 2875 a
820 2833 863 2891 se,
878 2833 942 2876 eam
962 2819 1133 2878 instructam
1152 2833 1216 2878 esse

139 2918 284 2988 oporteret
302 2914 528 2990 proprietatibus
545 2917 599 2991 iis,
617 2931 693 2991 quae
710 2931 748 2974 ex
768 2913 897 2974 eiusdem
916 2921 1022 2974 natura
1038 2914 1213 2991 dimaoaut;

139 3024 214 3084 quae
226 3027 298 3070 uero
313 3010 352 3069 eb
374 3010 476 3071 eadem
492 3027 553 3070 non
572 3011 738 3088 dimanant,
754 3015 784 3070 irr
800 3029 834 3072 ea
848 3015 1020 3090 neutiquam
1034 3014 1130 3072 inesse
1148 3029 1215 3089 poa·

139 3112 212 3164 aeut.
233 3107 310 3166 Fieri
329 3112 407 3166 enim
428 3111 549 3167 omniuo
569 3112 670 3185 nequit
689 3116 722 3168 ut
745 3110 793 3186 id,
817 3110 896 3186 quod
917 3112 1078 3170 necessario
1103 3117 1217 3187 exstat,

139 3205 175 3263 iia
195 3203 314 3266 orbetur
334 3207 576 3283 proprietatibus,
598 3222 674 3284 quae
688 3210 751 3282 pari
773 3210 942 3268 necessitate
963 3207 1000 3266 ab
1027 3209 1088 3266 eius
1110 3214 1215 3267 natura

137 3307 309 3378 poscuntur.
325 3304 456 3380 itemque
473 3311 617 3380 repugnat
632 3312 665 3365 ut
681 3305 723 3380 id,
736 3305 812 3382 quod
829 3313 951 3365 eriemo
963 3307 1106 3382 principio
1123 3310 1216 3380 caret,

138 3399 293 3475 qualitates
309 3401 414 3462 induat
425 3417 501 3479 qnae
521 3403 560 3462 eb
578 3405 643 3462 eius
660 3409 766 3472 nature
790 3418 847 3462 uon
866 3402 982 3478 fluunt,
1001 3405 1170 3479 praesertim
1193 3404 1218 3461 si

137 3495 195 3556 bae
214 3515 282 3558 cum
296 3500 496 3575 superioribus
509 3500 703 3576 qualitatibus
722 3507 863 3576 pugnent.
880 3500 994 3558 Etenim
1009 3503 1217 3577 proprietatum
1342 3567 1348 3576 ,

137 3596 242 3656 modus
260 3598 348 3657 modo
365 3605 488 3658 naturae
508 3603 723 3658 consentaneus
741 3605 798 3674 est,
812 3605 841 3657 et
861 3585 938 3674 'quae
956 3614 1024 3658 curn
1046 3605 1152 3659 natura
1172 3601 1216 3658 in-

136 3695 280 3754 ninseena
294 3695 484 3773 colligantur,
499 3697 582 3755 iiiiuc
600 3692 754 3756 abscedere
772 3712 958 3772 nequaquam
978 3703 1111 3772 possum.
1126 3695 1217 3773 Atqui

14 3793 18 3799 ’
136 3805 174 3850 ex
191 3791 348 3868 praedictis
367 3795 519 3870 principiis
539 3797 666 3869 primum
687 3795 839 3853 materiam
856 3793 1108 3854 indeterminatam
1131 3794 1217 3854 reiiu-

137 3891 202 3963 quit
220 3889 260 3948 ed
277 3889 390 3950 motuni
411 3890 457 3949 rei
476 3893 616 3967 quietern,
640 3898 728 3967 etque
750 3891 828 3966 ideo,
845 3894 869 3950 si
889 3894 1009 3951 materia
1030 3890 1215 3966 improducta

137 3983 253 4062 inisset,
268 4001 335 4046 cum
356 3986 408 4046 taii
427 3987 702 4048 indeterminatione
723 3995 840 4048 exstare
862 3987 1018 4048 debuisset.
1037 3989 1144 4046 Contra
1166 4003 1217 4062 per
