2892 4425
248 384 307 438 124
720 393 855 440 moion

247 501 348 579 modi,
366 505 421 566 etsi
445 503 523 566 desit
540 503 763 582 demonstratio,
786 503 870 566 admi
894 509 992 564 tamea
1016 497 1161 562 motivum
1186 513 1322 562 eamus

247 599 382 662 stabilius
403 602 528 664 tortasse
550 605 597 664 rei
623 604 729 664 saitcm
749 617 841 680 aeque
862 600 967 662 stabile
986 615 1021 660 ao
1042 602 1082 660 sit
1098 600 1320 660 demonstratio.

172 755 177 763 .
248 695 394 760 diutinum
406 699 573 762 huiusmodi
585 709 630 762 est
640 701 809 761 immediata
821 699 926 760 obiecti
939 699 1099 774 ealdentiu,
1110 715 1161 768 seu
1175 701 1217 758 rei
1230 700 1323 774 ipsius

248 796 368 856 evidens
379 801 506 860 intuitio.
522 801 566 860 Er
579 817 638 878 quo
651 801 745 860 eiueet
761 800 851 860 teiam
870 815 1020 858 assensum
1044 813 1104 858 nou
1125 813 1187 856 mse
1205 812 1323 856 carmus

248 896 407 971 qnamdam
432 897 541 973 iidem,
568 899 622 958 sed
646 915 709 958 ease
730 899 962 974 perspicientiam
988 895 1221 972 lucidissimam,
1246 909 1323 970 quae

249 1009 301 1068 per
314 1009 347 1052 se
367 993 480 1073 fuiget,
499 1003 530 1056 et
551 997 611 1058 aiis
637 997 751 1056 obiecta
778 995 943 1056 illuminare
966 996 1043 1071 potis
1066 1000 1121 1053 est.
1149 991 1259 1052 Deinde
1280 993 1325 1052 ita

249 1105 333 1150 mene
352 1090 444 1164 iisoq
456 1096 608 1171 principiis
631 1096 696 1153 eina
707 1071 964 1154 ‘demonstratione
986 1093 1155 1166 ansonem,
1171 1097 1205 1150 ut
1223 1092 1255 1150 in
1268 1089 1323 1150 tali

245 1205 368 1251 asseusu
383 1193 505 1253 omuino
521 1195 727 1269 conquiescat;
747 1195 855 1269 quippe
868 1208 937 1252 cam
951 1191 1064 1252 nuliam
1083 1187 1125 1249 ibi
1142 1189 1323 1258 demonstra·

248 1290 339 1349 tionis
358 1293 560 1352 necessitatem
578 1296 769 1366 contueatur3
791 1292 882 1349 immo
900 1306 971 1349 vero
988 1303 1053 1350 eam
1066 1303 1120 1364 pro
1142 1286 1193 1347 tait
1210 1286 1323 1346 obiecto

250 1387 382 1463 ineptam
403 1393 433 1447 ct
449 1387 605 1448 mandem
625 1404 688 1448 esse
706 1387 798 1446 uidet.
820 1386 861 1447 Ut
879 1389 957 1447 euim
977 1385 1126 1462 prenotate
1141 1387 1236 1460 inquit
1249 1383 1323 1444 Seu·

251 1489 316 1544 ctus
335 1484 484 1544 Thomas:
514 1509 529 1538 ι
551 1487 702 1562 proprium
722 1493 768 1546 est
792 1485 896 1546 horem
921 1486 1142 1562 principiorum,
1161 1482 1241 1558 quud
1263 1499 1324 1542 uon

255 1582 631 1643 «solamnecmsesitea
653 1596 757 1660 paroc
778 1599 847 1644 vcra
868 1599 943 1661 esse,
964 1582 1122 1642 sedetiam
1145 1587 1326 1642 naamani

255 1702 269 1731 ι
284 1678 380 1739 uideri
394 1680 477 1756 'quod
495 1683 556 1742 sint
576 1697 630 1758 per
647 1698 680 1742 sc
698 1697 781 1742 vere.
802 1681 910 1742 Nuiiue
928 1683 1005 1742 euim
1024 1686 1120 1757 potest
1140 1695 1191 1756 per
1213 1695 1245 1739 sc
1264 1679 1325 1756 opi·

256 1799 271 1830 ι
285 1780 352 1838 nari
372 1781 519 1840 cantaria
541 1795 644 1840 eorum
665 1782 688 1839 ¹.
711 1804 726 1832 ι

312 1881 362 1935 ee.
383 1875 511 1954 lutciiiqi
532 1876 602 1938 hinc
621 1885 716 1954 potest
733 1883 877 1955 quantum
896 1893 914 1938 a
931 1879 1054 1939 tentate
1077 1875 1208 1938 discam
1228 1875 1324 1936 Theo·

251 1971 343 2034 dorus
362 1973 512 2054 iouitroy,
530 1979 584 2053 qui
602 1979 780 2052 principium
797 1982 827 2036 ct
843 1975 955 2036 iontem
975 1973 1156 2038 mmmdinis
1179 1973 1327 2036 humanae

253 2071 286 2130 in
305 2077 373 2159 actu
393 2071 463 2133 idei
482 2089 586 2134 caecae
610 2077 740 2153 reponit,
761 2091 852 2151 quem
873 2073 1001 2135 naturali
1025 2073 1176 2134 veracitati
1202 2072 1326 2134 incuita-

250 2175 316 2231 tum
333 2176 499 2233 nostrarum
519 2171 709 2235 adhibeamus
720 2175 747 2234 ².
767 2173 805 2235 Et
822 2189 853 2235 re
872 2189 956 2251 uere,
978 2175 1004 2233 si
1026 2170 1220 2250 cognoscendi
1239 2185 1326 2232 exor-

251 2268 334 2327 dium
356 2284 416 2328 nou
435 2271 604 2349 euidentia,
631 2272 684 2333 sed
708 2288 796 2333 caeca
819 2272 946 2350 quadm
970 2270 1029 2332 ilde
1052 2277 1220 2349 coustaret;
1242 2270 1327 2331 untia
1381 2276 1384 2286 ‘

197 2360 202 2367 “
251 2372 331 2425 certa
346 2370 475 2445 cognitio
493 2374 649 2448 posterior,
668 2388 746 2449 quae
764 2365 848 2432 iiiiuc
863 2372 996 2449 emergit,
1016 2370 1166 2431 euidenter
1182 2370 1325 2448 eiummtq

252 2466 489 2543 qnandoquidem
506 2469 589 2530 uuita
611 2470 751 2547 perfectio
765 2472 797 2529 in
815 2486 953 2548 processu
975 2470 1114 2531 edendae
1135 2470 1253 2545 reperim
1274 2486 1327 2545 po·

251 2568 320 2642 test,
340 2580 400 2642 qua
413 2573 493 2628 earet
507 2569 682 2646 principium
697 2569 776 2629 uude
794 2570 845 2630 iiie
858 2568 1018 2629 derivator.
1036 2566 1134 2644 Atque
1153 2569 1195 2627 ita
1207 2566 1328 2627 evidens

252 2678 352 2723 mrum
370 2663 476 2725 notitia
493 2682 511 2725 a
530 2674 627 2725 mente
646 2666 778 2727 humana
795 2666 945 2743 exulabit,
962 2668 1118 2742 omniaque
1135 2664 1174 2723 ed
1198 2665 1329 2742 caligan-

251 2768 312 2823 tem
337 2762 497 2842 quamdem
522 2761 610 2824 fldem
639 2766 806 2825 testimonio
828 2772 951 2827 naturae
981 2762 1112 2823 habitam
1138 2762 1325 2836 reducentur.

251 2860 338 2933 Quod
362 2861 472 2938 dogma
493 2862 650 2937 perniciem
670 2864 799 2923 scientiis
819 2862 945 2923 atterens
967 2878 1005 2921 ex
1029 2861 1186 2922 iicidiauec
1209 2860 1328 2924 scholam

253 2959 397 3019 instinctu
422 2963 511 3035 atque
537 2958 637 3017 Kantii
664 2957 845 3041 iormaiismo
871 2976 972 3020 resera
999 2958 1139 3034 dimeuqt.
1166 2958 1201 3019 ld
1228 2961 1329 3036 itaque

255 3058 419 3117 reiicieuiea
443 3056 634 3118 observamus
658 3060 690 3119 iu
717 3062 820 3135 primis
842 3058 953 3121 sciendi
976 3064 1076 3119 ectum
1099 3060 1327 3135 primigenium,

252 3170 289 3214 ex
310 3170 369 3232 quo
391 3170 474 3215 meus
492 3158 595 3215 seriem
615 3172 735 3217 suasum
752 3159 950 3235 cognitionum
968 3156 1099 3233 inchoat,
1120 3157 1152 3215 in
1169 3159 1330 3217 nosemiata

256 3252 431 3314 iacuitntum
450 3260 615 3316 nostrarum
635 3256 791 3335 cogitanda
811 3258 930 3316 minime
950 3256 1072 3315 versari.
1092 3254 1172 3315 liaeo
1188 3256 1266 3315 euim
1282 3271 1330 3315 eo·

254 3353 348 3428 gnitio
371 3351 514 3428 quaedem
542 3361 587 3414 esi
611 3354 740 3433 reflexa,
764 3370 839 3433 quaa
864 3354 952 3414 aliam
975 3353 1116 3413 diroetam
1143 3360 1329 3431 praeeuntem

256 3450 394 3524 exquirit.
419 3448 476 3510 Sed
497 3454 641 3513 eiusmodi
663 3455 777 3529 primus
802 3460 885 3513 actus
909 3450 1055 3513 obiectum
1080 3452 1160 3512 eiiud
1182 3451 1220 3511 ab
1237 3453 1330 3513 ammi

255 3546 444 3609 inanitatibus
470 3548 620 3611 diuersum
642 3553 779 3629 respicit,
803 3549 881 3627 quod
908 3548 995 3625 quuie
1022 3552 1063 3611 sit
1087 3552 1119 3610 in
1139 3549 1332 3627 psychoiogia

253 3644 477 3723 sauguiimus.
498 3648 650 3710 Cerdtudo
667 3655 766 3709 auteur
784 3649 951 3709 veracitatis
969 3646 1143 3709 facultatum
1162 3654 1331 3711 nosuarum

315 3820 324 3864 i
340 3814 447 3879 instat.
459 3819 559 3881 poster.
574 3816 618 3867 iii.
634 3818 657 3878 i,
668 3816 714 3868 icc.
730 3824 768 3867 ii.

311 3901 351 3944 ια
369 3898 403 3946 Le
420 3898 530 3961 principe
549 3897 581 3947 de
594 3900 663 3948 toute
677 3896 798 3971 certitudo
811 3898 836 3947 et
852 3896 883 3947 de
903 3897 972 3949 toute
986 3909 1106 3961 croyauoe
1123 3896 1160 3947 est
1176 3892 1279 3945 d'abord
1295 3908 1331 3947 ran

250 3976 383 4107 aalma
388 3977 422 4107 1Ἰί
433 3978 536 4120 wok
547 3991 578 4029 en
590 3978 614 4028 ia
625 3978 732 4029 sancite
742 3978 862 4030 naturaie
872 3977 904 4028 de
915 3991 961 4030 uos
971 3978 1084 4031 toenites.
1093 3998 1106 4023 a
1119 3982 1201 4030 Coum
1212 3974 1246 4028 cic
1259 3976 1333 4029 droit

385 4092 391 4108 .
417 4094 426 4119 ,
483 4096 487 4108 .
518 4096 524 4109 .
