2892 4425
206 360 264 411 2²0
533 361 773 403 uerbenisicta
793 359 954 403 sericinis

269 482 337 532 tot.
360 470 489 545 Denique
504 469 541 528 ad
558 471 677 529 tertium
695 476 826 545 systema
840 467 919 544 qnod
934 468 1050 541 attinet,
1063 464 1092 523 id
1106 467 1292 524 lunationem

205 575 332 649 aliquam
354 572 506 648 physicam
526 577 555 629 et
574 572 740 628 societatem
764 570 855 629 animi
878 583 945 626 cum
961 582 1083 641 corpore
1101 567 1225 623 retinere
1240 568 1290 623 vi·

205 671 299 745 detur3
320 674 351 728 at
364 668 552 727 nihilominus
567 668 640 725 mihi
658 684 715 725 non
742 668 892 741 probatur,
907 665 1018 740 duplici
1037 665 1222 739 potissimum
1235 680 1287 723 ra·

205 769 295 825 tione.
309 765 457 840 Primum,
469 768 539 840 quia
555 773 586 823 ut
605 767 695 823 animi
716 768 747 822 in
759 780 877 838 eorpus,
891 766 934 821 sie
948 764 1078 837 corporis
1098 764 1129 819 in
1152 763 1288 821 animum

205 863 351 922 influxum
365 862 500 922 adstruit.
520 863 584 935 Qua
601 862 680 921 dere
697 862 829 920 nonnihil
847 860 1046 919 materialistia
1065 858 1155 917 iuret.
1171 858 1285 934 Corpus

205 963 282 1019 enlm
306 967 404 1036 utpote
422 968 573 1018 extensum
593 967 622 1017 et
636 960 763 1017 solidum
783 961 900 1017 nonnisi
919 964 1054 1017 contactu
1073 972 1193 1015 suarum
1214 974 1284 1035 par·

206 1062 279 1118 tlum
299 1066 327 1119 et
348 1058 472 1133 appulsu
493 1060 522 1115 in
545 1058 625 1116 aliud
644 1065 792 1131 operatur.
820 1058 862 1115 Ex
884 1072 943 1132 quo
959 1055 1033 1113 illud
1053 1056 1184 1129 sequitur
1204 1062 1237 1114 ut
1259 1060 1285 1116 si

206 1160 321 1217 animus
339 1160 400 1216 eius
423 1158 530 1214 actioni
556 1163 632 1214 esset
654 1156 822 1232 obnoxius,
847 1157 1011 1231 quantitate
1032 1151 1227 1228 coalesceret,
1252 1162 1285 1214 ut

207 1254 315 1330 impelli
333 1261 361 1311 et
377 1255 458 1329 tangi
477 1250 515 1310 ab
535 1254 597 1327 ipso
621 1258 727 1327 posset.

293 1448 419 1515 Tangere
439 1444 514 1500 euim
536 1451 564 1498 et
582 1444 670 1515 tangi,
691 1444 746 1499 nisi
766 1460 878 1516 corpus,
898 1444 976 1500 nulla
997 1452 1087 1516 potest
1106 1460 1160 1501 res.

266 1642 364 1699 Altera
389 1644 462 1699 ratio
480 1648 540 1717 est,
564 1645 632 1717 quia
656 1646 766 1701 iunctio
790 1644 851 1719 illa,
872 1660 960 1719 quam
982 1643 1125 1719 adstruit,
1148 1642 1286 1703 acciden-

209 1738 279 1797 talis
293 1755 393 1797 revera
412 1745 467 1813 est,
481 1755 539 1796 non
560 1739 779 1799 substantiolis.
795 1744 890 1813 Quare
902 1744 1075 1800 seutentiam
1089 1742 1218 1800 Platonis
1240 1759 1286 1801 re-

207 1837 372 1911 dintegrare
395 1837 521 1911 videtur,
542 1840 688 1912 opinantis
710 1842 842 1898 animum
865 1841 1002 1913 coniungi
1023 1843 1150 1914 corpori,
1172 1846 1205 1898 ut
1225 1856 1287 1899 ses·

207 1951 256 1993 sor
270 1950 345 2009 equo
360 1941 412 1993 aut
425 1936 671 2009 quemadmodum
687 1944 777 1995 nauta
793 1941 861 1995 navi
879 1940 1075 2013 coniungitur.
1089 1938 1193 1995 Totam
1207 1941 1286 1995 enim

207 2035 440 2091 coniunctionem
460 2040 489 2091 et
505 2036 670 2092 societatem
692 2052 797 2109 corpus
818 2038 892 2092 inter
911 2044 940 2093 et
956 2038 1086 2093 animum
1110 2037 1139 2092 in
1155 2035 1211 2093 hoc
1223 2042 1287 2093 tan·

207 2138 269 2189 tum
289 2135 413 2206 reponit,
428 2131 505 2206 quod
528 2135 642 2191 animus
664 2139 733 2208 agat
749 2135 778 2189 in
797 2149 913 2207 eorpus,
928 2140 957 2190 et
979 2135 1107 2191 vicissim
1126 2148 1232 2207 corpus
1255 2136 1285 2190 in

207 2233 350 2288 animum.
373 2231 410 2288 ht
429 2230 485 2288 hoe
505 2235 591 2289 etiam
615 2234 642 2288 in
663 2235 806 2290 sententia
825 2231 954 2290 Platonis
975 2233 1070 2289 locum
1092 2231 1188 2289 babet.
1209 2231 1284 2288 Num

207 2329 452 2403 quemadmodum
474 2332 572 2388 navim
596 2337 684 2388 nauta
706 2330 849 2404 girbernat
869 2337 898 2387 et
919 2329 956 2386 ad
978 2346 1095 2387 cursum
1117 2329 1227 2404 dirigit,
1244 2332 1285 2386 ita

209 2428 336 2484 vicissim
362 2430 446 2486 uraris
468 2434 586 2485 nautam
614 2427 710 2503 vehit,
738 2436 766 2485 et
789 2427 1034 2503 quemadmodum
1061 2444 1156 2484 sessor
1178 2442 1283 2501 equum

208 2520 328 2581 habenis
349 2525 512 2582 moderatur
529 2531 556 2583 et
573 2525 735 2582 calcaribus
750 2529 864 2601 pungit,
880 2528 921 2583 ita
940 2527 1067 2584 vicissim
1083 2541 1174 2600 equus
1193 2541 1284 2581 sesso·

210 2637 270 2679 rem
287 2622 387 2681 trabit.
406 2623 509 2681 illutua
527 2627 615 2698 igitur
630 2627 781 2698 utriusque
798 2630 874 2683 aetio
893 2642 943 2698 per
962 2624 1111 2682 Platonem
1125 2623 1283 2696 inducitur,

209 2735 262 2777 nec
280 2727 377 2778 tamen
399 2721 507 2779 idcirco
529 2737 585 2779 una
606 2725 737 2798 exsurgit
754 2723 916 2780 substantia
934 2729 985 2779 aui
1003 2738 1093 2779 unum
1113 2721 1218 2796 agendi
1235 2737 1284 2795 pa·

207 2818 354 2892 tiendique
375 2821 559 2893 principium.
585 2821 705 2878 Ratione
727 2823 816 2895 igitur
839 2824 918 2894 pari,
939 2822 991 2877 etsi
1014 2821 1044 2875 in
1063 2825 1221 2895 systemate
1242 2822 1285 2876 in·

208 2913 307 2970 fluxus
333 2915 445 2989 physici
474 2924 573 2973 urutua
600 2921 674 2974 actio
698 2918 879 2991 adstruitur,
910 2917 986 2975 haud
1012 2924 1109 2975 tamen
1136 2923 1287 2991 propterea

210 3024 279 3066 vera
301 3017 329 3068 et
348 3011 546 3070 substantialis
567 3017 690 3090 iunctio,
711 3033 785 3090 quae
805 3019 835 3072 in
854 3018 952 3073 animo
973 3032 1039 3073 cum
1057 3032 1177 3091 corpore
1195 3018 1285 3091 riget,

209 3108 381 3182 explicatur.
410 3109 504 3166 immo
526 3114 614 3167 etiam
635 3112 819 3188 abrumpitur
838 3116 950 3188 potius,
973 3116 1051 3170 actio
1074 3112 1233 3187 siquidem,
1256 3119 1288 3169 ut

208 3206 264 3264 dici
287 3209 371 3283 solet,
393 3211 522 3283 sequitur
541 3226 610 3267 esre.
632 3210 755 3269 Proinde
777 3213 970 3269 substantiam
988 3215 1046 3268 iam
1065 3213 1237 3268 existentem
1259 3215 1288 3266 et

208 3305 381 3380 conrpletem
403 3306 551 3382 subaudit,
568 3325 625 3366 non
648 3313 808 3367 constituit.
827 3310 856 3367 Si
874 3313 962 3384 igitur
979 3325 1084 3383 corpus
1099 3310 1171 3383 agit,
1185 3314 1214 3364 et
1228 3309 1286 3364 ani·

210 3420 274 3460 mus
294 3407 354 3479 agit
379 3423 428 3479 per
451 3409 525 3465 rircs
552 3407 606 3464 sibi
627 3412 779 3482 proprias,
807 3425 859 3465 uec
883 3407 920 3465 ab
944 3423 1002 3463 uno
1026 3406 1106 3463 alteri
1126 3405 1286 3463 communi-

211 3510 302 3578 catas,
327 3511 481 3580 utrumque
507 3505 699 3564 substantium
722 3506 859 3563 eiiormat
881 3506 1066 3579 completam,
1087 3504 1131 3562 sui
1154 3505 1238 3576 iuris,
1261 3507 1289 3557 et

210 3601 306 3674 quoad
329 3603 471 3661 existendi
493 3607 636 3678 principia
656 3604 906 3678 independentcm.

270 3699 329 3756 Nec
346 3717 412 3758 xero
428 3701 587 3760 audiendus
603 3710 677 3760 essct
691 3705 741 3776 qui
756 3703 864 3759 diceret
877 3703 1015 3776 platonici
1030 3700 1197 3775 systematis
1212 3712 1288 3753 com·

211 3800 389 3873 parationem
414 3799 480 3857 inde
501 3803 602 3875 rituri,
625 3801 702 3874 quod
726 3803 840 3858 animus
862 3818 879 3857 a
901 3807 1005 3857 nutura
1026 3801 1064 3856 sit
1085 3796 1121 3854 ad
1143 3794 1287 3870 agendum

210 3903 240 3955 iu
259 3915 377 3974 corpore
397 3899 569 3957 destinatus.
596 3901 669 3957 liam
693 3899 738 3955 rel
764 3908 884 3957 naturae
905 3901 1022 3956 nomine
1041 3896 1213 3969 intelligitur
1236 3890 1286 3948 Dei

212 3997 362 4072 voluntas,
385 4003 412 4053 et
437 3997 506 4055 haec
530 4013 594 4053 eum
622 4005 775 4054 externum
801 3997 910 4071 aliquid
939 4000 997 4071 sit,
1025 4011 1084 4052 rem
1110 3993 1284 4048 intrinsecus
