2892 4425
444 375 522 419 nans
542 374 645 419 aulum
664 389 677 402 ·
696 374 896 418 cosuououra
1169 366 1205 419 tt

126 483 237 543 iuretur
255 481 354 541 iorma
371 482 451 542 iiitus
468 484 617 558 eorports3
631 481 876 557 quamadmodum
897 481 1055 543 ardiniosa
1077 481 1207 557 tapidum

126 578 280 653 dispositio
308 582 338 637 in
366 578 500 639 aadiiioto
526 578 722 637 aoustrueudo
754 578 917 653 appeiiatar
945 578 1039 637 torma
1068 577 1203 637 aedtiiuii.

124 677 264 749 Quadam
289 678 380 751 igitur
402 692 462 734 uon
484 681 530 735 est
551 673 704 751 efflanda:
729 680 826 733 utrum
851 686 978 750 corpora
993 683 1207 749 componantur

125 788 219 834 neone
236 790 273 832 ex
288 776 411 833 materia
429 780 459 831 et
478 771 590 847 forma,
609 772 640 829 id
653 774 732 829 enim
746 786 848 829 aarum
864 778 908 830 est
927 770 963 830 ds
975 776 1055 831 omui
1078 788 1110 831 re
1128 788 1207 831 com-

126 872 234 944 positu,
249 871 312 928 stra
330 870 369 928 ad
382 876 474 927 artem
489 872 632 944 pertineat
651 871 714 927 sive
733 868 770 927 ad
786 873 933 927 naturam.
955 868 1048 927 immo
1066 871 1154 928 etiam
1176 871 1207 927 in

127 980 161 1022 re
181 968 302 1023 omnino
321 965 447 1041 simplici
467 962 667 1023 consideratur
685 963 855 1039 anquando,
872 965 938 1023 iicet
959 967 1056 1023 minus
1077 968 1207 1040 proprie,

126 1078 198 1121 aum
213 1079 262 1121 ex.
278 1078 323 1137 gr.
347 1064 376 1119 iu
391 1068 458 1120 autu
476 1060 648 1137 cogitandi,
662 1064 714 1135 qui
735 1068 812 1120 uerte
832 1078 881 1136 per
895 1078 926 1120 se
944 1062 1067 1136 simplex
1086 1067 1151 1135 est,
1167 1065 1209 1119 iu·
1332 1128 1335 1136 ,

58 1230 66 1243 .
127 1162 274 1235 quirimus
290 1162 443 1218 materiam
463 1165 492 1217 et
515 1158 654 1233 formam,
670 1160 783 1217 ratione
797 1158 904 1217 obiecti
923 1158 1001 1234 quod
1026 1160 1209 1233 attingimus,

127 1263 160 1315 et
180 1256 259 1315 modi
272 1272 331 1331 quo
351 1260 446 1331 ipsum
466 1258 648 1332 attingimus.
672 1254 747 1330 Sed,
767 1262 800 1314 ut
824 1254 861 1314 ad
878 1258 1058 1330 propositum
1078 1262 1211 1314 nostrum
1285 1284 1289 1293 ·

129 1354 299 1428 redeamus,
320 1354 453 1429 quaetio
481 1352 622 1429 agitanda
643 1358 688 1411 est
708 1354 787 1411 eirca
810 1358 946 1437 naturam
969 1353 1047 1411 itiius
1074 1355 1211 1411 materiae

128 1457 159 1509 et
175 1456 311 1513 naturam
331 1450 411 1508 iilius
431 1447 565 1524 formae,
585 1448 760 1525 inquirendo
783 1450 922 1508 nimirum
946 1464 984 1508 an
1004 1452 1075 1509 satis
1099 1454 1212 1509 aoutro·

129 1549 244 1605 versiae
263 1546 328 1620 iiat,
355 1549 380 1604 si
405 1548 500 1620 prima
515 1554 671 1622 reponatur
691 1548 721 1604 tn
742 1545 914 1605 substantiis
934 1546 1108 1622 quibusdam
1130 1548 1211 1605 inea·

130 1646 234 1717 tensis,
248 1650 300 1703 aut
323 1646 355 1701 tn
377 1642 527 1701 moteouiis
552 1644 696 1717 estensis3
711 1642 803 1702 altera
826 1658 894 1701 uero
909 1645 938 1701 in
961 1658 1040 1702 mera
1062 1640 1210 1703 modifica·

128 1745 209 1798 bone
236 1756 287 1799 seu
310 1738 488 1815 dispositum
516 1739 654 1813 partium.
1175 1730 1180 1739 '

192 1846 241 1895 aa.
258 1837 354 1913 Atque
368 1836 406 1896 ad
421 1838 622 1911 quaestionem
643 1835 698 1895 sub
711 1836 767 1895 boe
785 1844 903 1915 aspectu
926 1840 1127 1899 resolvendam
1145 1838 1211 1897 diuo
1340 1862 1346 1873 ·

129 1933 271 2008 seeundo,
292 1935 444 1993 materiam
467 1930 545 1990 uude
563 1948 686 2009 aorpora
705 1932 900 1994 aiiormantur
921 1951 979 1993 non
999 1952 1084 2010 posse
1109 1936 1209 2010 reponi

129 2033 162 2089 iu
198 2030 369 2089 substantiis
398 2026 572 2105 quibusdam
600 2031 770 2089 inexteusis.
796 2030 830 2089 ld
856 2046 1033 2106 quamquam
1064 2034 1211 2105 superiora

131 2126 256 2187 aruomu
277 2126 431 2201 probatum
456 2128 506 2201 sit,
528 2132 626 2185 taram
641 2128 746 2185 inutiie
765 2143 822 2186 non
841 2129 896 2186 erit
912 2126 959 2185 bin
980 2128 1085 2185 iterum
1107 2124 1211 2184 uonssr-

131 2240 223 2283 mare.
252 2223 322 2282 Tria
341 2231 514 2299 argumenta
541 2231 645 2283 oontm
666 2225 830 2284 obiicimus.
853 2224 997 2298 Primum,
1018 2226 1089 2299 quta
1113 2225 1143 2280 iu
1158 2222 1211 2281 tali

131 2319 288 2398 hypothesi
314 2323 410 2378 omnis
437 2320 604 2380 differentia
622 2337 698 2396 quae
719 2319 872 2380 intersedit
899 2323 975 2378 iuter
1002 2319 1119 2378 diversa
1146 2333 1210 2377 eor·

131 2433 205 2492 pora
225 2418 255 2474 in
278 2420 365 2476 meris
384 2415 584 2476 assidentibus
597 2417 807 2492 oottoearetur,
825 2423 858 2474 ut
879 2415 1012 2476 eonuadit
1031 2413 1210 2476 Storobenau

131 2517 164 2572 in
184 2531 238 2574 sua
252 2505 417 2591 Outoiog'ia.
442 2515 515 2587 Quis
537 2531 607 2574 uero
631 2515 688 2574 boo
709 2515 764 2572 sibi
786 2514 961 2590 persuadeat
979 2513 1015 2571 de
1036 2512 1124 2571 rebus
1147 2519 1210 2570 tan·

131 2620 233 2687 topere
242 2613 320 2669 iuter
333 2628 366 2670 sa
382 2610 628 2686 discrepantibus,
642 2611 743 2688 quales
758 2618 827 2670 sunt
845 2627 893 2670 ex.
910 2626 955 2687 gr.
970 2609 1044 2684 ispis
1055 2616 1084 2668 et
1097 2609 1210 2684 pianta,

131 2711 211 2785 ignis
230 2715 261 2766 et
279 2724 367 2783 aqua,
384 2709 516 2783 aliaeque
537 2708 725 2767 consimiles?
740 2707 904 2767 Secundum
920 2751 929 2783 ,
944 2709 1013 2783 quia
1036 2705 1212 2765 adstruenda

131 2812 208 2864 asset
230 2807 308 2864 aetio
330 2808 360 2863 in
381 2805 515 2880 distans,
536 2821 603 2864 nam
630 2821 682 2864 ens
704 2800 828 2881 simplex
850 2811 949 2882 ageret
969 2807 999 2862 in
1023 2803 1105 2862 atiud
1133 2803 1212 2878 quod

131 2902 215 2960 unito
233 2902 321 2961 modo
333 2904 440 2977 tangit.
457 2903 553 2976 Quare
567 2902 640 2961 bueo
659 2905 804 2962 sententia
821 2910 947 2961 mentem
963 2902 1092 2976 disponit
1111 2900 1148 2958 ad
1163 2917 1212 2957 ne·

132 2999 260 3074 gandam
276 3002 419 3058 actionem
446 2998 532 3058 rebus
549 3001 709 3074 corporeis,
733 3006 820 3076 atque
836 2999 872 3058 ad
893 2997 1127 3058 substituendum
1150 2997 1214 3055 ioco

130 3099 260 3172 ipsarum
284 3095 377 3155 lieum
402 3097 453 3172 qui
480 3100 580 3154 omnia
609 3105 755 3171 operetur.
787 3097 829 3154 Ex
856 3113 937 3172 quo,
963 3103 994 3155 ut
1021 3099 1083 3171 ipse
1104 3095 1213 3153 fatetur

131 3193 318 3269 Leibnitias,
340 3193 379 3252 sd
398 3193 615 3268 pantheismum
649 3194 746 3253 brevis
768 3202 813 3252 est
833 3195 953 3271 gradus.
978 3193 1007 3252 Si
1036 3195 1112 3252 anim
1137 3191 1214 3250 Deus

132 3294 219 3350 unice
244 3294 306 3366 agit
322 3292 357 3350 iu
382 3289 503 3364 mundo,
529 3291 601 3366 quid
620 3307 692 3366 opus
714 3295 771 3350 erit
789 3294 942 3350 existentia
968 3294 1080 3350 entium
1104 3291 1215 3365 simpit-

133 3389 238 3447 eiumi
260 3388 365 3446 Nonne
386 3390 594 3463 congruentius
622 3389 679 3447 erit
699 3387 794 3446 diuers
819 3387 911 3447 Deum
936 3394 1050 3446 tantum
1072 3385 1214 3446 obieetire

133 3492 262 3559 exstare,
277 3487 328 3561 qui
341 3484 533 3544 muitiiariam
550 3487 734 3544 nationesne
750 3488 853 3562 gignat
869 3488 1054 3561 apparentiae
1068 3487 1099 3542 in
1114 3484 1214 3542 nobis?

133 3581 288 3657 Tertium,
309 3585 380 3658 quia
393 3582 501 3641 reatem
520 3585 718 3642 extensionem
738 3582 859 3656 adimit,
888 3581 996 3642 relictis
1009 3577 1215 3641 tantummodo

131 3681 250 3754 ponatis
264 3680 440 3755 quibusdam
457 3678 685 3739 indivisibilitas
705 3683 735 3738 in
761 3693 854 3738 vacuo
876 3679 931 3738 baa
953 3679 1022 3739 iliae
1044 3679 1214 3737 dissemina-

132 3778 183 3835 tis.
205 3777 243 3836 Et
261 3775 333 3836 sabe
353 3779 485 3836 extensio
506 3793 607 3853 reapse
628 3793 686 3835 nou
708 3777 808 3852 datur,
824 3779 882 3836 uisi
902 3777 986 3836 detur
1006 3776 1123 3836 undem
1146 3791 1215 3833 vera

133 3875 262 3946 partium
277 3876 459 3934 oontinuutio
479 3876 509 3933 iu
532 3873 694 3933 minoribus
713 3873 816 3934 saitem
837 3873 943 3933 obiecti
963 3873 1123 3932 elementis.
1139 3871 1213 3930 Nam

134 3972 188 4028 ersi
207 3970 384 4047 quandoque
398 3974 550 4048 contingat
570 3978 604 4030 ut
617 3971 777 4048 obiectum,
792 3985 849 4030 uon
865 3971 947 4046 piene
969 3971 1152 4041 continuum,
1170 3973 1213 4026 ta·
