2892 4425
267 330 324 384 Μ
596 335 835 382 mumius!
855 338 1016 382 mental!

324 447 365 508 At
386 448 464 506 enlm
481 448 508 506 si
528 447 571 507 tta
589 451 650 522 est3
671 446 774 506 dirim
796 449 928 525 cognitio
946 461 983 506 er
1007 461 1038 506 re
1054 452 1188 524 exeam,
1205 452 1367 512 nimirum

224 573 229 580 ·
265 560 304 604 ex
319 543 513 604 determinata
535 547 657 604 veritate
675 543 870 621 obiectorum,
891 543 1043 621 pendebit.

322 640 445 716 llepono
458 639 683 701 iuermtmtam
700 640 779 704 haue
794 645 958 718 teutatem
976 641 1014 702 de
1026 657 1085 720 qna
1103 643 1275 723 loquimur,
1299 664 1365 708 usu

264 753 328 798 esse
345 739 521 815 principium
539 738 620 816 qnod
641 743 760 798 minore
788 738 894 799 influat
916 741 948 799 in
971 740 1103 800 divinam
1123 745 1363 822 eoguitiuuem3

264 835 317 896 sed
331 851 396 896 esse
411 835 618 912 madidouem,
636 851 712 914 quae
728 835 869 898 abiectior
886 839 1050 898 maiia
1067 847 1113 898 est
1129 845 1164 898 ut
1185 857 1282 900 meus
1314 845 1362 902 di-

264 936 336 1009 vlua
353 951 415 995 rem
439 937 627 996 internoscat.
648 933 828 1010 Prioeiplnm
847 949 916 994 vero
931 941 960 994 et
980 935 1045 994 lons
1058 939 1239 1013 cognitionis
1262 939 1361 1000 liuius

265 1034 459 1111 intelligentia
477 1035 543 1109 ipsa
561 1033 615 1094 Ilei
635 1039 692 1108 est,
711 1048 788 1109 quae
805 1032 982 1108 perfectione
1001 1049 1056 1094 suo
1074 1035 1298 1098 determinatur
1318 1039 1359 1099 ad

265 1132 499 1210 eognoaeendum
527 1130 670 1208 quidquid
690 1146 795 1190 verum
815 1135 872 1190 est.
894 1131 1092 1192 Nihilominus
1115 1133 1357 1198 fundamentum

265 1228 424 1306 eomedit,
448 1245 486 1290 es
517 1245 576 1306 quo
603 1231 736 1307 proxime
763 1228 869 1288 obiecti
897 1228 1100 1291 determinatio
1124 1231 1354 1306 prodebatur.

265 1327 384 1406 Quare,
404 1336 440 1388 nt
460 1343 549 1405 snpra
564 1327 643 1402 dlxi,
664 1329 691 1386 sl
715 1326 862 1386 obiectum
880 1333 926 1386 est
949 1327 1136 1404 huiusmodi,
1156 1335 1191 1389 nt
1210 1335 1356 1407 prusinas

266 1428 297 1486 ln
325 1442 381 1488 soa
404 1430 529 1488 eutitote
548 1424 642 1486 ideali
662 1441 700 1486 ex
720 1425 905 1486 sola-divina
929 1425 1054 1502 pendeat
1073 1428 1198 1486 emenda
1226 1428 1354 1506 (quad-
1427 1433 1428 1516 l

228 1523 232 1530 ’
266 1523 425 1586 admodum
446 1523 483 1582 de
500 1524 687 1599 possibidbos
708 1524 767 1586 diri
788 1523 914 1600 debet),
938 1525 1001 1584 eius
1020 1524 1166 1585 obleetiva
1179 1529 1299 1588 vuius
1319 1532 1352 1588 lu
1427 1527 1428 1550 l

266 1619 324 1680 liae
344 1622 425 1680 oernl
439 1620 563 1680 dicenda
581 1627 636 1680 est.
655 1620 730 1682 Cum
752 1637 769 1681 e
788 1623 937 1682 eontrarie
957 1621 1101 1682 obiectum
1128 1625 1160 1682 in
1185 1626 1235 1684 sul
1257 1627 1352 1686 reall-

264 1722 326 1777 tote
344 1731 363 1775 a
382 1715 476 1776 libera
494 1717 735 1779 determinatione
761 1724 912 1778 creaturae
936 1717 1069 1794 procedit
1090 1719 1138 1796 (ut
1168 1719 1216 1779 ills
1235 1721 1351 1785 lature
1427 1755 1428 1768 ἢ

265 1813 470 1875 uenditionotis
483 1817 669 1894 intervenit);
684 1823 756 1878 tune
776 1817 920 1894 medinm,
933 1824 966 1877 nt
983 1819 1027 1878 its
1039 1817 1148 1894 dmm,
1162 1817 1348 1882 ultumum
1427 1817 1428 1820 ’

264 1928 325 1990 qno
338 1915 523 1991 perspicitur,
537 1913 595 1976 hoo
612 1917 678 1992 ipaa
689 1915 890 1976 uenditionata
904 1914 1145 1976 determinatione
1157 1919 1346 1996 marinarum
1427 1905 1428 1966 Ῐ

265 2028 304 2072 ex
325 2028 360 2072 ea
384 2013 463 2072 enlm
486 2011 576 2074 habet
597 2019 631 2074 nt
658 2011 846 2092 dppoilletioe
866 2011 998 2074 totamm
1019 2014 1078 2090 sit,
1104 2028 1140 2074 oe
1162 2016 1291 2090 proinde
1313 2025 1348 2078 nt
1427 2005 1428 2036 ³

264 2109 410 2172 obiectum
427 2113 603 2188 eognltionls
628 2127 693 2172 esse
711 2111 815 2187 possit.
858 2129 860 2134 ·

326 2216 395 2270 ms.
416 2208 462 2269 nx
486 2194 640 2287 explicam
669 2208 778 2269 infers
802 2210 954 2273 menum
982 2209 1103 2271 valens
1127 2212 1282 2288 upum
1312 2221 1346 2275 aa

263 2306 409 2367 obiectum
430 2307 600 2370 habiturum
617 2307 775 2385 aliquando
793 2310 832 2367 sit
849 2310 1055 2384 existentiam,
1076 2324 1167 2385 eaque
1185 2316 1342 2387 umquam

263 2404 429 2465 conditione
446 2407 568 2467 nitatur.
588 2407 771 2481 Quapropter
790 2404 888 2481 quoad
908 2405 985 2465 hano
1006 2408 1159 2465 solentiam
1184 2422 1246 2466 non
1269 2414 1341 2485 quia

264 2501 342 2563 lleus
361 2506 530 2581 praescivit,
552 2504 618 2565 ideo
638 2510 781 2563 eventura
801 2502 958 2579 aliquando
978 2508 1022 2562 est
1041 2518 1104 2578 res3
1125 2502 1177 2563 sed
1201 2507 1275 2580 qnia
1295 2522 1341 2566 res

264 2599 422 2677 aliquando
449 2606 591 2663 eventura
616 2607 682 2677 est,
708 2600 817 2659 ideireo
846 2614 912 2659 eam
941 2602 1095 2674 praenovit
1113 2599 1203 2660 Deus.
1230 2600 1340 2661 Contra

262 2700 385 2757 selentia
404 2698 544 2775 simplicis
568 2695 777 2775 intelligentiae
799 2694 928 2757 futuram
952 2694 1058 2755 obleeti
1075 2698 1263 2759 existentiam
1279 2715 1339 2758 non

264 2796 409 2875 involvit,
430 2798 482 2857 sod
502 2813 568 2858 eom
592 2813 652 2857 non
676 2810 839 2872 repugnare
860 2793 1009 2854 subaudit.
1038 2793 1170 2870 lienique
1192 2798 1338 2874 seientia,

262 2908 352 2967 quam
376 2892 504 2953 modim
526 2897 762 2969 nominavimus,
789 2908 848 2953 noo
868 2895 1006 2968 supponit
1022 2894 1208 2952 existentiam
1232 2893 1338 2955 obisoti

263 2988 396 3049 absolute
413 2990 556 3065 futuram,
569 2991 619 3049 sed
637 2991 833 3051 conditionate
850 2989 1022 3065 dumtaxot3
1041 2991 1180 3051 nimirum
1194 2994 1289 3068 exigit
1307 3001 1339 3053 nt
1427 2996 1428 3003 ’

262 3087 408 3147 obiectum
427 3088 588 3159 extiturum
606 3089 646 3148 sit
668 3088 842 3164 aliquando,
866 3090 892 3147 sl
916 3086 1063 3164 conditio,
1083 3103 1172 3164 mam
1193 3090 1336 3172 implicat,
1427 3114 1428 3117 ¹

261 3191 399 3259 ponatur.
422 3184 604 3261 Quapropter
625 3192 756 3262 respectu
775 3185 881 3245 harum
902 3184 1027 3244 dumam
1048 3186 1256 3261 scientiarum,
1273 3186 1337 3247 ideo

262 3296 309 3340 res
326 3281 458 3341 absolute
475 3280 577 3342 lutura
595 3298 658 3342 esse
677 3282 735 3341 dici
749 3288 855 3359 potest,
873 3284 942 3359 qula
962 3281 1040 3342 Dens
1059 3283 1165 3359 selrit3
1181 3283 1337 3343 aoeodente

261 3386 361 3438 umen
373 3378 489 3441 decreto
503 3380 622 3441 divinae
642 3380 818 3456 voluntatis,
835 3394 897 3455 quo
918 3378 998 3439 Dens
1020 3379 1101 3439 illem
1126 3380 1198 3439 velit
1214 3382 1240 3439 si
1260 3370 1361 3441 bona'

260 3482 322 3552 est;
343 3476 391 3536 vei
418 3484 532 3539 tantum
552 3480 715 3555 permittat,
738 3479 764 3537 si
785 3476 889 3537 morali
912 3476 1025 3537 malitia
1044 3482 1189 3553 turpatur.

321 3574 432 3635 oenoe
451 3577 558 3636 inferes
578 3592 630 3652 per
653 3576 806 3636 seientiam
830 3573 1084 3649 mediam·optlme
1103 3574 1254 3634 eonelliori
1274 3590 1334 3635 eer-

261 3673 414 3733 titudioem
429 3675 547 3735 divinae
559 3674 735 3751 cognitionis
749 3687 817 3732 oum
831 3670 924 3731 libera
937 3670 1065 3731 nonanis
1079 3671 1241 3731 vuluntate.
1258 3672 1334 3731 Dens

259 3774 337 3831 enlm
358 3775 401 3832 sio
420 3772 528 3833 liberas
547 3778 747 3832 creaturarum
761 3772 874 3830 ratione
891 3768 1089 3845 praeditarum
1109 3768 1224 3829 intutas
1245 3772 1333 3829 aetio·

260 3884 313 3929 nes
331 3871 470 3946 deseruit,
484 3878 518 3931 nt
537 3873 619 3946 prins
636 3885 671 3929 ea
687 3870 809 3928 seientia
829 3868 900 3944 quid
916 3872 1015 3929 ereum
1034 3866 1171 3927 voluntas
1184 3882 1239 3943 pro
1258 3872 1331 3925 tem·

260 3981 363 4038 porum
382 3976 413 4027 et
432 3968 636 4028 adiuncturum
656 3966 797 4026 varietate
818 3965 906 4025 libere
926 3964 1042 4023 iactura
1062 3966 1101 4024 sit
1118 3964 1254 4025 munere
1267 3979 1329 4039 per·
1427 3954 1428 3961 '
