2892 4425
432 416 509 459 PARS
535 418 652 461 nutent
673 436 685 447 ·
708 422 923 465 esttenetooin
1158 420 1209 471 181

137 522 391 582 munieruntque
411 526 502 600 igitur
521 528 598 584 actio
616 527 688 585 nuiii
710 529 840 589 subiecto
861 534 959 608 inerit,
977 534 1027 591 sed
1048 536 1214 596 minutatim

135 624 166 681 in
189 621 303 679 infinita
324 621 466 680 elementa
489 623 687 701 dispergetur,
709 627 792 685 iuxta
812 628 982 687 divisionem
1005 634 1130 705 partium
1154 635 1215 707 qui·

134 716 190 776 bus
211 718 373 777 subiectum
391 725 518 795 constat,
533 728 563 779 et
582 722 633 779 vir
652 728 685 780 ut
703 724 838 783 cumnius
861 726 987 799 piurium
1010 726 1213 788 distinctorum

134 816 344 875 cimentorum
366 819 397 873 in
418 818 579 893 composito
599 820 830 879 coacervabitur.

196 913 260 971 Boe
277 919 480 989 argumentum
495 916 552 989 ipsi
572 915 677 991 Bayiio
695 918 755 972 vim
778 916 862 993 iecit,
877 922 926 993 qui
952 922 995 978 sic
1009 920 1134 979 scribere
1154 938 1212 981 non

133 1011 298 1070 dubitarit:
325 1009 429 1069 «Nam
450 1012 474 1068 si
498 1010 663 1071 substantia
683 1016 815 1087 cogitans
832 1030 890 1073 non
912 1016 996 1075 aiiter
1015 1020 1125 1077 unitate
1145 1020 1214 1094 ga'u·

137 1134 150 1159 ι
173 1108 351 1184 deret,.nisi
375 1108 621 1183 quemadmodum
644 1110 747 1185 globus
772 1110 895 1186 aiiquis3
925 1128 960 1171 ea
977 1130 1137 1189 numquam
1158 1116 1212 1173 do·

139 1232 152 1255 «
176 1205 266 1264 iorem
287 1206 517 1280 persentisceret,
536 1222 623 1279 quem
646 1206 768 1265 bacuius
787 1206 899 1266 inflicto
915 1207 1036 1269 verbere
1058 1213 1208 1270 excitavit.

137 1330 150 1353 a
173 1302 218 1361 lin
244 1302 348 1362 modus
367 1317 427 1378 quo
447 1319 492 1360 res
515 1302 587 1360 baec
612 1305 746 1361 convinci
766 1312 873 1378 posset.
898 1304 1086 1366 Considerate
1107 1324 1208 1367 omnes

136 1426 150 1451 r
174 1400 275 1459 mundi
296 1404 395 1475 partes
415 1400 446 1457 in
469 1398 557 1475 giobo
577 1400 676 1475 atiquo
696 1400 837 1476 depictas.
861 1400 996 1462 Proiecto
1015 1406 1046 1461 in
1067 1406 1209 1465 eiusmodi

135 1522 149 1547 «
173 1496 261 1575 giobo
279 1495 352 1555 nihii
374 1496 504 1570 vidctis,
526 1496 604 1572 qnod
625 1502 719 1555 totam
740 1499 888 1556 contineat
909 1499 1031 1576 Asiam,
1054 1504 1210 1561 autetiam

135 1620 149 1645 a
172 1597 319 1671 integrum
339 1594 486 1669 quoddam
501 1594 621 1652 flumen.
637 1595 744 1668 Locus,
761 1598 811 1671 qui
833 1605 1029 1671 repraesentat
1051 1598 1209 1676 Persidem,

135 1720 148 1743 «
172 1708 231 1751 uon
252 1692 328 1751 idem
350 1692 480 1766 proiecto
501 1698 561 1767 cst,
585 1698 674 1769 atqrm
693 1692 754 1767 iiie,
776 1695 827 1768 qui
851 1694 938 1753 reteri
959 1695 1049 1755 Siami
1074 1712 1206 1775 regnum.

134 1818 147 1841 a
173 1793 233 1852 Vos
252 1790 293 1851 ibi
314 1789 403 1867 probe
421 1789 601 1866 distinguitis
628 1796 740 1865 partem
768 1792 895 1867 aiiqnam
918 1794 1068 1853 dexteram
1091 1802 1120 1853 et
1145 1812 1211 1871 par-

134 1917 147 1939 «
171 1896 231 1949 tem
248 1890 395 1947 sinistram
416 1890 447 1944 io
466 1888 542 1963 ioco,
563 1889 614 1963 qui
634 1887 753 1947 exbibet
772 1887 960 1965 Euphratem.
983 1890 1120 1967 Sequitur
1142 1894 1210 1952 binc

134 2014 148 2038 «
171 1994 225 2064 ut,
249 1986 399 2064 sigiobus
418 1984 561 2045 eiusmodi
581 2000 755 2061 cognoscere
775 1993 872 2061 posset
891 1988 1013 2064 figuras,
1038 1990 1144 2065 quibus
1165 2008 1210 2049 or-

133 2113 146 2136 ·
171 2092 279 2160 natur;
304 2084 386 2143 nulia
412 2088 542 2142 exstaret
565 2086 597 2141 in
620 2098 654 2141 eo
672 2098 762 2158 pars,
786 2100 861 2159 quae
887 2085 1002 2143 dictura
1023 2092 1117 2144 esset:
1145 2088 1210 2162 Ego

134 2210 146 2233 ι
171 2198 311 2260 cognosco
330 2185 421 2241 toiom
446 2179 607 2258 Europum,
631 2183 722 2239 totam
745 2180 888 2256 (initiam,
914 2186 1004 2240 iotam
1024 2181 1126 2242 orbem
1143 2182 1209 2242 Am·

133 2307 146 2330 a
170 2278 354 2353 atclodomii,
380 2283 472 2339 toturn
493 2277 673 2352 ‘Wirtoiom3
700 2278 751 2336 sed
777 2293 908 2354 quaeque
932 2287 1000 2354 pars
1024 2280 1102 2339 titius
1129 2281 1209 2357 giobi

133 2404 146 2428 α
169 2395 235 2436 eam
253 2377 344 2436 eciam
362 2373 474 2452 figurae
490 2377 649 2450 portionem
669 2382 851 2451 agnosceret,
869 2391 944 2451 quae
964 2375 1019 2436 sibi
1039 2377 1115 2437 torte
1135 2394 1205 2437 con·

133 2501 146 2522 a
170 2475 293 2550 dgissct
317 2473 355 2531 ut
379 2475 518 2549 quoniam
544 2472 686 2531 eiusmodi
712 2475 807 2547 portio
830 2481 907 2544 esset
934 2474 1006 2532 adeo
1035 2491 1148 2550 parra,
1175 2482 1208 2535 ut

131 2597 144 2619 a
169 2572 283 2630 nulium
303 2573 449 2647 integrum
475 2570 571 2630 iocum
594 2576 849 2646 repraesentaret3
877 2571 988 2630 inutilis
1019 2585 1138 2646 prorsus
1161 2587 1206 2630 cs·

131 2696 143 2717 ·
168 2676 213 2727 set
232 2667 319 2744 giobo
338 2668 382 2727 iiii
401 2667 595 2744 cognoscendi
613 2666 748 2725 incutias.
776 2667 863 2726 Nuiia
884 2669 960 2725 enim
982 2684 1016 2726 ex
1034 2666 1090 2725 bac
1115 2667 1205 2726 iacui-

130 2793 142 2816 ·
167 2775 227 2827 tate
245 2772 328 2825 actus
351 2768 526 2843 cognitionis
548 2773 721 2841 emergeret,
745 2765 790 2822 vei
816 2764 917 2822 saitem
939 2772 1021 2823 anus
1044 2765 1086 2823 iiii
1108 2765 1205 2824 admn-

52 2855 56 2860 ’
129 2892 141 2915 α
166 2865 237 2922 dum
257 2865 455 2939 discreparent
474 2863 512 2921 ab
532 2865 583 2938 iis,
599 2879 674 2939 quos
690 2879 744 2920 nos
765 2863 941 2936 experimur.
966 2861 1026 2920 Nos
1044 2863 1122 2920 enim
1139 2877 1204 2936 per-

130 2989 142 3012 «
167 2964 291 3036 cipimus
311 2964 457 3036 integrum
478 2960 640 3035 obiectum,
664 2963 811 3036 integrum
833 2974 940 3034 equum
961 2965 1017 3018 ete.
1043 2958 1122 3035 quod
1144 2963 1204 3017 evi·
1273 2991 1278 3000 ·

129 3086 141 3108 «ι
167 3059 271 3117 deuter
291 3058 418 3117 ostendit
434 3058 598 3117 subiectum
617 3058 722 3115 borum
744 3055 924 3115 obiectorum
941 3057 1205 3130 repraesentatione

128 3181 141 3204 a
167 3155 308 3214 affectum
329 3153 482 3213 dividuum
505 3155 587 3213 nuiio
607 3155 696 3212 modo
716 3169 779 3212 ease
800 3155 828 3210 in
853 3160 950 3228 partes
970 3155 1139 3226 distinctas,
1159 3160 1202 3224 et,
1310 3211 1313 3218 ,

127 3280 140 3301 «ι
165 3252 245 3328 quod
265 3267 444 3327 consequens
464 3258 526 3326 cst,
546 3267 604 3327 qun
626 3257 708 3326 parte
726 3253 855 3326 cogitat,
874 3265 1043 3325 corporeum
1065 3266 1122 3308 non
1142 3265 1204 3308 esse

127 3379 140 3400 ι
166 3365 220 3409 nec
242 3351 393 3408 materiate
416 3356 467 3407 aut
492 3349 617 3424 piurium
642 3347 851 3405 elementorum
876 3347 1083 3422 aggregatione
1108 3346 1202 3404 coaic-

128 3475 140 3497 ιι
167 3463 252 3506 scens
267 3450 289 3504 ¹.
308 3474 320 3496 υ

187 3543 328 3604 Occurret
340 3547 406 3622 quis
421 3545 556 3620 inquiens
571 3559 607 3599 ex
622 3544 772 3615 superiore
786 3542 1007 3598 ratiocinatione
1022 3537 1202 3612 ecqui‘dum-

119 3649 206 3701 taxat
227 3658 285 3702 non
310 3657 395 3717 posse
414 3640 532 3716 quidem
553 3645 651 3716 partes
673 3639 815 3694 materiae
834 3641 896 3694 tota
915 3637 1067 3710 compositi
1089 3649 1201 3710 reprae-

119 3741 285 3798 sentatione
299 3739 441 3814 aiiici,·ai
458 3753 544 3814 posse
557 3738 690 3811 portione
709 3734 807 3809 aiiqun
829 3749 903 3808 quae
925 3734 995 3807 ipsis
1017 3730 1199 3805 respoudeat.

120 3835 187 3893 flac
207 3837 299 3912 igitur
316 3835 420 3895 saitem
443 3835 556 3894 tentuia
580 3833 764 3909 perceptione
790 3829 916 3906 gaudere
937 3835 1083 3904 poterunt.
1108 3826 1145 3884 iit
1165 3841 1202 3882 ne

180 4053 189 4094 i
211 4047 324 4095 Diciion.
343 4043 405 4095 bisi.
424 4047 449 4093 ei
465 4047 548 4095 critic.
570 4047 619 4092 tri.
640 4045 774 4104 merippq
792 4041 839 4090 iiii.
857 4041 919 4102 (a).
