2892 4425
552 387 628 429 rans
652 387 769 430 anuas
1160 379 1197 432 aa

124 497 204 554 natio
222 494 260 554 ad
279 493 408 570 falsum,
430 510 505 571 quae
524 511 561 554 ex
581 511 616 554 eo
632 496 721 554 mam
743 500 899 572 repugnat,
917 494 996 571 qnod
1016 511 1054 555 ne
1071 496 1198 572 peculia·

123 593 164 651 ris
183 591 299 668 quidem
321 609 384 651 esso
403 594 505 668 possit.
529 591 592 652 Etsi
613 595 690 652 enim
712 593 840 669 bonum,
859 599 992 669 respectu
1016 593 1196 654 diversarum

122 689 309 765 facultatum,
328 689 404 748 bono
421 678 686 766 queat'aliquando
701 690 860 767 ⁴reluctarl3
879 696 977 750 tamen
998 707 1097 751 verum
1112 708 1199 752 num·

122 803 212 863 quam
227 804 298 846 vero
312 791 420 864 opponi
443 795 547 864 potest.
571 787 638 848 lion
657 791 747 864 enim,
768 796 801 848 ut
819 789 940 865 bouum,
963 789 1122 850 reinduam
1142 797 1197 868 est,

121 901 227 961 nempe
238 888 268 944 in
282 889 472 963 congruentia
483 901 550 945 cnm
562 893 666 946 natura
680 887 856 964 periloieoda
867 890 1039 964 consistens3
1050 887 1100 948 sed
1112 888 1199 965 plane

121 983 292 1046 absolutum
309 993 364 1062 est,
385 989 522 1045 nimirum
542 987 572 1044 in
595 990 799 1046 convenientia
822 987 867 1046 vel
887 987 1098 1064 discrepantiae
1115 1004 1199 1064 prae-

122 1081 218 1142 dicati
235 1088 303 1143 cum
324 1083 453 1144 orbiculo
472 1087 640 1160 repositum.

184 1182 279 1242 0biic.
298 1183 353 1242 lll.
371 1183 413 1244 Ut
430 1191 509 1243 certo
527 1189 642 1244 constet
659 1184 836 1243 evidentiam
856 1183 1035 1243 iudiciorum
1049 1183 1201 1243 immedia-

122 1289 221 1341 torum
238 1285 295 1340 rite
309 1299 370 1341 ease
385 1289 597 1359 comparatam,
611 1282 697 1342 debet
715 1283 771 1342 boo
789 1282 918 1358 prolecto
936 1299 988 1358 per
1002 1297 1134 1340 normam
1148 1281 1200 1340 uil-

121 1395 213 1455 quam
229 1379 394 1440 diiudicari.
411 1381 489 1458 Eugo
503 1397 604 1441 eorum
617 1383 725 1441 veritas
746 1380 893 1458 obiectum
904 1386 950 1439 ost
965 1381 1023 1438 non
1038 1379 1200 1456 intelligen-

9 1503 13 1523 ·
121 1479 194 1554 tiae,
209 1478 260 1536 sed
274 1482 405 1538 rationis.
420 1481 553 1556 Insuper,
568 1497 668 1538 eornm
686 1480 830 1540 certitudo
844 1480 881 1539 ab
899 1495 954 1539 usu
969 1479 1074 1556 pendet
1087 1476 1201 1539 debitae

122 1579 304 1653 attentionis,
322 1583 352 1636 et
367 1577 471 1638 idonea
489 1577 678 1653 dispositione
697 1581 814 1638 mentis.
837 1578 903 1637 Non
925 1579 1015 1656 igitur
1030 1577 1201 1637 immediate

124 1681 227 1750 patet,
240 1677 291 1734 sed
315 1677 432 1736 aliunde
453 1677 611 1753 colligitur.
1292 1717 1296 1724 -

185 1773 275 1849 lietp.
302 1773 382 1852 Nepo
395 1777 529 1852 primm
550 1773 621 1834 Ant.
646 1774 711 1851 vel,
733 1775 758 1834 si
780 1773 995 1852 magistrtus,
1020 1773 1091 1834 dist.
1115 1773 1200 1834 debet

124 1871 181 1930 boc
194 1871 348 1930 diiudicari
363 1888 415 1948 per
430 1888 563 1931 normam
577 1861 709 1949 aliquam
724 1871 762 1932 ab
780 1875 844 1950 ipsa
862 1873 1007 1933 evidentia
1019 1873 1136 1932 illorum
1156 1875 1201 1954 lu·

123 1969 268 2029 diciorum
287 1985 346 2030 non
366 1970 550 2047 distinctam,
571 1987 675 2045 coac.‚·
695 1971 987 2048 distinctam,'aepo.
1005 1971 1200 2044 Quemadmo·

124 2067 195 2127 dum
216 2068 269 2128 lux
290 2069 377 2145 solis,
396 2075 431 2128 ut
447 2071 653 2146 conspiciatur,
675 2070 734 2128 alia
757 2070 821 2129 lnce
837 2084 897 2129 uon
916 2069 1043 2146 indiget,
1070 2065 1201 2144 sed'spe·

125 2167 241 2227 stabilis
262 2173 308 2226 est
329 2184 380 2244 per
400 2183 453 2245 se,
480 2170 523 2228 alc
547 2167 692 2228 evidentia
713 2168 907 2245 iudiciorum,
934 2183 1009 2245 quae
1034 2166 1201 2227 immediata
1228 2179 1250 2249 ,¹

126 2273 228 2343 putent
244 2270 348 2343 menti,
363 2267 436 2325 nibil
452 2284 470 2327 a
485 2284 517 2325 se
532 2266 679 2326 diversum
695 2269 823 2344 exquirit
839 2267 877 2327 ad
894 2268 1011 2343 plenam
1027 2264 1202 2343 gignendam

126 2365 340 2423 certitudinem.
363 2364 447 2424 Unda
468 2365 540 2424 baec
559 2362 666 2424 iudicia
684 2364 819 2440 sibiipsa
838 2371 907 2424 sunt
925 2361 1201 2439 vamtatls'norma3
1260 2368 1266 2375 “

10 2505 11 2530 ,
126 2447 181 2521 nee
197 2478 337 2539 unquam·
349 2462 414 2522 fleri
432 2470 576 2539 potestat
593 2462 911 2539 mens,modovaleat,
930 2462 960 2519 in
980 2476 1081 2520 eorum
1095 2462 1203 2536 perspl-

127 2564 236 2619 cientia
251 2560 559 2635 hallucinetor.'Quod
572 2578 642 2621 vero
662 2564 825 2639 requiratur
843 2562 966 2639 diligens
984 2560 1092 2619 mentis
1112 2564 1204 2617 attan

127 2660 183 2734 tto,
194 2658 384 2736 idearumque
400 2668 555 2737 penetrans
573 2662 702 2738 intuitio,
717 2668 747 2720 et
760 2662 866 2719 mentis
884 2658 1077 2718 coniormatio
1089 2656 1201 2732 valens3

127 2756 202 2817 baec
220 2774 279 2816 non
301 2765 371 2819 sunt
390 2761 448 2819 nisi
471 2759 652 2819 conditiones
674 2760 840 2836 requisitae,
865 2774 924 2817 non
943 2762 1041 2817 autem
1061 2756 1203 2832 principia

128 2872 166 2914 ex
178 2856 286 2933 quibus
309 2857 481 2917 iudiciorum
504 2858 739 2918 immediatorum
753 2860 859 2918 veritas
875 2854 1075 2917 ratiocinando
1092 2852 1203 2914 derive-

127 2962 188 3013 tur.
210 2956 354 3028 Quocirca
372 2959 416 3015 sio
435 2956 556 3015 alteram
578 2956 769 3017 obtectionem
794 2956 970 3033 distingues:
993 2954 1100 3013 norum
1119 2954 1204 3013 eord-
1315 2970 1320 2983 ·

127 3051 200 3111 tudo
214 3053 319 3129 pendet
339 3054 376 3112 ab
388 3070 444 3114 usu
458 3057 626 3114 attentionis
639 3062 695 3114 etc.
714 3062 866 3132 tamquam
879 3070 898 3114 a
910 3054 1086 3129 conditione,
1100 3068 1204 3125 coar.;

129 3154 280 3227 tamquam
296 3152 580 3213 ademonstrationis
600 3156 761 3230 principiis,
778 3171 863 3231 nepo.

190 3248 267 3308 Obil.
283 3250 336 3309 IV.
355 3250 442 3311 Multi
460 3268 580 3311 erronea
594 3252 710 3329 docent,
724 3259 823 3312 tamen
838 3268 873 3311 ea
890 3252 945 3311 sibl
962 3251 1129 3311 immediate
1141 3266 1206 3309 esse

128 3348 277 3409 euidentia
304 3358 481 3411 asseverant.
508 3352 586 3428 Ergo
608 3367 711 3425 meus,
739 3352 810 3411 dum
836 3353 867 3410 in
889 3350 1006 3410 iudlclls
1029 3348 1206 3408 immediatis

130 3454 277 3523 vantur,
299 3448 394 3525 decipi
412 3457 517 3525 potest.

189 3545 279 3622 llesp.
303 3546 452 3606 Eiusmodi
477 3548 610 3607 homines
631 3548 664 3607 id
688 3554 857 3608 asseverant
880 3542 930 3607 ore
952 3548 1117 3623 dumtaxat,
1147 3560 1206 3604 non

129 3660 202 3703 vero
226 3648 342 3706 interna
366 3650 458 3706 aninti
477 3650 684 3724 persuasione,
706 3664 782 3724 quae
808 3664 894 3706 omne
917 3645 1038 3707 dubium
1057 3645 1204 3705 excludat.

130 3740 235 3802 Studio
249 3747 327 3802 enim
351 3744 464 3821 abrepti
484 3749 635 3824 partium,
661 3745 732 3805 dum
755 3763 808 3806 saa
826 3748 901 3807 tueri
926 3746 1033 3823 piacita
1055 3761 1115 3805 non
1140 3758 1208 3819 pos-

129 3842 192 3899 sint
211 3841 307 3919 uiter3
332 3844 370 3901 ad
389 3847 528 3903 iactatam
545 3844 720 3921 confugiunt
740 3846 928 3921 evidentiam
949 3850 980 3904 at
999 3844 1057 3903 ilde
1078 3856 1136 3901 non
1152 3840 1206 3898 bo·

129 3954 189 4015 na,
210 3940 263 3999 sed
275 3926 415 4001 'simulate
433 3959 468 4001 ac
492 3943 649 4002 fallaciter.
670 3942 750 4003 Nihil
773 3943 897 4018 proinde
915 3959 953 4003 ox
970 3944 1043 4019 ipsis
1064 3940 1102 4000 ad
1122 3934 1207 3995 intel·

120 4034 278 4113 ‚ligentiac
295 4038 584 4123 eim-debilitandam
603 4041 716 4101 desumi
740 4046 846 4117 potest.
