2892 4425
559 396 638 442 aare
657 395 777 442 aaran
1148 360 1223 443 ιη’

192 505 247 566 111.
270 502 354 580 Quae
363 507 468 584 partes
490 503 533 566 ad
552 506 735 584 quaestionis
757 505 957 566 substantiam
970 507 1094 568 minime
1109 509 1206 585 porti·

132 609 220 680 nont,
244 607 426 678 reaeoontur,
449 608 482 664 et
502 606 536 664 in
556 603 652 664 alium
669 607 771 682 potitii
797 603 892 666 mnam
917 607 1106 666 omittantur.
1132 605 1205 680 Cum

131 704 213 762 mian
234 718 320 762 mene
337 707 439 780 nonna
459 702 532 761 sads
563 703 695 779 anguina
713 701 855 762 limitibus
876 703 1152 780 clreamsmlbatnr3
1179 705 1206 763 sl

132 802 255 860 mantio
270 802 301 858 in
319 800 405 875 plura
421 798 615 876 dispergitur,
631 801 756 862 nimium
773 799 941 860 debilitatur
962 807 993 860 et
1006 800 1207 862 contunditur.

132 897 230 972 Quare
249 897 404 974 diligenter
424 897 587 958 amandum
609 904 654 958 ast
669 903 703 958 ut
722 899 857 973 quaestio
883 913 1033 975 quaeque,
1055 915 1145 975 mam
1166 899 1205 960 ad

133 983 379 1056 eamidmandnm
407 997 607 1072 assumimus,
627 995 726 1073 quoad
753 994 818 1054 fieri
846 1002 964 1072 potest,
996 995 1210 1073 simplicissima
1237 1049 1244 1057 .

134 1091 286 1153 reddatur.

193 1190 250 1252 1v.·
273 1190 447 1253 Minutntim
463 1187 624 1266 elementa,
644 1206 721 1267 qaae
741 1193 906 1266 renonent,
927 1188 1158 1252 consideratione
1177 1193 1213 1251 in

130 1291 236 1366 portes
256 1305 479 1364 ammorreo,
502 1287 719 1366 oepmdantur.
744 1287 872 1348 Tantum
900 1291 978 1348 eninr
1001 1289 1221 1350 claritateac.

136 1387 231 1462 gartio
244 1387 334 1446 totins
348 1385 485 1464 habeblt,
499 1388 688 1464 quantumin
703 1403 768 1446 cara
783 1387 913 1446 conteret
930 1374 1057 1464 ongnltlo
1070 1388 1212 1462 pernam.

134 1483 198 1544 Nee
219 1500 288 1544 vero
307 1486 379 1544 sads
396 1487 453 1544 erlt
469 1491 566 1560 parter
585 1487 618 1544 ln
638 1501 671 1544 ee
689 1485 899 1562 contemplari,
919 1483 971 1546 aed
988 1487 1078 1546 mana
1097 1491 1212 1561 oporte·

136 1583 182 1644 nn
202 1591 238 1644 nt
255 1582 329 1644 ordo
346 1589 377 1644 et
394 1584 496 1644 relatio
517 1586 607 1644 unius
629 1583 667 1644 ad
685 1583 809 1645 nimiam
829 1591 964 1644 aeenrale
981 1583 1212 1646 considerentur.

197 1681 236 1742 V.
257 1680 304 1742 Ab
322 1684 361 1742 iii
377 1683 563 1760 principiam
571 1681 644 1757 fiat,
663 1697 741 1758 quae
770 1679 868 1742 lumen
886 1681 1009 1759 reliquis
1032 1678 1168 1760 afferant
1184 1686 1214 1742 et

137 1779 335 1860 qeneraiiorer
365 1782 497 1840 minna
521 1777 721 1858 suppeditant.
743 1779 789 1839 lta
818 1782 897 1840 enirn
926 1778 1101 1856 quibusdam
1124 1779 1216 1840 velati

137 1879 280 1959 gredllm
296 1893 378 1940 mene
392 1877 431 1938 ed
448 1878 631 1954 perspicuam
645 1879 735 1938 indua
744 1878 922 1953 quaestionis
935 1877 1125 1954 solationem,
1139 1893 1218 1956 qaae

137 1981 256 2058 proprie
274 1965 463 2038 sdndileem
482 1977 618 2036 nondam
636 1981 780 2053 praestet,
805 1975 989 2054 perducetur.

200 2077 253 2140 v1.
274 2075 328 2136 Ee
340 2072 428 2153 sante
441 2075 574 2152 proprio,
590 2071 669 2134 undo
687 2073 836 2148 dimanat,
851 2073 957 2138 odienti
970 2074 1050 2136 notio
1062 2073 1214 2150 finietur.

138 2175 219 2237 ilino
237 2174 320 2235 alde
337 2173 407 2235 reali
425 2171 550 2250 oblecto,
565 2171 643 2249 quod
659 2171 826 2233 immediate
843 2173 1034 2250 percipiatur,
1049 2185 1144 2232 warno
1157 2176 1215 2249 θεῖς

138 2285 178 2335 ex
210 2274 389 2333 eonscientla
407 2270 454 2331 vel
473 2288 512 2331 ex
530 2272 728 2346 experimento
755 2286 892 2331 masuam
923 2270 1127 2345 explicationis
1153 2270 1218 2329 eiua

139 2374 258 2434 initiam
275 2372 353 2431 euml
369 2369 465 2431 denen
483 2368 537 2429 Sln
554 2384 624 2429 vero
642 2368 788 2428 obieanm
804 2366 897 2427 ideale
914 2369 1095 2443 proponitur,
1116 2382 1155 2427 ex
1173 2368 1217 2425 ln·

141 2471 304 2547 tdltgeuda
325 2475 357 2529 et
375 2469 488 2529 mtlona
505 2462 662 2543 expuendo
680 2464 851 2525 immine.
935 2484 940 2493 ·

201 2568 271 2629 vu.
287 2568 460 2645 Principia,
475 2581 552 2643 qaae
564 2562 606 2625 ad
616 2561 882 2627 mancionem
894 2558 1055 2623 iuonnmm
1069 2572 1219 2619 aceram-

143 2672 208 2742 tur,
231 2665 338 2727 idonea
358 2668 423 2726 rint
443 2669 474 2725 et
495 2667 589 2737 certa,
609 2660 734 2741 proinde
751 2658 801 2721 nel
810 2676 864 2739 per
876 2676 907 2721 ae
920 2656 1068 2719 euidentia
1090 2672 1151 2717 esse
1169 2654 1219 2717 do·

143 2766 215 2829 aeni
233 2765 283 2827 ccl
300 2768 363 2827 mm
380 2768 471 2826 antea
491 2761 641 2823 euidenter
661 2758 968 2821 amnemamnem
980 2760 1060 2819 enlm
1080 2761 1152 2817 aunt
1171 2770 1219 2815 ve·

142 2864 199 2925 inti
218 2863 318 2940 imas,
339 2878 416 2940 quae
435 2861 473 2922 ad
500 2844 645 2921 obiectum
666 2857 872 2919 illustrandum
887 2856 1082 2931 adhibentur,
1105 2860 1136 2914 et
1156 2854 1221 2929 qui-

143 2964 200 3023 lim
222 2964 327 3023 mentia
349 2963 427 3021 acles
446 2964 478 3021 in
500 2962 635 3021 intimam
655 2960 697 3016 rel
720 2962 856 3018 naturam
875 2959 1024 3033 penetrat,
1043 2957 1095 3013 aut
1116 2967 1151 3011 ea
1171 2950 1222 3010 de·

121 3063 236 3139 ‘tegit‚
258 3076 336 3139 quae
363 3066 474 3121 minuta
497 3060 559 3119 sint
577 3055 717 3134 quldem,
738 3054 789 3117 aed
813 3070 880 3115 enm
902 3069 933 3115 ce
956 3046 1223 3130 praeaeailintiaae

145 3174 292 3221 canaan

563 3355 747 3415 Marsaeus
766 3350 806 3411 11.

456 3555 502 3617 Da
521 3554 706 3617 inmanem
730 3547 914 3614 Curionum.

211 3758 262 3811 ut.
284 3750 432 3813 camiac
444 3744 674 3808 tranmmendam
688 3742 804 3821 putavit
816 3740 854 3803 ad
867 3736 1080 3818 philosophiam
1095 3736 1228 3797 eamdem

147 3846 343 3925 mundun,
363 3863 424 3925 qua
442 3846 643 3907 Protestantes
669 3841 828 3903 utebantur
846 3842 879 3899 in
899 3838 1049 3916 religione.
1069 3836 1107 3896 lll
1132 3834 1226 3893 homi-

147 3962 219 4006 nem
240 3945 426 4006 indlvlduum
440 3960 459 4004 a
471 3942 628 4004 traditione
646 3942 742 4001 ornnis
764 3944 916 4000 antennae
935 3936 1056 4010 aetatis,
1076 3939 1106 3991 et
1126 3928 1229 3989 aFide

145 4044 326 4106 uniuermsss
344 4043 491 4107 Mulae
509 4044 715 4119 adauxerunt,
729 4040 813 4117 eique
835 4036 1000 4115 inproprie
1022 4026 1229 4109 personalitate
