2892 4425
412 392 426 409 ,
549 371 605 412 sau
627 371 808 414 nonomen
1160 367 1211 420 lit

132 479 270 540 rentibus
287 479 419 538 variatur
430 486 532 554 eatque
550 480 648 556 quoad
661 479 867 556 perlectionem
882 483 1034 557 augmenti
1052 482 1097 542 vei
1117 482 1215 544 decre-

116 579 225 637 -mcnti
238 593 344 652 capas.
365 576 446 636 ilaec
465 579 554 636 edam
574 579 745 638 mutationis
763 581 909 653 capacitas
929 581 1041 638 eutium
1061 579 1217 642 dumtaxat

132 676 366 750 contingentium
388 681 432 734 est
452 677 590 752 propria,
614 691 668 734 nec
691 674 752 734 uila
781 678 894 734 ratione
916 678 947 735 ln
968 683 1035 736 enta
1055 682 1219 738 necessario

135 774 291 846 reperitur.
311 771 397 844 Quod
414 775 492 830 enim
513 778 619 830 natura
640 789 695 832 sna
719 772 944 832 determinatum
966 775 1068 833 estad
1089 779 1217 835 existen·

133 873 221 944 uam,
242 870 468 929 determinatum
492 875 537 927 est
558 872 647 928 etiam
672 868 770 944 quoad
794 885 828 928 ea
854 885 930 944 quaa
954 873 1128 930 intrinsecus
1156 875 1216 931 eal·

133 967 470 1052 stantiamloomitantur
490 972 520 1024 et
537 965 684 1024 affluunt.

197 1063 330 1140 Utraque
342 1062 533 1138 mutabilitas,
546 1079 624 1138 quae
636 1065 769 1138 exposita
784 1071 840 1138 cst,
855 1065 970 1123 interna
983 1063 1102 1139 dieitur,
1113 1067 1221 1140 quippe
1290 1073 1294 1084 ·

135 1177 207 1242 eum
226 1165 321 1237 ipsum
341 1177 406 1236 ena,
427 1164 476 1220 cui
495 1161 646 1236 tribuitur,
668 1162 767 1236 aliqua
790 1165 901 1220 ratione
921 1161 1094 1220 variandum
1113 1161 1221 1222 subnu-

136 1260 212 1320 diat.
232 1259 416 1318 Coosiderari
430 1267 529 1318 manen
543 1242 692 1334 praeterea
706 1265 802 1334 potest
820 1257 1002 1317 mutabilitas
1017 1259 1158 1334 quaedam
1174 1275 1223 1319 cx·

136 1364 235 1430 urna,
255 1373 293 1428 ex
311 1374 346 1415 eo
366 1356 446 1432 quod
465 1373 518 1415 ens
540 1359 572 1415 in
591 1373 623 1414 ae
640 1371 742 1432 reapse
762 1372 820 1415 non
843 1358 1025 1432 immutetur,
1042 1356 1093 1415 sed
1111 1359 1222 1426 extrin-

138 1471 226 1516 secus
248 1461 362 1514 ιιιιιιιιιι
389 1471 498 1513 novam
525 1454 695 1541 relationem
722 1461 752 1512 ct
779 1469 889 1513 novum
916 1461 1080 1529 respectum
1106 1454 1219 1514 induat.

139 1552 311 1612 Cuiusmodi
328 1559 404 1612 asset
416 1553 540 1626 exempli
556 1555 662 1628 gratia,
679 1554 717 1627 si,
734 1567 780 1610 me
795 1553 875 1610 circa
890 1553 1041 1610 immotam
1054 1553 1222 1612 columnam
1306 1551 1313 1564 “

140 1634 321 1724 ambulante,
339 1651 390 1708 illa
409 1666 477 1708 cum
497 1653 579 1724 prius
593 1650 778 1709 dextrorsum
800 1650 871 1708 mihi
893 1665 956 1708 esse
975 1649 1131 1728 diceretur,
1146 1658 1224 1712 stare

139 1749 280 1823 dunceps
294 1749 412 1806 diesim
432 1750 644 1806 sinistrorsum.
667 1747 752 1808 Patet
771 1752 848 1808 enlm
871 1748 1019 1810 evidenter
1037 1753 1068 1808 in
1087 1750 1225 1809 columna

140 1847 256 1905 nullam
281 1849 398 1906 interne
422 1845 532 1905 iactam
560 1862 624 1905 esse
651 1850 866 1923 mutationem,
889 1847 942 1908 aad
968 1855 1087 1909 externa
1109 1855 1223 1908 tantum

140 1944 241 2023 quoad
253 1943 521 2003 denominationem
539 1950 569 2002 et
588 1951 761 2019 respectum.
778 1945 903 2005 Mutatio
917 1949 1026 2023 potius,
1040 1949 1066 2006 el
1079 1964 1138 2022 qua
1155 1946 1221 2022 iuli,

142 2045 174 2101 in
199 2059 246 2102 me
264 2044 409 2117 contigit,
427 2044 479 2117 qui
501 2037 542 2114 ex'
560 2058 620 2100 uno
641 2043 706 2102 ioco
729 2044 760 2100 in
779 2043 869 2102 alium
887 2045 1020 2104 discessi.
1042 2044 1225 2103 Mutabllitas

143 2140 287 2199 eiusmodi
305 2141 417 2198 nullam
435 2139 683 2217 imperfectionem
705 2139 848 2217 includit,
866 2147 956 2217 atque
975 2141 1040 2202 ideo
1059 2143 1118 2200 enti
1138 2143 1226 2200 ειιιιιι

144 2240 309 2298 naoemario
330 2254 388 2297 non
409 2246 564 2314 repugnet.
721 2308 731 2321 ·

208 2345 256 2395 ιι.
280 2336 373 2421 Venio
387 2351 467 2395 nunc
484 2336 523 2394 ad
540 2341 714 2421 conceptum
734 2338 913 2395 aeternitatis
934 2344 965 2395 et
977 2340 1142 2412 temporis,
1161 2340 1226 2412 qui-

145 2434 203 2495 bua
228 2434 305 2493 duae
327 2433 460 2494 diversam
477 2434 647 2495 (lutationes
667 2432 882 2508 significantur.
910 2432 1001 2493 Porro
1024 2433 1139 2491 duratio
1168 2448 1225 2493 nou

145 2538 191 2591 est
213 2530 295 2591 aliud
316 2533 376 2590 nisi
397 2530 546 2592 mislmub'
562 2532 755 2609 permansio,
781 2546 832 2590 seu
850 2544 1042 2609 perseverum
1068 2532 1143 2587 entis
1163 2533 1227 2588 emi·

146 2631 258 2688 nuntio
278 2631 301 2687 ¹.
326 2629 371 2687 Es
387 2646 446 2703 quo
468 2636 548 2704 patet
571 2631 634 2687 eius
654 2634 839 2703 conceptum,
865 2634 963 2703 utpote
987 2626 1226 2687 universaliorem

147 2732 237 2800 atque
255 2724 498 2801 abstractiorcm,
523 2742 582 2784 uon
607 2742 671 2784 esse
689 2708 757 2785 cum
780 2734 921 2800 conceptu
943 2726 1082 2800 temporis
1102 2723 1228 2783 conlun-

148 2822 300 2897 dendum;
324 2829 359 2881 nt
382 2823 495 2881 iaciunt
513 2826 555 2900 ii,
579 2826 630 2899 qui
658 2822 820 2900 quamlibet
842 2823 1026 2898 durationem
1053 2824 1227 2882 successioni

149 2919 311 2979 admixtam
332 2936 394 2979 ease
417 2923 594 2998 opinantur,
616 2924 743 2997 speciem
762 2938 829 2980 cum
852 2936 957 2997 genere
977 2934 1127 2997 perperam
1152 2936 1228 2977 com·

149 3019 316 3077 miscentes.
786 2998 789 3007 ’

209 3112 252 3173 Ut
267 3113 400 3173 diversae
421 3114 530 3174 dantm
547 3118 656 3190 species
676 3115 839 3191 existendi,
859 3118 902 3175 sic
920 3115 1055 3189 diversae
1080 3122 1149 3175 sunt
1169 3133 1231 3190 spe·

149 3213 210 3272 elea
235 3210 410 3271 durationis.
436 3214 501 3271 Iam
524 3229 579 3288 age
601 3230 654 3272 ens
680 3216 892 3288 necessarium,
917 3215 1001 3273 euius
1020 3216 1169 3272 notionem
1185 3214 1232 3272 de

149 3311 333 3385 scripsimus,
353 3312 396 3368 ita
415 3316 511 3369 exstat
530 3317 564 3370 ut
582 3317 684 3385 suapte
702 3318 808 3369 natura
829 3296 964 3386 undique
981 3312 1019 3369 sit
1038 3308 1229 3369 immutabile.

148 3406 216 3467 Non
241 3407 327 3465 modo
349 3408 427 3465 enim
448 3410 623 3483 principium
644 3416 695 3467 aut
716 3408 804 3467 finem
823 3408 966 3469 existendi
986 3410 1132 3485 suscipeie
1150 3408 1232 3469 nulla
1265 3449 1272 3467 .

150 3506 266 3565 ratione
279 3509 385 3581 potest,
399 3522 501 3565 verum
515 3506 603 3565 etiam
617 3506 713 3565 nullas
730 3508 807 3567 vices
820 3506 918 3581 quoad
933 3508 1119 3565 existentiam
1140 3506 1230 3567 subit.

210 3686 412 3737 iPemaverandi
425 3688 567 3751 conceptus,
582 3688 627 3751 qni
643 3688 777 3739 duratione
791 3690 881 3752 quavis
898 3688 1048 3751 continetur,
1066 3688 1179 3751 negative
1190 3700 1234 3752 per

151 3778 205 3815 aon
224 3767 551 3829 emmonemsspitmtur.
570 3768 725 3819 iiinetamen
742 3768 843 3819 minime
859 3767 1014 3819 inferendum
1027 3769 1075 3828 est,
1090 3768 1169 3831 ipsam
1188 3767 1234 3819 du·

151 3844 255 3895 niionis
272 3845 399 3895 uodonem
418 3847 557 3909 umbram
575 3860 637 3898 esse.
653 3850 697 3898 ast
714 3848 781 3897 euim
803 3860 889 3912 reapse
906 3846 1027 3910 positiva,
1046 3846 1183 3897 aabrrixiam
1202 3849 1236 3897 ta·

151 3936 209 3974 rnen
229 3924 324 3975 babens
347 3926 503 3989 negationem
528 3926 668 3988 eiusmodi;
686 3927 811 3990 siquidem
829 3926 985 3979 existentiam
1012 3927 1147 3991 exprimit,
1171 3938 1235 3989 quae

155 4016 205 4053 non
225 4004 333 4068 desinat,
354 4006 398 4057 sed
420 4011 569 4069 permaneat.
