2892 4425
232 314 271 365 it
700 322 833 367 willel!

231 430 320 489 edam
339 444 425 491 uerae
442 428 499 490 bas
516 427 593 491 duae
612 432 819 506 particulares:
836 428 947 510 uliquis
964 430 1051 493 tomo
1067 439 1115 493 ert
1130 432 1208 495 uter
1222 436 1311 514 (qnae

232 528 285 587 uni
304 542 341 586 ex
359 524 575 602 superioribus,
597 525 699 587 muns
720 526 807 588 bomo
827 533 875 589 ert
892 527 969 589 liber
982 532 1207 594 contradictorie
1218 551 1310 612 oppo-

231 623 341 700 nitur),
363 630 393 683 et
414 621 525 700 utpote
544 621 629 685 bomo
650 640 710 685 non
730 630 777 685 ert
799 624 876 686 ltder
897 626 982 703 (qnae
1003 629 1179 690 contradicit
1198 632 1308 709 duri,

230 723 325 797 omnir
347 720 432 781 tomo
451 725 496 780 ert
511 720 608 797 uber).
630 722 708 799 Ergo
724 724 751 782 si
772 722 849 783 dnae
866 726 1031 785 contrariae
1048 727 1137 785 simul
1156 742 1244 787 uerae
1263 744 1311 788 es·

231 824 307 894 sent,
328 833 415 877 uerae
434 822 522 879 etiarn
539 824 635 879 essent
654 819 733 879 duae
749 820 1013 897 contradictoriam
1036 828 1125 898 atque
1140 822 1207 882 ideo
1229 824 1308 883 idem

231 911 318 976 siinui
339 922 415 975 esset
436 922 465 975 et
486 932 544 977 nnn
562 922 649 992 esset,
672 916 753 993 quod
772 924 926 994 repugnat.

274 1013 344 1071 iii.
365 1012 447 1073 Duae
459 1014 678 1073 subcontrariae
692 1020 815 1091 possum
826 1031 891 1074 esee
903 1014 991 1074 sionni
1005 1030 1092 1074 verae
1107 1014 1226 1092 (qnippe
1237 1034 1306 1077 eum

229 1108 303 1169 nibil
320 1110 445 1187 omini),
466 1118 498 1170 at
516 1117 664 1188 nequeunt
685 1126 749 1171 ease
768 1111 855 1170 simui
878 1111 992 1186 tuisne,
1012 1116 1083 1188 quia
1102 1128 1187 1173 secus
1207 1122 1308 1175 essem

229 1206 316 1268 simui
338 1224 424 1267 verae
446 1208 522 1268 dnae
543 1210 719 1283 conbariae,
739 1208 820 1284 quod
837 1224 1004 1286 repugnans
1024 1225 1088 1269 esse
1108 1212 1243 1285 superius
1264 1210 1308 1269 di·

228 1306 338 1364 ximus.
358 1306 396 1364 Et
413 1320 483 1364 saue
501 1308 526 1364 si
545 1305 633 1363 simui
652 1304 745 1364 falsae
761 1311 858 1365 essent
878 1321 927 1365 ex.
948 1322 995 1382 gr.
1015 1306 1072 1365 bae
1090 1304 1167 1365 dnae
1184 1306 1308 1366 subeon

202 1408 208 1427 '
228 1404 350 1462 trarlae:
374 1399 484 1478 aliquio
506 1400 592 1461 tomo
611 1405 656 1460 ert
676 1404 788 1476 ineius,
811 1401 922 1479 eliquat
942 1400 1029 1461 bomo
1049 1418 1109 1463 non
1127 1407 1172 1462 eet
1189 1404 1307 1478 turtur,-

228 1514 282 1574 per
293 1498 385 1575 legem
399 1501 524 1575 primam
538 1502 635 1557 nocent
648 1499 736 1559 wem
748 1513 834 1558 uerae
846 1514 946 1558 earum
961 1498 1216 1576 contradictoriae,
1230 1516 1307 1575 quac

227 1596 304 1655 inter
317 1610 349 1654 se
365 1598 527 1655 nonu-adae
544 1601 632 1672 sunt,
653 1610 688 1655 eo
706 1596 831 1671 proinde
849 1597 936 1672 tales,
957 1602 991 1656 ui
1010 1612 1063 1673 per
1085 1596 1178 1675 legem
1200 1614 1305 1657 amun·

227 1690 296 1751 dam
315 1691 401 1752 simul
422 1708 507 1752 verae
524 1708 587 1752 esse
607 1695 806 1768 nonpossint.

287 1788 339 1850 IV.
361 1788 445 1848 Duae
457 1789 640 1850 subalternae
652 1796 776 1865 manui
789 1806 852 1850 esse
871 1790 1059 1855 snutrane
1076 1796 1129 1850 aut
1147 1792 1234 1851 simui
1248 1790 1305 1851 ial-

132 1941 134 1949 ,
227 1902 300 1963 sae;
321 1892 420 1945 tamen
441 1889 537 1963 posita
559 1888 680 1947 veritate
701 1888 877 1947 universalis
900 1904 953 1947 sen
974 1887 1226 1962 subalternatim,
1249 1905 1303 1964 po·

226 1985 323 2045 nenda
342 1987 431 2043 etiam
452 1990 497 2044 est
523 1986 630 2043 veritas
650 1985 838 2060 particularis
859 2000 910 2044 sen
935 1983 1177 2060 rubelleraoiee5
1201 1992 1306 2047 contra

226 2085 321 2161 posita
339 2083 466 2143 falsitate
484 2082 583 2160 huius,
605 2089 635 2142 et
653 2081 704 2141 iiia
721 2098 838 2159 quoqne
856 2081 933 2141 laisa
950 2084 990 2143 alt
1004 2098 1122 2143 neeman
1138 2090 1194 2142 ert.
1216 2084 1305 2144 Ratio

226 2186 326 2257 patet3
348 2196 417 2242 nam
437 2182 539 2256 nequit
556 2194 607 2256 per
621 2182 775 2239 veritatem
792 2180 1007 2240 enuncinuonis
1021 2180 1197 2240 uniuersalis
1216 2182 1302 2240 attri-

225 2278 329 2338 butum
349 2279 503 2339 convenire
521 2277 674 2355 omnibus,
695 2280 766 2354 quin
787 2277 843 2337 boe
867 2281 931 2352 ipso
954 2279 1111 2337 conveniat
1132 2277 1301 2354 aliquibns;

225 2392 262 2436 ae
284 2377 413 2436 vicissim
432 2377 458 2436 si
480 2375 586 2436 laisum
609 2381 655 2436 est
679 2368 767 2435 alieni
791 2382 953 2452 competere
970 2375 1183 2452 praedicatum,
1207 2374 1302 2434 multo

225 2475 320 2550 magis
342 2473 449 2534 laisum
466 2474 522 2532 erit
538 2477 700 2548 competere
717 2473 865 2532 omnibns.

285 2578 334 2629 2⁰.
357 2570 477 2647 Aliquid
491 2573 611 2629 inunum
623 2569 660 2628 de
672 2569 915 2647 aequipollentia,
929 2585 1005 2646 quae
1016 2569 1134 2645 quidem
1149 2568 1227 2628 aliud
1241 2585 1302 2627 non

223 2674 270 2728 est
291 2667 452 2744 quidquam
473 2669 530 2727 nisi
555 2667 680 2726 duarum
700 2669 934 2743 propositionum
953 2666 1053 2725 eadem
1076 2669 1123 2726 ris
1142 2666 1302 2742 eademqne

224 2764 411 2841 significatio.
434 2763 475 2824 Ut
494 2771 592 2824 antem
611 2770 749 2824 noscatur
772 2764 893 2840 modus,
912 2779 971 2842 quo
988 2780 1025 2822 cx
1046 2766 1187 2838 oppositis
1208 2777 1301 2821 enun-

224 2861 399 2922 ciationibus
419 2862 645 2937 aequipollentes
659 2861 833 2936 habeantur,
853 2864 895 2921 ita
913 2868 947 2921 ut
966 2877 1026 2924 nna
1044 2861 1082 2920 od
1101 2861 1220 2920 alterius
1239 2875 1301 2919 non

223 2960 311 3019 modo
331 2961 504 3020 oenoentiam
522 2958 573 3018 sed
593 2960 681 3030 etiam
696 2961 910 3034 expressionem
927 2956 1301 3034 reducatur3animadver·

97 3103 100 3109 .
223 3057 346 3118 tendum
363 3062 419 3132 est,
439 3056 612 3133 particulam
630 3072 689 3116 non
708 3071 825 3116 sensum
842 3059 987 3115 moenere
1004 3056 1140 3116 dictionis
1159 3058 1206 3114 cni
1220 3071 1303 3130 prae·

96 3191 101 3200 ·
222 3154 336 3232 ligitur.
365 3152 561 3228 Quamobrem
585 3156 611 3213 si
635 3154 770 3230 qualitati
796 3160 911 3214 tantumn
937 3153 1062 3212 alicuius
1086 3153 1301 3212 enunciationis

221 3253 423 3328 praeponitur,
445 3267 510 3310 eam
527 3253 557 3310 in
578 3253 756 3311 contrariam
775 3256 891 3326 motat3
912 3253 958 3309 siu
983 3265 1055 3308 uero
1074 3257 1137 3309 tum
1161 3249 1301 3324 qualitati

154 3413 157 3419 ,
222 3355 287 3408 tum
306 3350 463 3425 quantitati
483 3348 665 3426 praefigitur,
689 3354 843 3424 utramque
863 3349 895 3407 in
915 3349 1081 3422 oppositam
1101 3349 1199 3406 vertit.
1222 3345 1302 3405 liinc

185 3491 192 3510 .
221 3448 247 3508 sl
268 3449 349 3522 cupis
371 3447 600 3522 aequivalentem
622 3446 880 3521 contradictoriae,
901 3459 1046 3520 praepone
1063 3450 1219 3520 negantem
1233 3458 1302 3518 par·

220 3543 343 3603 ticulum
359 3545 416 3602 toti
434 3545 647 3619 enunciation13
670 3545 713 3602 ita
733 3545 812 3601 enim
829 3545 893 3602 eius
910 3542 1080 3618 qualitatem
1102 3547 1132 3601 et
1149 3542 1298 3616 quantita·

220 3647 281 3700 tem
302 3641 438 3700 mutabis.
464 3640 513 3701 Sic
534 3657 571 3700 ex
591 3641 649 3699 hae
670 3641 882 3716 propositione:
903 3638 1006 3698 nullut
1025 3638 1111 3699 domo
1135 3641 1179 3696 est
1198 3639 1296 3719 ntper,

220 3736 342 3798 habebis
355 3738 432 3798 bauo
445 3739 551 3798 aliam:
573 3736 832 3796 matutinotanto
852 3741 897 3797 est
912 3739 1008 3813 piper,
1024 3753 1074 3795 seu
1087 3725 1198 3811 eliquat
1213 3733 1302 3793 bomo
1432 3776 1433 3789 2

221 3837 268 3893 est
282 3837 379 3912 uipera
404 3837 436 3897 Si
457 3841 556 3897 autem
577 3835 808 3910 aequivalentem
829 3836 994 3894 contrariae
1011 3833 1059 3892 uel
1080 3832 1303 3892 subcontmriae

221 3920 491 4012 mscusqnonium
509 3931 597 4011 adid
616 3933 724 3992 inverti
744 3931 829 3993 debet
846 3930 909 3994 soia
926 3929 1064 4008 qualitas,
1082 3929 1210 4008 praefigo
1228 3944 1299 4006 par.
