2892 4425
446 376 523 419 PARS
544 374 662 419 ALTERA
684 390 696 404 ·
719 375 935 419 PSYCEOLOGM
1172 369 1229 421 160

152 487 297 549 eiusmodi
317 484 454 545 bituriam
468 486 593 562 dispesci
607 492 716 561 potest:
733 487 763 544 iu
779 502 843 545 enm
857 502 933 562 quse
946 490 1044 545 ectum
1060 486 1226 561 ponendum

154 584 200 644 vei
220 583 434 658 omittendum,
449 590 479 641 et
493 585 523 641 in
545 597 610 641 enm
623 594 699 659 qnae
714 588 797 642 nctus
811 582 943 641 diversos
959 582 1003 641 vei
1021 584 1168 659 oppositos
1185 598 1230 642 rc·

154 682 251 757 spicit.
273 680 372 739 Primn
391 679 451 739 dici
470 680 544 739 soiet
564 680 682 739 libertus
696 677 938 739 contradictionis
956 680 1002 738 vei
1023 682 1110 739 etium
1131 679 1231 757 quood

153 780 341 837 exercitium.
356 777 474 852 Altero,
487 780 513 836 si
527 780 557 835 iu
571 783 713 853 potestate
727 779 849 837 venitur
864 776 996 836 eiiciendi
1011 779 1139 837 actiones
1153 794 1229 855 quus

152 875 295 937 usuam
314 875 432 953 quidem
452 878 530 935 iuter
548 892 580 935 se
599 876 652 935 sed
669 878 833 935 contrariae
853 891 911 933 non
931 876 1007 951 sint,
1030 875 1147 935 liberius
1166 892 1230 952 spe·

154 976 347 1051 ct’jicotionis5
360 977 407 1033 sin
420 976 452 1032 in
469 974 584 1033 actibus
604 979 756 1049 versatur,
770 976 820 1050 qui
836 979 939 1033 mutuo
959 972 1153 1033 adversantur
1167 988 1230 1031 mo·

154 1072 274 1147 rniiter,
295 1073 517 1144 contrarietatis
536 1075 719 1131 nominetur.

589 1269 793 1329 Puonosrrro.

279 1478 402 1532 Animns
420 1454 563 1529 dnmnnns
578 1472 735 1543 praeditos
753 1474 797 1527 est
815 1462 952 1527 libertate
971 1472 1101 1529 orbtimi.

214 1672 264 1723 to.
286 1662 433 1739 Quidquid
453 1662 602 1722 intuiutue
622 1678 657 1721 uc
677 1662 884 1722 muteriuiistee
905 1662 942 1721 ud
963 1662 1124 1722 humanum
1145 1661 1229 1721 iiber·

153 1768 243 1821 tutem
257 1760 444 1819 evertendum
457 1759 616 1820 obiecerint
638 1759 776 1836 (quorum
792 1760 973 1836 sophismate
988 1760 1108 1820 interius
1124 1760 1228 1820 coniu-

153 1856 297 1934 iebtmns)
314 1860 378 1918 eius
396 1860 506 1917 neritus
527 1864 609 1917 tuuis
629 1860 835 1933 perspicuitate
855 1857 965 1934 iniget,
981 1865 1014 1917 ut
1033 1857 1106 1916 nihii
1127 1874 1227 1934 supro.

151 1956 219 2015 Non
240 1958 317 2015 enim
338 1956 479 2015 eiusmodi
494 1961 556 2031 cst,
570 1963 604 2014 ut
624 1956 761 2015 abstruse
776 1956 875 2030 niiqun
889 1955 1001 2013 rutioue
1015 1957 1094 2013 cerni
1107 1955 1226 2030 debeet3

151 2052 203 2112 sed
218 2052 330 2111 incmm
351 2051 486 2128 praebet,
501 2068 552 2127 per
571 2053 779 2111 conscientium
795 2053 900 2127 cuique
914 2050 1112 2109 menifestum.
1135 2050 1227 2109 Nemo

151 2152 230 2209 enim
252 2155 297 2207 est
310 2150 360 2226 qui
373 2164 433 2207 non
449 2151 556 2209 sentiat
570 2165 602 2210 sc
616 2148 708 2207 iibere
721 2152 821 2208 ornari
843 2152 890 2225 vi,
904 2163 963 2224 qun
977 2146 1014 2206 nd
1029 2149 1228 2222 notiones-pro

151 2248 247 2308 inuito
266 2249 331 2307 siue
349 2245 413 2308 ulls
432 2249 607 2326 necessitate,
623 2247 771 2322 procedet.
796 2245 930 2304 Proiecto
950 2247 1106 2304 nenessitas
1127 2246 1157 2301 in
1178 2243 1227 2302 de·

151 2347 359 2405 terminatione
372 2344 410 2403 nd
423 2359 515 2406 unum
530 2346 588 2403 situ
606 2351 660 2404 est.
687 2343 728 2403 At
742 2359 811 2402 vero
825 2341 880 2402 sibi
899 2346 1021 2418 quisque
1034 2347 1079 2401 esi
1093 2343 1226 2402 conscius

125 2482 129 2498 .
151 2458 184 2500 se
202 2444 246 2501 itn
265 2459 282 2502 e
302 2441 416 2500 duobus
437 2441 521 2500 bonis
542 2441 634 2501 fluitis
654 2442 710 2502 sibi
733 2443 887 2518 propositis
908 2440 1079 2499 niteruirum
1101 2441 1226 2515 eligere,

151 2547 187 2598 ui
206 2545 362 2615 utrumque
382 2555 518 2615 respuere
531 2545 583 2598 eut
595 2543 776 2598 conuentum
798 2541 861 2598 eius
881 2539 961 2614 quod
975 2539 1076 2614 elegit,
1093 2536 1228 2612 ampiecti

152 2639 296 2712 potuerit,
319 2639 346 2695 si
370 2637 533 2696 metuisset.
554 2636 603 2696 Sic
627 2640 653 2694 si
678 2636 796 2696 cuidem
822 2636 920 2696 standi
946 2641 998 2696 sut
1022 2635 1227 2694 denmbuiundl

152 2737 233 2810 optio
256 2734 362 2809 detur,
382 2750 481 2794 nonne
506 2737 531 2794 is
556 2737 658 2794 intime
682 2737 831 2810 experitur
856 2735 911 2794 sibi
937 2736 1032 2794 inesse
1056 2740 1227 2809 potestatem

153 2828 300 2890 reiiciendi
321 2838 493 2910 utrumqne,
513 2835 539 2891 si
560 2833 655 2908 veiit,
666 2849 755 2909 seque
775 2834 811 2893 sd
832 2833 991 2892 sedendum
1013 2835 1109 2910 potius
1128 2832 1226 2892 conie-

151 2927 257 2987 rendit
275 2930 360 3002 Quod
384 2933 410 2988 si
432 2947 534 2990 eorum
557 2947 649 2990 unum
676 2938 825 3008 ncceptni,
848 2935 888 2992 itn
916 2937 1048 3007 receptui
1072 2939 1106 2992 ui
1128 2932 1229 2991 vivide

152 3030 342 3102 persentiscat
362 3028 400 3088 nd
424 3031 593 3106 oppositum
619 3045 651 3089 se
675 3029 792 3090 flectere
815 3033 845 3090 in
870 3033 932 3090 eius
959 3037 1099 3106 potestate
1126 3030 1235 3090 tuisse.

150 3123 233 3184 Idem
253 3125 301 3185 die
314 3127 351 3184 de
365 3127 432 3187 eiiis
445 3130 593 3187 sexcentis
608 3129 764 3205 exempi1s3
779 3131 809 3188 in
828 3129 935 3206 quipus
952 3131 1068 3187 enimus
1082 3130 1225 3188 uodonem

150 3237 209 3279 suo
227 3222 370 3282 subtituto
385 3231 415 3283 et
430 3216 547 3299 optione
561 3227 622 3302 regi
639 3225 718 3284 videt
731 3229 790 3302 sic,
805 3233 911 3286 utnon
926 3225 1013 3284 modo
1031 3227 1227 3302 principium,

153 3318 231 3378 unde
251 3319 303 3378 iiis
322 3323 461 3398 emergit,
476 3321 532 3381 sihi
552 3325 663 3399 inesse,
684 3322 735 3383 sed
755 3326 851 3399 ipsum
872 3325 995 3383 notionis
1012 3322 1228 3382 determinatio·

148 3431 215 3475 uem
237 3433 274 3476 eu
294 3434 328 3477 se
347 3417 473 3492 pendere
493 3422 596 3478 intime
615 3421 758 3478 eonseiet.

207 3513 270 3574 Nee
289 3514 423 3591 deceptio
444 3515 504 3576 uiiu
518 3519 547 3576 in
562 3516 620 3575 hoc
633 3517 865 3592 pertimescende
884 3523 944 3593 est,
960 3519 1104 3594 siquidem
1123 3533 1229 3578 sensus

148 3609 197 3670 hic
218 3616 386 3674 communis
399 3620 445 3672 est
457 3620 486 3674 et
499 3614 696 3674 iueinctnbiiis
709 3619 740 3672 et
753 3619 892 3674 consinus
910 3620 941 3674 et
955 3616 1054 3675 vivide
1071 3618 1226 3676 instruitur

147 3712 351 3785 perspicientis
371 3711 569 3786 discriminis,
583 3711 663 3788 quod
682 3713 759 3770 iuter
780 3714 909 3772 notiones
926 3714 1068 3772 eiusmodi
1088 3720 1117 3773 ct
1136 3715 1227 3774 ectio-

144 3823 198 3867 nes
219 3825 298 3868 mere
316 3816 492 3885 spontaneus
511 3809 674 3869 intercedit.
697 3809 774 3868 Num
795 3824 862 3868 cum
879 3809 980 3888 ieiices
994 3825 1057 3870 esse
1077 3813 1119 3869 sie
1140 3809 1227 3868 roiu·

145 3920 230 3980 mus,
251 3911 285 3965 ut
306 3909 403 3992 miseri
423 3915 525 3966 contro
545 3923 609 3966 esse
628 3909 798 3983 neutiquam
821 3907 894 3968 vciie
915 3910 1078 3984 possimus3
1100 3920 1220 3980 perscu-

146 4003 224 4062 tiseit
244 4001 362 4064 unimus
381 4020 413 4063 se
434 4004 555 4064 ilbenter
575 4005 692 4082 quidem
714 4003 881 4066 ieiicitutem
904 4021 1019 4081 umere,
1038 4015 1140 4064 verum
1164 4003 1226 4080 ite,
