2892 4425
252 375 310 430 aet
582 379 822 424 aarannrsrciu
842 380 1004 424 erecturus

250 493 360 569 Atque,
377 505 414 550 ne
432 507 451 550 a
468 495 583 567 recepto
599 489 784 550 discedamus
801 506 893 566 more,
915 489 1023 564 triplici
1040 495 1155 548 utemur
1177 505 1343 566 argumen-

248 599 345 651 torum
364 604 485 666 meere:
506 590 554 664 iis,
573 603 649 666 qnae
669 604 688 647 e
705 596 812 647 nutura
830 591 893 665 ipse
912 603 1009 646 rerum
1029 594 1192 647 creatarum
1207 605 1341 648 sumun-

248 696 317 764 tur,
336 693 365 747 et
387 685 588 765 metaphysica
612 685 755 762 endinnt;
783 689 835 762 lis,
862 702 937 762 quae
959 683 1046 762 plane
1067 685 1208 745 mirificus
1227 689 1340 747 mundi

248 787 320 849 orde
338 787 514 864 suppeditat,
534 793 564 846 et
579 787 704 863 physica
728 789 934 862 nominentur,
954 785 1078 862 denique
1096 787 1144 862 ils,
1164 801 1241 862 quae
1258 803 1339 847 une·

249 888 336 946 uimls
356 894 385 946 et
402 892 545 946 constans
566 887 696 962 gentium
721 885 875 944 consensio
902 885 1042 960 praebet,
1059 891 1090 943 et
1108 884 1231 944 moralia
1255 901 1338 945 nun·

248 991 404 1061 cupentur.

579 1185 763 1253 Aryumeete
784 1179 995 1251 metaphysica.

311 1389 377 1439 145.
400 1381 446 1440 td
464 1378 667 1455 metaphysica
687 1383 860 1455 arguments
883 1377 962 1451 quod
989 1377 1116 1452 attinet,
1136 1393 1233 1436 rerum
1257 1397 1341 1456 ques

248 1480 278 1537 in
296 1484 403 1536 natura
420 1483 489 1534 sunt
506 1475 646 1551 conditio,
663 1477 799 1551 principii
813 1473 1001 1534 causalitate
1018 1473 1185 1534 adiumento
1203 1477 1339 1536 existen-

247 1578 318 1633 tiem
337 1573 388 1631 Dei
407 1572 633 1649 luculentissime
649 1573 829 1632 manifestat.
848 1573 996 1631 Permulta
1015 1573 1091 1630 enlm
1108 1578 1190 1630 extra
1211 1589 1267 1632 nos
1280 1589 1337 1633 ex-

247 1680 336 1747 stare,
355 1687 457 1730 sensus
480 1669 698 1730 evidentissime
721 1673 866 1746 reserunt3
890 1687 943 1728 nos
964 1687 1033 1728 vero
1057 1673 1134 1745 ipsos
1154 1673 1183 1727 in
1205 1674 1338 1731 existen-

246 1769 325 1828 tibus
346 1784 409 1827 esse
432 1769 583 1843 perspicuo
605 1769 699 1827 elucet
718 1770 914 1828 conscientiae
934 1752 1112 1827 testimonio.
1135 1767 1209 1828 Cum
1232 1773 1338 1846 itaque

248 1873 404 1943 utrumque
427 1866 482 1924 hec
506 1881 598 1942 genus
622 1883 719 1924 rerum
740 1883 757 1924 a
777 1883 807 1925 se
828 1883 891 1924 esse
918 1882 976 1924 non
1002 1861 1099 1940 possit'
1117 1865 1232 1942 {quippe
1253 1869 1337 1943 quod

247 1967 278 2024 ln
299 1966 490 2024 serationem
511 1967 556 2022 sni
575 1963 768 2025 subicientem
786 1967 1012 2022 nonsscontin'eat
1033 1970 1061 2022 et
1081 1962 1221 2021 mutabile
1245 1967 1284 2021 sit
1304 1973 1336 2024 et

246 2063 388 2124 limitibus
412 2063 688 2139 circumscriptum);
711 2078 829 2121 causam
852 2079 870 2120 e
890 2079 920 2119 se
940 2061 1108 2119 distinctam
1129 2063 1333 2137 rationemque

247 2164 376 2241 aliquam
396 2161 568 2222 efficientem
589 2163 728 2238 exquirit.
751 2159 829 2219 Nihil
848 2161 961 2218 enima
984 2159 1075 2217 nihilo
1092 2161 1198 2218 exoriri
1219 2175 1271 2218 seu
1285 2163 1332 2237 gi-

247 2264 298 2339 gni
316 2266 422 2338 potest,
440 2264 504 2320 sine
522 2261 583 2319 ulle
597 2275 698 2319 eausa.
718 2258 780 2317 lem
799 2274 870 2316 vero
891 2260 1040 2333 quaeritur
1059 2273 1129 2317 num
1149 2272 1236 2317 causa
1257 2260 1334 2319 eius·

248 2360 326 2419 modi
347 2358 455 2418 inlecta
473 2362 512 2418 sit
538 2374 664 2433 suaeque
682 2364 805 2415 naturae
825 2358 927 2433 vigens
948 2358 1129 2429 necessitate,
1155 2372 1191 2415 an
1211 2355 1335 2420 aliunde

248 2459 410 2517 manaverit
432 2462 462 2516 et
481 2460 598 2515 actione
623 2455 763 2529 alteriue,
787 2452 865 2529 quod
889 2456 945 2527 ipsi
972 2453 1105 2512 tribuerit
1128 2454 1328 2513 existentiam.

248 2554 278 2617 Si
298 2559 551 2633 primum;·ceuse
572 2556 662 2613 istaec
680 2568 849 2629 supremum
868 2554 923 2610 erit
942 2550 1015 2610 illud
1035 2568 1088 2611 ens
1116 2552 1195 2628 quod
1216 2558 1332 2613 scrute-
1434 2546 1435 2549 ’

248 2764 277 2811 nt
290 2774 361 2810 nemo
374 2760 477 2810 rationis
490 2772 591 2823 compos
603 2772 658 2811 eam
669 2758 782 2821 ignorare
797 2770 868 2821 posse
882 2756 1010 2819 videntum
1024 2724 1175 2820 quemquem
1184 2742 1240 2806 ‘uon
1255 2758 1333 2807 scien-

144 2870 149 2884 ·
246 2841 282 2891 tie
299 2840 335 2890 sit
351 2841 473 2901 excultus,
490 2840 535 2890 sed
552 2840 646 2890 trnline
662 2841 759 2889 tantum
779 2840 862 2888 etaim
880 2830 1002 2901 populari.
1020 2840 1054 2887 Ea
1072 2848 1122 2899 qna
1137 2836 1257 2887 laellitate
1273 2840 1336 2887 reri·

246 2920 305 2971 tatis
324 2920 399 2970 huius
416 2919 621 2971 internoscendas
636 2920 774 2983 proiectum
791 2922 845 2981 est,
866 2922 894 2969 ut
911 2920 990 2981 ipsam
1009 2918 1122 2967 nonnulli
1142 2930 1157 2967 e
1175 2919 1264 2969 nature
1284 2918 1336 2967 ani·

247 3000 296 3050 mle
313 2999 405 3049 nostme
423 2999 571 3061 insculptam
592 3002 667 3062 etque
688 2999 821 3062 ingenitam
843 2998 967 3049 duxerint.
993 3002 1074 3057 Quare
1094 2998 1212 3049 etlrelsles
1230 2998 1334 3061 quidem

247 3079 378 3145 practices,
396 3079 440 3143 qui
456 3092 529 3142 opere
544 3081 569 3130 ct
584 3080 674 3129 eiieotu
693 3082 773 3130 Mum
790 3082 918 3142 negarent,
937 3080 1058 3143 plurimos
1072 3080 1147 3129 luisse
1164 3079 1293 3143 largimur,
1310 3082 1335 3128 et

246 3161 342 3211 utinam
357 3172 423 3208 nrrne
440 3158 503 3209 nnlll
520 3162 613 3223 essent!
630 3160 678 3210 Sed
694 3160 812 3210 ethelsius
829 3154 990 3221 theoreticae,
1004 3161 1046 3222 qni
1064 3160 1165 3209 stultam
1180 3160 1212 3208 de
1224 3158 1334 3207 carentia

246 3240 362 3292 lluminls
379 3239 520 3303 opinionem
537 3253 586 3289 nen
605 3240 687 3289 solum
703 3254 746 3291 ore
767 3240 959 3303 profiteremur,
980 3240 1114 3291 sedetiam
1133 3242 1217 3290 animo
1236 3240 1335 3303 penitus

247 3320 403 3383 imbiberent,
421 3321 504 3371 nullos
522 3321 633 3372 extitisse
649 3335 787 3373 censemus,
808 3322 873 3371 Fieri
888 3322 954 3371 enim
974 3334 1023 3371 uon
1039 3334 1111 3385 posse
1126 3320 1286 3383 arbitramur,
1306 3324 1334 3371 ut

247 3404 323 3453 homo
336 3402 431 3453 ratione
447 3404 519 3453 utens
538 3416 567 3453 er
587 3403 739 3453 causelitetis
756 3402 831 3453 eliste
850 3414 994 3465 supremum
1012 3404 1107 3451 llumee
1126 3413 1175 3451 uon
1193 3401 1281 3464 aliqua
1296 3414 1332 3451 re·

247 3486 314 3535 tione
327 3483 450 3535 coniiciat.
471 3483 581 3541 Quodsi
598 3484 642 3547 uui
661 3485 825 3533 theoreticam
843 3484 991 3533 athelemum
1009 3481 1112 3545 proleesi
1128 3484 1195 3543 srrnt,
1213 3482 1239 3531 hl
1256 3482 1282 3531 in
1296 3495 1333 3531 eo
1425 3486 1430 3493 '

248 3578 302 3615 rum
321 3577 425 3615 numero
444 3565 529 3615 haberi
548 3566 639 3616 debent
657 3564 700 3627 qui
719 3564 827 3627 cogitato
847 3568 873 3613 et
892 3564 923 3613 de
943 3550 1065 3613 industria
1085 3564 1148 3612 beno
1168 3562 1216 3611 sibi
1241 3562 1335 3625 eripere

246 3633 375 3696 senhtem
390 3659 467 3710 seque
480 3645 593 3710 aliosque
608 3646 708 3696 eludere
721 3639 942 3695 stulte‘oonentur.
960 3644 1032 3694 Unde
1048 3644 1100 3707 ipse
1111 3646 1236 3693 Rousseau
1254 3641 1334 3692 elehel

245 3728 338 3789 (spitus
353 3726 368 3776 h
383 3728 416 3777 bi.
432 3728 532 3790 ltaeine)
546 3728 631 3777 atheos
644 3739 695 3775 non
707 3728 758 3776 um
774 3726 909 3786 intellectu,
927 3738 1003 3789 quem
1020 3724 1149 3787 voluntate
1165 3736 1276 3787 peecare.
1287 3724 1332 3772 llis

246 3811 303 3859 ante
318 3809 420 3871 achiis,
437 3822 466 3859 er
485 3808 516 3857 ile
535 3808 579 3872 qui
596 3807 693 3857 nullum
710 3809 789 3857 Deum
807 3806 937 3857 admisisse
956 3806 1076 3867 teruntur,
1095 3806 1159 3855 inter
1172 3805 1268 3855 verses
1279 3804 1333 3853 bia

220 3913 224 3922 =
245 3902 328 3950 aeras,
347 3890 450 3951 crltlee,
468 3888 622 3949 Theodorus,
639 3890 796 3951 Protagoras,
812 3888 950 3947 Lucienus,
970 3887 1034 3935 inter
1052 3887 1199 3935 recentiores
1217 3883 1331 3943 Tolland,

246 3967 356 4031 iiobbee,
371 3970 464 4018 Auctor
477 3968 616 4029 systematis
631 3971 742 4031 naturae,
758 3972 849 4029 ltruuo,
866 3967 964 4026 Vuuini,
980 3965 1159 4021 biarchiaeelli,
1176 3965 1268 4027 aliique
1284 3976 1334 4026 prr·

247 4042 314 4096 ditae
331 4051 406 4098 notae
422 4046 548 4110 sophistae
567 4052 737 4097 cruentantur.
