2892 4425
458 400 535 444 ΗΕΒ
556 401 659 445 nin
680 414 693 429 ·
712 400 914 445 cosuoiottis
1184 394 1221 447 97

145 510 423 572 demonstrationem
443 509 584 570 faciemus
598 526 657 569 non
672 510 765 571 multo
778 517 856 587 post,
870 510 921 571 sed
935 517 1003 571 ente
1017 511 1224 573 miraculorum

145 612 280 688 partitio,
300 614 335 668 ut
353 613 398 667 est
417 610 612 683 propositum,
632 608 783 667 innuenda
803 615 858 669 est.

206 716 256 767 it.
279 706 341 765 Etsi
368 704 531 781 miracula,
556 704 801 781 quemadmodum
826 722 915 782 supra
939 706 976 765 de
996 706 1148 768 effectibus
1173 724 1221 767 sn·

144 804 379 883 pernuturalibus
404 804 563 881 generatim
590 802 701 862 factum
727 810 797 880 est,
822 802 957 863 bifariam
988 803 1124 864 distribui
1160 822 1223 881 pos·

144 908 225 980 sint,
250 908 395 979 quatenus
420 907 554 960 naturam
578 906 716 977 saperent
739 900 786 959 vel
814 899 911 977 quoad
935 903 1029 977 ipsam
1058 902 1128 963 facti
1154 904 1222 963 sub

142 1003 283 1062 modam
304 999 349 1059 uel
374 998 472 1076 quoad
493 997 611 1057 modum
639 1012 699 1074 quo
717 996 815 1073 iiunt;
841 1002 939 1058 tamen
959 998 1046 1075 longe
1066 998 1173 1059 clarior
1192 1006 1223 1059 et

142 1099 309 1159 disductior
328 1098 447 1173 partitio
466 1096 595 1172 ridetur,
615 1111 676 1172 qun
695 1096 846 1170 tripliciter
867 1110 885 1155 a
906 1094 936 1154 S.
952 1094 1066 1154 Tboma
1086 1096 1222 1157 dividun-

142 1203 204 1272 tnr,
218 1200 306 1271 prout
324 1201 447 1265 naturae
467 1192 544 1253 uires
563 1202 739 1270 exsuperant
758 1200 810 1253 ant
830 1195 942 1253 ratione
961 1196 1018 1268 sui,
1036 1197 1089 1253 aui
1109 1196 1224 1254 ratione

141 1292 279 1367 subiecti,
301 1298 354 1352 aut
372 1293 485 1351 rsiione
502 1291 594 1353 modi.
617 1292 662 1351 lin
681 1291 837 1352 clarissimi
858 1290 992 1351 Doctoris
1007 1291 1111 1352 verbu:
1132 1318 1144 1343 ι
1162 1292 1221 1351 Ex·

146 1416 158 1443 ·
182 1390 261 1451 cedit
279 1390 391 1467 aliquid
411 1390 578 1451 facultatem
600 1396 724 1450 naturae
743 1390 912 1465 tripliciter:
940 1406 999 1449 uuo
1019 1390 1107 1450 modo
1128 1406 1221 1467 quau·

145 1514 159 1539 ·
182 1494 246 1549 tum
266 1488 305 1548 ad
317 1488 511 1549 mbstcntim
533 1488 617 1565 faeti,
630 1486 800 1564 sicutquod
820 1486 880 1547 duo
899 1502 1020 1564 corpora
1041 1490 1101 1548 siut
1121 1489 1220 1565 simul,

145 1612 159 1638 ι
184 1587 229 1646 vei
250 1586 329 1663 quod
348 1586 391 1646 soi
412 1592 489 1647 retro
513 1586 607 1658 cedat,
629 1592 681 1646 ant
699 1585 779 1661 quod
799 1600 905 1663 corpus
927 1584 1090 1648 humanum
1111 1586 1219 1664 glorifi-

145 1712 159 1737 ·
182 1690 282 1762 cetur,
303 1684 381 1762 qnod
401 1684 482 1744 nudo
502 1683 589 1743 modo
608 1690 715 1745 natura
736 1683 832 1745 facere
850 1691 968 1761 potsst3
993 1692 1023 1745 et
1046 1688 1102 1744 ista
1121 1691 1221 1745 tenent

143 1810 157 1834 «
181 1798 329 1843 summum
350 1782 472 1860 gradum
492 1784 523 1841 in
544 1781 704 1841 miraculis.
727 1780 883 1859 Secundo,
905 1782 1016 1860 aliquid
1036 1782 1152 1843 excedit
1172 1782 1213 1843 fa·

144 1907 157 1933 ·
181 1882 320 1942 culmum
341 1888 462 1941 naturae
482 1896 541 1939 non
561 1888 706 1957 qnantum
726 1880 765 1940 ed
784 1880 815 1939 id
834 1880 913 1957 qnod
933 1880 979 1957 fit,
1001 1880 1053 1940 scd
1073 1885 1219 1957 quantum

143 2004 157 2030 ·
181 1979 221 2039 ed
244 1979 275 2037 id
298 1981 330 2037 in
349 1995 407 2055 quo
426 1978 462 2039 fit
479 1980 557 2038 sicut
582 1978 764 2039 resuscitatio
791 1985 974 2039 mortuorum
994 1985 1024 2038 at
1043 1979 1221 2038 illuminatio

143 2102 157 2128 ι
181 2092 334 2138 caecorum
357 2084 386 2137 et
412 2078 529 2137 similia.
558 2075 658 2136 Potest
677 2078 757 2136 enim
781 2082 886 2135 natura
906 2090 1025 2137 causare
1046 2078 1138 2136 vitam
1167 2075 1220 2135 sed

142 2200 156 2227 «
180 2190 240 2235 non
260 2177 291 2235 in
312 2181 438 2253 mortno,
459 2180 489 2236 st
507 2178 603 2252 potest
622 2180 771 2251 praestare
794 2175 890 2233 risum
910 2172 961 2234 sed
982 2188 1041 2233 non
1061 2174 1092 2232 in
1112 2188 1218 2250 cncco;

143 2299 157 2324 ·
180 2279 211 2334 et
233 2273 307 2333 baec
330 2280 432 2333 tenent
454 2273 613 2333 secundum
640 2272 736 2332 locum
762 2273 793 2330 in
818 2271 978 2331 miraculis.
1004 2270 1104 2330 Tertio
1130 2270 1218 2330 modo

143 2397 157 2423 «
179 2371 295 2432 excedit
313 2371 425 2448 aliquid
439 2370 609 2430 facultatem
625 2376 748 2429 naturus
767 2374 910 2444 quantum
927 2367 965 2426 sd
981 2367 1101 2426 modurn
1122 2375 1151 2427 ei
1171 2383 1218 2428 or·

143 2494 157 2520 a
180 2470 280 2530 dinem
299 2469 435 2528 faciendi.
457 2468 540 2528 Sicut
559 2483 627 2527 cnm
647 2467 754 2543 uliquis
781 2465 879 2525 subito
900 2482 951 2542 per
979 2467 1117 2524 viduum
1141 2465 1217 2525 diei·

142 2591 156 2617 ·
180 2583 250 2627 nam
269 2583 288 2625 a
306 2567 380 2628 febri
399 2571 538 2642 curatur,
562 2564 672 2640 nbsqm
695 2565 846 2624 curatione
865 2569 895 2623 et
920 2569 1059 2624 musceto
1080 2577 1218 2637 processu

143 2689 157 2714 ι
179 2670 303 2724 naturae
321 2667 353 2722 in
368 2663 493 2740 talibus3
511 2669 564 2722 aut
579 2679 647 2722 cum
667 2664 767 2721 statim
789 2665 839 2722 abr
857 2661 958 2722 ibuinu
978 2663 1087 2722 virtute
1106 2661 1135 2718 in
1153 2659 1216 2736 plu·

143 2788 156 2813 «
179 2764 246 2824 rias
265 2762 402 2822 densatur
422 2761 532 2838 absque
551 2760 737 2822 naturalibus
755 2761 864 2836 causis,
888 2763 965 2820 sicut
984 2758 1096 2820 factum
1114 2765 1159 2818 est
1178 2757 1217 2816 ad

142 2885 156 2911 ι
179 2875 280 2936 preces
300 2857 443 2920 &nauelis
456 2865 486 2920 st
498 2859 597 2937 illiue3
618 2865 648 2919 et
668 2858 836 2920 huiusmodi
850 2864 949 2919 tenent
969 2857 1103 2918 infimum
1118 2857 1215 2917 iocum

54 2981 58 2988 ·
143 2983 156 3008 ·
179 2960 211 3016 in
231 2959 380 3019 miraculis
399 2961 422 3019 ¹.
447 2983 461 3009 ι
491 2957 573 3018 Nibii
598 2969 671 3018 sane
694 2958 804 3018 clarius
824 2963 876 3018 nui
899 2957 1062 3018 ordinatius
1084 2955 1143 3016 dici
1165 2971 1216 3032 po·

138 3061 225 3116 terat.
240 3056 322 3129 Quae
341 3057 462 3133 proinde
480 3073 550 3117 cum
568 3071 622 3132 per
641 3071 673 3116 ss
692 3061 813 3131 pateant
833 3058 864 3115 in
883 3061 1077 3132 promptuque
1097 3056 1157 3114 sint
1172 3069 1216 3112 st·

137 3155 191 3229 tis,
212 3153 344 3230 pluribus
364 3154 510 3214 enucleari
530 3169 590 3213 uon
610 3153 772 3229 poatniant.

196 3365 331 3414 issmmc
346 3363 500 3427 rieoiopieo
517 3377 540 3426 p.
558 3371 579 3426 t,
591 3376 618 3426 q.
636 3367 690 3424 itit,
703 3375 727 3411 a.
741 3369 764 3412 s.
