2892 4425
382 402 459 447 ΡΑΙΒ
480 402 599 446 atam
622 416 633 429 ·
656 400 875 445 HYCHOLOGM
1114 395 1169 446 149

87 520 138 571 tra
154 508 279 569 facultas
296 512 447 585 organica,
466 514 566 584 utpote
586 510 769 584 impressioni
792 524 866 585 quae
886 510 1067 568 extrinsecus
1085 508 1171 568 adve-

88 608 137 665 nit
149 611 378 679 contemperata,
396 608 512 664 uouuisl
533 611 661 681 unium,
677 610 821 680 quantum
838 604 876 664 ab
893 604 1006 665 obiecto
1022 612 1168 681 movetur,

90 704 199 763 reterre
215 702 304 761 valet.

152 809 204 859 iis.
225 798 408 874 intelligendi
432 796 555 859 facultas
578 800 738 874 generatim
763 804 880 873 sumpta
903 814 954 874 per
978 804 1068 859 totam
1095 801 1170 857 entis

90 896 312 973 amplitudinem
326 896 503 971 speculando
520 898 677 971 spatiatur.
692 895 767 954 Nam
788 896 850 954 sive
870 910 991 971 corpom
1005 902 1170 970 sumantur,

91 1003 145 1055 aut
164 978 389 1070 spirltus,‘sire
409 993 589 1053 substantae
609 998 661 1052 aut
682 992 863 1068 qualitates,
884 995 947 1050 slve
967 1008 1012 1051 res
1034 998 1170 1063 creatae,

92 1095 157 1153 sire
175 1096 337 1165 increatae3
359 1090 434 1150 nibli
454 1090 561 1150 luorum
579 1092 724 1167 assignari
744 1094 859 1166 potest,
879 1092 958 1149 circa
976 1090 1056 1166 quod
1074 1091 1172 1167 aliquo

92 1194 193 1265 pacto,
213 1188 406 1247 intellectione
426 1184 477 1246 a'ut
498 1189 720 1245 ratiocinatione
739 1188 849 1244 versari
871 1202 1060 1261 nequeamus.
1078 1176 1173 1245 immo

95 1302 167 1346 reru
188 1288 231 1345 sie
254 1288 333 1344 circa
355 1302 415 1344 rem
438 1284 599 1360 quamlibet
622 1298 705 1343 meus
726 1291 905 1359 occupatur,
930 1290 963 1343 ut
988 1284 1059 1359 quid
1083 1300 1116 1341 ea
1137 1285 1176 1343 slt

93 1385 284 1459 lutrosploere
301 1388 427 1458 satagat.
444 1380 529 1441 Unde
544 1384 691 1458 sapienter
709 1380 740 1439 S.
756 1380 885 1439 Thomas
909 1383 1012 1439 usserit
1030 1379 1173 1439 obiectum

95 1480 259 1539 intellectus
274 1494 337 1539 esse
353 1476 433 1555 quod
448 1476 524 1555 quid
539 1482 595 1552 cst,
618 1476 729 1536 seilicet
740 1480 894 1536 essentiam
913 1483 964 1535 aut
982 1476 1174 1552 quiddiiatem

96 1578 152 1653 rel;
172 1584 259 1653 atque
278 1578 341 1635 cius
360 1582 480 1652 etymon
502 1576 540 1634 ab
559 1578 641 1634 intas
665 1572 788 1650 kpcndn
803 1574 931 1649 dedunt,
952 1582 1096 1651 quatenus
1115 1589 1174 1631 unu

96 1678 127 1731 iu
142 1675 250 1732 cortice
265 1674 371 1732 obtecti
383 1674 480 1747 sistat,
497 1670 549 1731 sed
560 1674 657 1747 ipsum
671 1674 752 1729 lutus
766 1677 894 1747 penetret
909 1670 945 1729 ad
960 1662 1176 1747 percipiendum

95 1770 168 1848 quid
188 1774 238 1830 sii.
260 1772 305 1831 lta
326 1788 393 1830 cum
414 1769 606 1846 intelligimus
625 1767 833 1843 substantium,
857 1775 908 1829 aut
927 1770 1108 1843 relationem,
1127 1776 1179 1827 ant

96 1868 252 1942 citatum,
271 1874 323 1927 aut
341 1875 474 1941 motum3
496 1868 539 1926 sle
563 1865 809 1943 apprehendimus
828 1857 941 1925 obiectu
959 1866 1124 1939 eiusmodi,
1144 1873 1179 1925 ui

97 1970 129 2025 lu
149 1981 209 2042 quo
227 1966 376 2039 almaini,
400 1982 452 2024 seu
466 1964 635 2025 corumdem
658 1971 793 2023 uatumm
809 1966 970 2039 cupiamus.
991 1964 1076 2037 Quod
1100 1970 1178 2039 patet

97 2066 214 2125 cuam
205 2080 235 2122 m
257 2062 399 2140 rudibus3
422 2065 473 2139 qui
495 2065 520 2122 sl
546 2065 602 2122 rite
621 2064 849 2139 interrogentur,
874 2060 1026 2137 apparebit
1047 2060 1177 2136 proiectu

98 2164 179 2238 ipsos
199 2160 360 2238 intelligere
381 2160 576 2221 substantiam
599 2167 750 2237 umquam
777 2158 886 2237 ailquid
905 2158 983 2235 quod
1005 2158 1105 2218 subest
1133 2174 1179 2218 uc·

99 2258 263 2318 uidentibus
282 2266 370 2335 atque
384 2258 451 2318 ideo
470 2261 500 2316 lu
520 2275 552 2317 sc
567 2257 729 2332 subsistat,
745 2256 914 2315 relationem
928 2262 1079 2331 tamquam
1098 2233 1178 2314 ordi·

101 2371 167 2414 uem
183 2357 272 2414 ouius
289 2355 327 2414 ad
343 2355 481 2429 alterurn,
498 2354 636 2414 ellectum
656 2360 809 2430 tamquam
826 2353 936 2429 ailquid
959 2351 1038 2428 quod
1055 2354 1179 2410 existere

100 2454 224 2527 incipiat
246 2457 465 2527 peractionem
489 2452 627 2528 alterius,
649 2459 761 2512 motum
784 2458 935 2528 tamquam
961 2452 1117 2510 transitum
1143 2449 1180 2508 ab

100 2565 161 2609 uuo
180 2556 259 2609 statu
284 2554 313 2608 iu
338 2551 448 2625 alium,
470 2557 558 2626 atque
578 2554 619 2608 lta
639 2549 676 2609 de
695 2551 799 2609 ceteris
822 2549 963 2624 exemplis
982 2563 1058 2623 quae
1078 2547 1178 2607 uisuri

102 2651 230 2722 possent.
256 2645 383 2720 Quodsi
407 2646 550 2705 eiusmodi
571 2645 706 2705 bomlucs
726 2648 756 2705 iu
777 2661 809 2705 se
831 2646 1004 2722 explicando
1027 2644 1180 2718 laborent-3

102 2743 133 2802 ld
156 2750 308 2819 propterea
333 2743 461 2818 assidit,
483 2746 553 2820 qula
573 2745 794 2804 exercitationis
822 2744 936 2802 delcem
960 2745 1092 2819 proprios
1113 2757 1181 2800 con·

102 2847 205 2916 ceptus
227 2840 378 2900 enucleare
400 2844 545 2901 nesciunt.
565 2843 664 2914 Quare
685 2859 754 2902 cum
776 2859 811 2902 ex
833 2857 892 2902 uua
913 2847 994 2917 parte
1019 2841 1183 2900 intellectus

103 2940 182 2996 circa
200 2938 350 3014 quodlibet
369 2955 422 2998 ens
437 2942 547 2998 versari
564 2943 668 3016 possit,
683 2945 712 2998 ct
724 2955 761 2998 er
780 2939 837 2998 ulia
856 2941 898 2998 slc
914 2941 990 2999 circa
1007 2942 1100 3014 ipsum
1119 2955 1181 2998 vcr-

2 3078 6 3099 ,
102 3042 194 3110 uetur,
212 3041 247 3094 ut
261 3037 324 3095 eius
345 3035 538 3112 quiddiiatem
559 3051 611 3096 scu
633 3039 775 3095 radonem
794 3038 899 3094 lutuerl
917 3038 1039 3112 nitatur;
1055 3052 1114 3094 nou
1139 3039 1182 3093 lu·

103 3139 298 3208 congruenter
316 3132 424 3193 dicitur
446 3133 594 3194 obiectum
617 3133 780 3193 intellectus
789 3149 860 3203 esse
881 3135 1040 3210 generatim
1060 3151 1110 3192 eus
1128 3133 1182 3190 sud

108 3231 223 3287 ratione
241 3233 331 3288 entia.
388 3225 397 3236 ⁶

165 3325 241 3385 ilinc
262 3333 360 3386 tamm
383 3343 419 3386 ue
438 3331 588 3388 existimes
609 3329 789 3388 iotciiectum
816 3332 946 3388 omnium
966 3305 1062 3387 rerum
1076 3346 1185 3406 ,quac

11 3447 16 3461 ·
103 3425 161 3500 ipsi
174 3422 363 3500 obiiciantur,
377 3429 477 3485 statim
492 3426 709 3503 apprehendere
721 3427 929 3503 quidditatem.
942 3427 1028 3502 Nam,
1042 3443 1108 3486 cum
1123 3431 1185 3486 eius

103 3523 245 3596 cognitio,
264 3528 298 3581 ut
315 3529 415 3598 postea
433 3523 578 3600 dicemus,
600 3525 722 3599 incipiat
745 3541 795 3600 per
820 3523 1047 3584 abstractionem
1066 3529 1187 3582 usensi-

104 3617 175 3691 bus3
190 3633 290 3678 rorum
306 3624 423 3678 uotum
438 3619 605 3679 immediate
618 3623 741 3696 percipit
760 3623 932 3696 essentiam,
946 3637 1021 3698 quae
1037 3628 1186 3699 tanquam

105 3713 254 3789 generales
268 3718 401 3775 dodones
413 3718 444 3775 iu
458 3715 580 3776 obiectis
593 3733 680 3776 sensu
697 3721 841 3794 perceptis
861 3718 1059 3795 implicantur,
1074 3726 1103 3778 ct
1112 3735 1188 3795 quae

106 3817 138 3869 ut
153 3811 223 3869 lude
239 3813 382 3872 resultent
399 3829 458 3872 nou
485 3817 540 3873 nisi
560 3813 757 3874 abstractione
785 3821 885 3892 egent.
909 3815 1083 3875 Huiusmodi
1106 3823 1186 3886 suot,

105 3923 152 3966 cx.
173 3923 220 3984 gr.
243 3911 317 3969 ratio
336 3913 423 3988 eutis,
443 3913 518 3971 rado
540 3911 734 3989 substantiae,
751 3915 827 3972 ratio
848 3913 1014 3990 qualitatis,
1037 3915 1111 3972 ratio
1127 3915 1187 3971 esi·

105 4007 239 4082 steutlae,
260 4010 333 4067 ratio
356 4011 490 4086 actionis,
511 4015 598 4086 alque
620 4009 690 4086 alia,
708 4025 784 4086 quac
802 4009 1077 4069 transcendentium
1099 4011 1212 4067 nollo--
