2892 4425
234 306 272 359 22
438 313 677 357 insuisuiiom
697 311 832 358 wiliel!
853 312 1105 358 mommsen

234 421 287 483 bus
313 425 430 483 tantum
450 423 576 483 rationis
597 423 697 499 viaet,
722 426 752 481 et
770 437 791 481 a
809 422 926 482 ratione
948 423 1016 499 ipsa
1035 423 1241 499 maaianinsr.
1259 420 1326 481 Vc*

231 522 333 580 sitatis
352 525 453 581 autern
473 523 641 597 assequutlo
661 520 801 597 utfinis,
821 536 908 597 quem
928 520 1040 599 laeua
1056 523 1183 598 specim.

294 616 451 679 Claritatis
469 617 573 696 aratia
590 616 732 697 loquum
749 617 877 679 induas
889 621 996 696 partes
1010 616 1215 695 diruam.
1233 615 1316 679 liant

232 712 303 775 ardo
322 714 375 775 ille
392 717 538 790 rationis,
562 731 620 793 aua
641 719 725 776 actm
744 718 852 777 menda
872 719 992 776 amirae
1009 718 1044 776 in
1062 717 1139 793 vesi,
1160 714 1242 793 qnod
1256 718 1314 776 ins·

232 810 360 873 mediate
371 830 431 873 non
442 816 558 890 pateat,
574 815 802 892 inuestiqatione
814 816 870 874 aut
881 812 1132 873 demonstratione
1144 812 1252 875 donam
1262 812 1316 873 de·

125 944 132 955 ·
236 909 321 985 lent,
346 909 388 969 ad
409 912 598 971 ratiocinium
622 909 741 972 tandem
759 910 930 986 ceccaum
951 909 1031 987 quad
1051 926 1153 987 restitit
1175 909 1316 987 W

234 1010 461 1068 instrumentum
481 1013 525 1068 cst
543 1012 679 1069 veritatis
692 1006 872 1085 deteamdae
883 1007 933 1067 oei
944 1006 1200 1069 demorutrandae.
1218 1007 1318 1069 liuius

232 1108 328 1182 icitur
354 1105 506 1167 exclusiva
527 1109 666 1167 tractatio
686 1108 819 1183 prim
842 1106 970 1183 Ionicae
989 1109 1107 1181 partem
1131 1107 1314 1178 constituet,

233 1218 310 1279 quae
323 1205 413 1263 etium
427 1204 579 1265 dialectico
595 1206 777 1278 nominatur,
798 1207 827 1263 et
839 1202 902 1262 dici
914 1206 1048 1281 poterit:
1063 1206 1208 1265 ratiocinii
1222 1206 1315 1263 scien

234 1302 286 1359 tia.
309 1298 426 1359 Adsunt
443 1304 598 1377 praeterea
618 1299 779 1359 nonnullae
791 1304 987 1378 quaestiones,
1009 1318 1086 1379 quae
1102 1304 1236 1361 reuocari
1248 1304 1317 1378 qui·

234 1396 301 1457 don
315 1396 356 1456 ad
370 1396 604 1480 neetapliysicam
613 1404 744 1475 possent,
760 1399 812 1458 sed
824 1402 913 1459 nimis
926 1404 1009 1461 arcte
1021 1416 1088 1459 osan
1101 1400 1212 1477 lecim
1229 1399 1317 1460 colli·

234 1500 358 1573 eantur.
379 1493 558 1555 Huimmodi
573 1498 655 1569 sunt,
673 1512 750 1573 quae
763 1495 862 1557 ideam
874 1500 949 1572 veri,
964 1496 1007 1556 ad
1017 1495 1097 1573 quod
1114 1512 1195 1555 niens
1211 1500 1319 1557 nostra

236 1592 349 1669 tendit,
375 1595 441 1653 uias
463 1591 571 1671 quibsrs
591 1591 665 1654 illue
688 1593 876 1671 adducimur,
902 1594 1111 1657 certitudinem
1134 1610 1225 1673 auam
1245 1593 1319 1655 inde

237 1692 427 1767 acquirimus,
447 1692 559 1751 umtioa
575 1690 683 1768 quibus
701 1694 735 1751 iu
750 1691 808 1753 tuac
820 1690 976 1770 adeptione
993 1695 1128 1768 nitimur,
1148 1696 1238 1769 atque
1250 1691 1319 1766 alio

237 1785 284 1848 tis
296 1786 410 1847 similia
423 1785 591 1848 enucleant.
607 1787 742 1848 Alteram
756 1792 852 1867 icitur
866 1789 993 1868 laeuae
1002 1793 1124 1866 partem
1133 1791 1253 1866 priamo
1266 1787 1318 1849 illi

235 1882 461 1961 culiunacmus,
483 1900 560 1962 qnae
580 1884 724 1949 cimmerii
744 1889 956 1949 controuersias
976 1886 1198 1966 complectatur,
1220 1892 1251 1947 ct
1268 1903 1320 1947 ru·

235 1979 348 2041 diorcm
361 1980 446 2041 illam
462 1984 667 2043 tractationem
678 1983 832 2044 absolvens
849 1984 942 2046 altius
961 1982 1175 2061 quodamnodo
1190 1987 1318 2045 mnan

231 2083 403 2161 promoveat
428 2096 552 2159 eamqsre
573 2081 819 2145 abstractionibus
839 2082 1060 2163 memphyticae
1078 2085 1318 2161 inuesiiaationi·

238 2177 393 2256 inaquosi
410 2175 561 2258 disponat.
581 2179 675 2256 Haec,
689 2182 716 2241 si
728 2180 842 2260 placet,
858 2178 977 2258 definiri
989 2184 1114 2260 posset:
1132 2182 1255 2242 suenus
1269 2195 1319 2242 co·

238 2293 302 2338 rum
324 2293 400 2354 quae
418 2277 457 2339 ad
478 2280 533 2338 rite
556 2273 789 2338 ratiocinandum
806 2280 982 2341 inserviunt.
1407 2335 1412 2345 .

296 2375 430 2454 Denique
448 2374 548 2453 quoad
564 2377 765 2454 comestionem
779 2375 866 2436 ittam
887 2381 989 2436 atrum
1005 2375 1117 2454 [caica
1136 2390 1187 2435 arc
1206 2376 1248 2434 sit
1266 2373 1319 2435 oet
1371 2362 1378 2376 '
1429 2410 1430 2413 =

237 2474 372 2548 emenda,
391 2471 517 2534 dicimus
537 2489 603 2534 eam
620 2477 778 2552 utrumme
789 2489 850 2534 esse
864 2472 920 2533 sul
936 2470 1055 2534 diversa
1067 2471 1314 2534 consideratione.

239 2570 314 2632 Cum
341 2573 420 2632 enim
438 2588 489 2632 ars
507 2570 588 2632 ninii
606 2574 648 2631 sit
666 2569 754 2632 atiud
773 2573 834 2631 nisi
854 2569 1000 2649 quaedam
1020 2569 1170 2631 ordinatis
1190 2570 1319 2628 rationis

237 2685 298 2748 qua
316 2667 416 2730 media
436 2666 636 2746 disponuntur
648 2673 685 2729 ut
701 2668 743 2728 ad
754 2668 989 2746 debitumstncm
1006 2670 1087 2728 actio
1101 2665 1235 2726 linusano
1249 2683 1318 2743 per·

237 2767 355 2840 vmiat;
366 2761 501 2843 prosecta
514 2766 625 2843 Loaica
642 2782 718 2843 atrae
730 2771 817 2826 acius
834 2769 913 2843 ipsos
931 2767 1060 2826 rationis
1078 2763 1188 2842 disicit
1209 2768 1246 2824 ut
1266 2779 1318 2822 ae·

238 2879 305 2922 nem
321 2866 526 2942 assequantur,
544 2866 620 2924 artis
638 2866 785 2925 notionem
801 2863 941 2924 includit.
958 2863 1053 2923 Imnso
1066 2859 1122 2922 lsoc
1133 2863 1251 2922 nandne
1268 2859 1317 2920 di·

239 2959 332 3020 cendo
344 2965 454 3021 estam
473 2963 600 3036 artium,
620 2963 728 3040 quippe
745 2978 821 3039 quae
839 2961 951 3041 influat
964 2962 999 3022 in
1011 2975 1110 3023 omnes
1129 2963 1221 3019 artes.
1242 2956 1319 3020 cum

171 3051 175 3058 '
197 3082 202 3106 s
239 3059 317 3118 enim
334 3061 419 3116 acnn
437 3059 514 3134 ipses
531 3059 657 3120 rationis
675 3057 804 3134 ardirset5
822 3056 857 3118 id
872 3056 1003 3132 ordinat,
1017 3073 1038 3116 a
1054 3072 1113 3134 ossa
1125 3059 1206 3116 arta
1218 3070 1321 3115 mutes

232 3155 471 3232 proficiscuntur.

299 3252 403 3314 Habet
414 3254 533 3330 pariter
546 3251 724 3332 dianilalem
737 3255 898 3329 scientim,-
911 3251 1057 3330 siquidem
1067 3267 1125 3329 per
1137 3250 1320 3311 denmrutra-

242 3354 349 3413 ts'onem
363 3351 522 3431 procedit,⁸
542 3351 753 3415 demorunatio
765 3356 866 3412 autem
877 3353 1032 3412 scientiam
1045 3352 1143 3429 parit,
1165 3363 1240 3426 quac
1253 3347 1319 3424 aui·

240 3449 306 3510 dem
316 3449 397 3514 nidil
409 3456 452 3512 est
463 3450 551 3514 aliud
560 3469 649 3531 quam
661 3453 792 3528 counitio
800 3467 856 3528 per
866 3449 1145 3512 demonstrationem
1156 3445 1319 3524 acquisita.
1429 3444 1430 3449 ’
