2892 4425
240 388 296 442 122
562 386 802 473 mdlimml
822 388 984 435 meidlai}

237 506 269 562 in
288 498 374 561 nobis
391 504 453 575 ost,
473 499 582 576 qnippe
593 512 671 576 quse
688 514 750 558 non
770 512 788 557 a
808 496 894 558 nobis
914 496 1026 559 sedat
1046 496 1142 557 atiena
1162 498 1319 558 amrium

237 600 400 675 proveniat,
417 596 466 655 iiie
485 602 588 656 eontra
605 612 664 655 non
678 598 762 672 item,
777 595 921 672 siqnidem
936 610 995 655 non
1018 593 1056 655 ab
1068 596 1212 655 exteriore
1231 595 1318 656 oirie·

237 704 286 757 eto
305 694 355 755 sed
375 708 394 753 a
413 695 566 755 sentientis
581 696 733 753 aotidtate
753 692 961 769 prodeisoitur.
982 693 1046 753 Etsi
1074 696 1170 768 eninr,
1190 700 1225 753 ut
1244 699 1315 753 aute

237 794 316 868 diui,
336 808 396 851 non
416 791 599 866 effloresost,
620 792 678 849 nisi
698 796 868 867 antegressa
888 792 1042 871 impressio
1063 794 1119 850 sit:
1140 796 1255 865 tarum,
1276 804 1314 849 sa

237 892 344 966 posita,
358 904 396 949 ex
411 888 526 951 notione
549 886 677 963 quadarn
692 886 832 962 siiieitnr,
855 901 914 963 qua
938 886 1100 946 subiectum
1127 888 1255 946 sentiens
1279 889 1314 945 in

236 987 398 1062 obtortum,
418 984 499 1063 quod
518 985 654 1059 iniiorit,
671 984 890 1060 quodammodo
906 1000 1029 1061 reagens
1040 985 1115 1044 iiiud
1130 985 1186 1043 siiri
1200 1000 1314 1061 reprae-

236 1090 340 1145 sentet.
362 1084 397 1144 id
408 1099 480 1142 vero
491 1098 579 1141 omne
590 1098 649 1141 nou
666 1080 772 1141 obieeti
786 1080 866 1159 quod
879 1084 1016 1157 sentitur,
1032 1081 1083 1141 sed
1097 1082 1217 1141 maisou
1232 1082 1314 1157 quod

237 1184 326 1243 sentit
344 1187 389 1241 est
407 1196 492 1257 opas.
511 1182 612 1256 ipsum
631 1183 709 1238 enim
732 1195 834 1239 revere
851 1180 989 1256 estquod
1008 1182 1200 1239 sensationem
1219 1180 1313 1256 eiiott,
1383 1178 1387 1186 '

236 1294 313 1356 qnae
330 1284 431 1355 utpote
448 1279 524 1337 aetio
542 1276 641 1336 vitatis
661 1290 679 1335 a
698 1278 730 1335 ni
748 1278 863 1337 interna
885 1277 1019 1353 snbieeu,
1034 1276 1112 1353 quod
1127 1276 1230 1353 affluit,
1246 1292 1314 1354 pm·

236 1377 337 1437 eadere
360 1376 456 1436 debet.

296 1474 362 1547 Qun
381 1476 412 1531 in
432 1488 465 1531 re
482 1487 584 1531 eorum
604 1470 805 1550 eoargnendus
817 1476 862 1531 ast
882 1487 975 1549 error,
990 1474 1041 1556 qui
1055 1477 1155 1531 aetum
1169 1470 1315 1530 sentiendi

237 1569 276 1630 ed
295 1576 406 1628 motum
426 1566 599 1629 dbriiiarnm
627 1569 675 1628 vei
699 1568 808 1629 eerehri
831 1571 1004 1629 reeotionem
1027 1574 1210 1628 revoeamnt.
1233 1568 1317 1628 inter

237 1681 312 1743 qnos
330 1665 429 1742 Traey
448 1665 521 1729 adeo
541 1665 681 1742 desipuit,
703 1672 738 1725 ut
755 1666 974 1725 sensibiiitatem
998 1669 1028 1725 in
1048 1668 1188 1741 temperie
1213 1680 1315 1741 eorpo-

237 1764 279 1821 ris
298 1761 517 1839 reponendam,
538 1778 662 1839 eamque
677 1766 710 1822 iu
736 1769 842 1822 natura
859 1762 967 1839 ubique
993 1760 1134 1839 diiinaam
1152 1776 1215 1821 esse
1235 1778 1315 1822 asse·

238 1861 329 1919 ruerit
350 1864 373 1918 ¹.
390 1859 430 1919 m
446 1875 536 1935 mam
558 1860 772 1919 inconsiderate
788 1862 941 1936 inepteque
955 1859 985 1918 id
998 1858 1112 1918 dietum
1126 1860 1166 1918 sit
1184 1858 1316 1918 inenien-

239 1961 285 2015 ter
305 1962 435 2033 apparet.
461 1955 538 2015 Nam
555 1958 706 2032 temperies
724 1955 799 2015 nihii
816 1956 896 2016 aiiud
914 1955 1043 2031 proferto
1056 1954 1236 2032 suppeditat,
1256 1958 1315 2015 nisi

238 2052 456 2129 dispositionem
471 2051 792 2128 eoniommtiousmque
810 2054 937 2128 partium
957 2053 1152 2127 diuersurum,
1164 2051 1317 2111 undeoor·

238 2164 294 2226 pus
317 2148 524 2209 eoaieseit.1n
550 2164 587 2209 ea
611 2164 684 2208 uero
705 2164 765 2207 uon
788 2148 867 2209 aiiud
895 2150 1041 2226 oernitur,
1068 2150 1125 2208 nisi
1147 2154 1199 2207 aut
1217 2147 1316 2207 direr-

238 2263 338 2308 sarum
351 2249 520 2325 aggregatio
534 2248 675 2323 partium,
689 2252 742 2305 aut
762 2241 833 2305 ordo
854 2248 884 2305 in
907 2251 1011 2306 mutua
1024 2244 1190 2305 earumdem
1202 2243 1316 2303 distan-

237 2348 293 2423 tis,
307 2362 342 2406 er
358 2361 418 2422 qno
433 2346 530 2423 iigura
543 2347 675 2422 situsque
685 2344 830 2403 dimanat.
856 2343 897 2402 At
915 2359 986 2402 uero
1001 2357 1086 2402 nemo
1106 2356 1164 2401 nou
1177 2341 1317 2417 perspieit

238 2441 308 2502 inde
323 2442 397 2503 nihii
417 2459 571 2503 commune
584 2447 637 2502 aut
653 2441 743 2501 aidne
763 2456 831 2500 oum
848 2443 1012 2500 moratione
1032 2438 1176 2516 praeberi.
1198 2436 1316 2496 Etenim

238 2542 366 2601 martio
387 2555 447 2600 non
464 2543 495 2599 in
516 2539 613 2617 figura
634 2539 733 2616 aiiqua
756 2544 809 2598 ant
833 2542 954 2596 externa
979 2537 1119 2596 relatione
1139 2535 1314 2609 distantiae,
1341 2597 1345 2602 ,

238 2639 339 2698 sedin
358 2641 528 2714 operatione
544 2639 602 2696 sita
613 2643 671 2711 est,
691 2651 751 2713 qua
771 2638 867 2712 ipsum
888 2634 1063 2709 subiectum,
1080 2630 1162 2708 quod
1182 2633 1255 2708 agit,
1269 2633 1315 2690 in·

224 2717 383 2794 ¹'trinsecus
403 2732 531 2793 sidoitur
558 2740 589 2793 et
610 2732 724 2792 obieeta
744 2748 761 2791 a
784 2747 816 2791 se
831 2731 969 2790 distinete
985 2728 1187 2805 deprehendit.

298 2831 360 2890 Nee
379 2831 461 2890 dieas
481 2830 702 2890 sensibiiitatem
723 2830 756 2888 iu
780 2830 910 2904 eorporis
929 2831 1158 2903 temperamento
1177 2825 1317 2885 eoiioeeri
1349 2891 1353 2898 ,

237 2941 342 3003 posse,
357 2942 416 2985 non
436 2933 523 3002 prout
543 2927 606 2987 soia
624 2929 688 2987 eius
707 2931 856 2987 struotura
875 2925 1040 3001 inspioitur,
1060 2923 1112 2982 sed
1130 2927 1217 2998 prout
1240 2923 1316 2997 apti·

238 3022 311 3081 tudo
330 3021 531 3081 consideratur
550 3020 589 3081 ad
606 3021 741 3081 utendum
762 3027 886 3095 motum,
908 3020 986 3097 quod
1006 3019 1083 3080 idem
1101 3025 1146 3079 est
1164 3033 1199 3078 ae
1217 3033 1316 3077 sensa·

239 3121 349 3180 tionem
372 3121 403 3177 in
428 3125 510 3178 motu
533 3133 682 3194 reponere.
706 3117 781 3177 Nam
808 3125 870 3178 toto
890 3119 970 3178 eoeio
989 3119 1140 3193 utriusque
1160 3119 1318 3190 ooneeptus

238 3223 270 3277 et
291 3223 397 3276 natura
415 3215 617 3292 distinguitur.
641 3214 685 3274 Ao
698 3229 789 3291 sano,
809 3219 906 3274 motus
918 3229 955 3274 ex
969 3215 1107 3290 temperie
1120 3211 1251 3288 eorporis
1265 3217 1319 3270 aut

238 3319 360 3374 externo
382 3312 546 3390 impetiente
564 3313 763 3388 proveniens,
782 3314 844 3391 sire
868 3314 983 3372 actione
1009 3313 1152 3387 eogitetur
1171 3308 1235 3366 sire
1254 3321 1317 3366 rea·

239 3413 353 3487 ctione,
373 3410 455 3469 aiiad
472 3409 545 3468 nihii
565 3407 673 3485 oiiert,
686 3411 745 3469 nisi
762 3409 836 3468 itum
857 3397 1040 3483 reditumque
1059 3407 1184 3482 partium
1206 3419 1243 3462 ex
1258 3418 1319 3462 uno

239 3507 304 3566 ioeo
324 3506 363 3566 ad
382 3508 489 3583 utiam,
509 3508 697 3582 varieturque
714 3505 877 3565 directione
896 3511 948 3565 ant
971 3505 1125 3563 vetor-,itate
1150 3501 1315 3560 dumtaxat.

240 3602 280 3662 At
297 3603 440 3663 sentiendi
463 3609 546 3663 sotus
565 3603 640 3663 nihii
658 3602 746 3661 hebet
766 3601 919 3662 eiusmodi.
945 3601 1001 3660 Per
1027 3603 1121 3676 ipsum
1141 3601 1220 3658 'euim
1244 3596 1340 3656 nihii·

231 3699 325 3774 'piam
345 3700 542 3776 transfertur,
562 3715 617 3760 nee
635 3700 815 3760 aoeeieratur
832 3698 943 3774 aiiquid
964 3704 1016 3759 aut
1036 3694 1319 3757 retardatur.1tem·

239 3811 297 3872 que
319 3811 414 3875 neque
434 3797 619 3858 dextrorsum
640 3798 734 3858 cietur
753 3801 806 3857 aut
825 3797 1050 3870 sinistrorsum,
1081 3810 1136 3854 neo
1153 3797 1233 3852 resta
1252 3803 1319 3866 pro·

300 4013 313 4058 i
326 4009 412 4062 treet.
425 4009 458 4060 de
477 4009 582 4068 Veteri,
595 4009 615 4058 i.-
625 4015 649 4071 t,
661 4022 687 4071 p.
704 4015 741 4058 ie.
