2892 4425
354 349 432 394 PAR!
450 349 564 394 mm
584 361 598 376 ·
617 349 798 394 antomon
820 351 999 396 llffllnlrls
1157 343 1211 395 311

142 483 156 512 ι
179 457 278 534 luerit,
299 456 526 534 damnabitur,
546 463 577 518 et
599 458 626 516 si
646 456 879 536 adaequabitur,
902 474 962 518 non
984 441 1041 518 erit
1058 459 1117 520 iam
1138 473 1216 520 uum-

142 572 261 616 ·mnm
287 571 448 639 magnum,
466 570 570 616 euersa
595 555 775 631 conditione,
809 562 839 614 et
863 562 898 616 nt
922 558 963 616 ita
980 555 1107 616 dixerim
1133 557 1215 634 lege,

142 678 156 704 ι
176 668 254 730 quur
271 668 388 714 summo
411 667 520 729 magno
545 651 619 712 nihil
646 654 718 712 stult
741 649 910 729 adaequari.
938 652 1015 730 Ergo
1038 655 1158 715 untenm
1177 657 1216 717 sit

142 772 157 811 ι
177 766 295 814 amarae
311 758 358 810 eat
372 750 452 829 qpod
473 751 562 812 luerit
585 767 734 812 summum
754 767 903 828 manum.
924 751 988 810 Duo
1008 764 1078 830 ergo
1098 769 1215 814 summa

142 871 155 896 a
178 863 286 925 magna
303 849 451 925 quomodo
470 851 642 924 eonammnt,
665 865 733 910 oum
760 849 817 910 hoe
833 851 872 910 stt
893 864 1040 909 summum
1060 865 1211 928 mrgnum:

143 967 157 996 ι
179 959 232 1020 par
258 944 546 1022 nonhaberelpur
571 953 754 1006 autemnon
780 941 886 1006 habore
917 949 968 1004 uni
995 954 1158 1022 competat,
1185 949 1215 1006 lu

143 1065 157 1092 ι
178 1040 293 1103 dnobus
310 1058 376 1104 enne
394 1042 476 1110 nulio
496 1043 584 1104 modo
603 1046 696 1120 posuit
712 1046 746 1102 ¹i
769 1068 781 1094 υ

198 1137 343 1217 modo,
363 1141 390 1200 ai
411 1139 489 1200 Deos
501 1146 547 1203 eat
568 1157 620 1202 ena
635 1141 848 1216 nummarium,
863 1156 941 1226 unus
962 1137 1122 1202 eruptura
1135 1139 1214 1202 enim

139 1251 203 1296 este
219 1237 300 1304 enda
320 1239 485 1296 amatoria
502 1235 591 1312 pluam
615 1244 771 1313 repugnat.
796 1237 889 1314 Num,
906 1253 974 1298 eum
992 1235 1065 1298 haee
1087 1240 1214 1298 invicem

137 1333 258 1394 differre
277 1341 433 1410 oporteret,
454 1333 585 1410 protento
598 1333 641 1409 id,
659 1335 690 1392 iu
707 1349 768 1410 quo
790 1333 957 1412 dillerreut,
979 1341 1127 1396 anteeant
1151 1333 1217 1412 ipsa

138 1430 283 1490 mittendi
305 1433 475 1508 nenessitas,
495 1437 548 1493 aut
565 1431 676 1508 aliquid
701 1433 729 1490 ei
752 1431 985 1508 superadditum.
1008 1430 1139 1493 Primum
1156 1432 1216 1492 diei

137 1527 259 1601 nequit,
282 1528 426 1588 mutendi
444 1530 523 1588 enim
544 1530 705 1590 amussim
728 1530 759 1588 in
785 1528 923 1589 omnibns
947 1531 1066 1605 reperiri
1086 1529 1214 1606 deberet,

138 1623 281 1700 siqnidem
298 1631 368 1684 uota
380 1632 425 1686 ent
436 1625 600 1686 diuinitatis
620 1627 749 1702 propriu.
765 1623 903 1701 Superest
915 1641 986 1702 ergo
1005 1625 1142 1686 alterum.
1158 1624 1215 1686 Sed

138 1735 234 1798 neqm
252 1719 309 1781 lune
328 1721 509 1784 absurditate
527 1729 624 1784 vueat.
648 1723 724 1783 Nem
748 1724 774 1782 sl
793 1737 894 1782 eornm
912 1719 1082 1784 dlllerentla
1104 1723 1215 1800 aliquid

129 1825 183 1880 est
206 1819 351 1880 existendi
375 1823 540 1882 nenessitatl
563 1821 808 1898 superadditum,
832 1823 937 1897 ¹quaeri
965 1820 1087 1899 ulterius
1120 1826 1215 1896 potent

138 1932 211 1978 num
229 1917 261 1978 ld
274 1916 313 1977 ab
336 1920 401 1993 ipsa
419 1918 564 1992 existendi
582 1921 755 1980 nenessitate
775 1919 950 1993 manaverit,
971 1933 1011 1977 an
1032 1913 1150 1978 aliunde
1170 1919 1214 1978 in·

14 2041 19 2046 ·
138 2012 258 2074 ductum
278 2012 377 2075 luerit.
394 2015 425 2074 st
447 2016 586 2090 primum,
601 2014 738 2074 omnibus
762 2017 980 2090 inerit30mnes
1000 2016 1078 2074 enim
1099 2015 1129 2072 in
1152 2015 1215 2074 exi··

138 2110 233 2172 utendi
254 2115 426 2174 neeeaaltate
444 2113 634 2171 conueniunt.
655 2111 706 2170 Sin
732 2111 869 2187 alterurn,
891 2109 1003 2186 aliquid
1021 2111 1051 2170 in
1069 2111 1147 2186 ipsos
1166 2108 1214 2168 nd·

138 2211 251 2269 reniret
274 2211 465 2269 extrinsecus.
488 2207 529 2267 dt
547 2226 620 2269 uero
638 2208 668 2269 id
688 2211 819 2271 omnino
833 2216 990 2287 repugnat,
1009 2209 1163 2285 tumquia
1183 2209 1212 2267 in

138 2314 205 2369 aute
224 2308 387 2367 neememio
412 2306 485 2365 nihil
514 2304 609 2367 inesse
633 2314 749 2383 potest,
770 2308 848 2383 quod
868 2306 906 2367 ab
937 2308 1001 2367 eius
1021 2312 1127 2367 nutura
1154 2320 1213 2364 non

138 2404 228 2480 duat,
249 2411 312 2465 tum
334 2405 405 2483 qnln
425 2405 454 2462 in
479 2404 529 2465 illa
550 2404 706 2481 hypothesi
727 2408 835 2467 aetiani
852 2406 1004 2465 exterioris
1026 2418 1132 2464 causae
1147 2402 1214 2463 sun

136 2504 271 2563 iieeretur
289 2502 387 2579 quoad
405 2503 577 2574 epistentiae
594 2502 878 2578 determinationem,
897 2510 985 2578 atque
1006 2500 1071 2561 ideo
1091 2516 1150 2559 noa
1171 2515 1213 2557 ea·

137 2605 184 2661 ret
201 2616 223 2657 o
242 2616 273 2659 re
289 2615 343 2659 seu
365 2614 423 2659 non
446 2604 525 2661 earet
545 2599 671 2674 amplius
693 2615 746 2659 eus
767 2601 973 2659 necessarium.

196 2696 313 2771 Tertio,
337 2713 373 2757 ex
394 2698 514 2758 notione
538 2696 622 2755 lintis
644 2695 769 2759 amuleti
793 2697 955 2759 luculenter
976 2695 1078 2757 eadem
1104 2698 1212 2755 veritas

20 2865 25 2873 ,
135 2794 304 2856 ellloresolt
322 2794 398 2855 Nam
417 2794 584 2854 absolutum
605 2794 662 2855 hoo
680 2794 737 2855 sibi
755 2794 898 2869 vindieat,
920 2800 953 2853 ut
972 2793 1011 2853 ud
1028 2778 1212 2855 antemodani

137 2894 251 2955 nulium
275 2892 332 2953 sibi
354 2899 505 2955 externam
524 2893 721 2953 eruditionem
748 2893 890 2969 postulet·
915 2892 948 2953 ld
969 2908 1039 2953 voro
1061 2894 1090 2952 in
1117 2892 1213 2953 multi·

136 2991 238 3052 tudine
258 2990 386 3051 Deorum
408 2993 529 3051 minime
548 2993 639 3067 viget.
661 2990 777 3051 Etenim
798 3006 866 3051 oum
891 2989 968 3051 Deua
994 2992 1035 3051 sil
1063 2990 1116 3065 id,
1133 2988 1214 3066 qnod

136 3104 253 3151 menae
270 3095 317 3149 eet
333 3105 409 3165 esse,
429 3092 456 3149 ei
484 3088 581 3164 plum
602 3095 700 3149 esseut
715 3088 782 3165 Dii,
797 3088 898 3149 eadem
918 3091 1044 3165 ratione,
1058 3104 1116 3165 qua
1135 3089 1214 3164 quia·

135 3202 194 3264 que
212 3193 299 3263 esset,
314 3187 418 3264 reliqui
434 3189 523 3247 ettam
540 3192 656 3245 exstare
673 3185 821 3247 delerent.
843 3185 992 3247 Existendl
1013 3188 1091 3246 eninr
1112 3200 1212 3245 nmen·

136 3286 209 3348 alten
229 3284 285 3345 hoo
305 3286 368 3360 ipso
387 3284 467 3361 quod
486 3282 595 3344 iaceret
615 3290 648 3343 ut
673 3285 796 3359 quiaque
816 3289 913 3357 esset,
936 3282 1044 3367 fuceret
1070 3284 1158 3343 etlam
1180 3286 1213 3342 ut

136 3387 234 3441 ment
250 3381 365 3459 reliqui.
385 3383 421 3442 In
439 3384 504 3457 ipsa
521 3383 612 3457 igitur
630 3382 786 3463 existentia
806 3383 958 3457 cuiusque,
978 3382 1148 3440 existentiae
1168 3394 1213 3439 eo-
1239 3432 1246 3443 .

134 3486 263 3543 tororum
283 3479 414 3559 oondltio
428 3479 644 3556 implicaretur,
661 3484 750 3557 atque
770 3476 835 3537 ideo
851 3477 1034 3553 singulorum
1055 3476 1212 3538 existentia

134 3591 195 3635 non
214 3584 290 3636 meet
308 3575 453 3636 absoluta.
475 3576 572 3649 Quare
591 3578 654 3635 lure
674 3576 836 3650 meritoque
856 3572 1054 3633 Tertullianus
1081 3572 1146 3633 loro
1165 3588 1212 3633 aa·

134 3688 189 3749 pra
207 3674 307 3733 eitam:
333 3697 346 3724 ι
360 3672 450 3748 Dens,
471 3674 580 3748 inquii,
604 3674 630 3731 sl
653 3687 713 3730 uon
742 3686 818 3731 unus
838 3675 893 3745 est,
915 3684 975 3729 non
995 3675 1050 3729 est.
1072 3670 1149 3743 Quia
1167 3668 1212 3727 di-

138 3794 152 3819 α
175 3771 262 3847 quius
282 3768 428 3830 eredimus
447 3785 506 3828 nou
527 3785 602 3846 esse,
614 3769 819 3845 quodcumque
840 3783 898 3825 non
918 3768 961 3827 lta
982 3766 1086 3841 luerit,
1102 3771 1135 3824 nt
1147 3778 1211 3822 esso

140 3891 152 3917 a
176 3866 335 3927 debebit.»

178 3966 263 4031 'idid
287 3985 410 4033 trontra
425 3983 596 4041 liureioueuu,
616 3992 639 4029 o.
663 3986 686 4028 t.
