2892 4425
244 348 282 400 ii
713 354 847 426 morose

303 463 397 530 onoc.
414 463 453 526 V.
467 464 669 562 nonomine
680 465 825 524 emunitus
838 463 1031 524 demonsnnri
1048 479 1108 522 non
1122 469 1225 540 potest.
1242 465 1315 546 Ergo

244 569 340 624 nutrit.
360 562 482 640 Deinde,
494 568 529 624 ut
547 564 620 624 uerti
637 565 731 628 nimus
748 577 803 622 uon
820 563 1028 622 mordentium
1049 561 1156 622 hebere
1171 563 1258 624 huius
1271 565 1315 625 rei

241 661 363 722 ulterius
378 659 555 737 niieetioniu,
575 661 635 726 nito
655 659 851 735 indigeremus
869 661 1061 736 mandentis,
1078 666 1107 719 et
1125 677 1177 735 pro
1195 661 1251 722 hoe
1265 665 1315 723 ite-
1437 679 1438 682 ¹

244 774 309 819 rum
329 759 408 836 niis,
427 765 516 835 utque
533 761 575 820 itt
596 773 769 835 progressus
792 759 896 818 instrui
918 763 1015 833 posset
1034 761 1098 818 siue
1118 758 1186 820 tine.
1206 760 1250 820 Ne
1263 761 1314 837 igi·

243 859 340 941 turin
360 855 520 918 shsuidnm
538 856 682 918 dnsmodi
701 839 884 932 deinhumnr‘,
907 855 1063 918 dioendnm
1081 863 1126 918 est
1143 859 1238 934 potins
1256 875 1314 920 non

243 970 314 1014 mse*
324 958 520 1018 ennsdentine
538 955 700 1018 fidendum.
875 956 879 966 '

306 1053 393 1131 iiesp.
417 1053 551 1115 obiectio
569 1057 600 1113 in
623 1053 698 1113 iniso
714 1051 987 1115 huntendunensi
1006 1054 1123 1129 nititur,
1137 1053 1216 1130 qnod
1236 1053 1317 1131 quid·
1394 1051 1397 1056 '

243 1153 314 1231 quid
326 1171 386 1217 non
402 1155 631 1229 demonstretur,
649 1151 680 1212 id
694 1153 816 1216 minime
833 1153 873 1215 sit
886 1158 1016 1227 oertum3
1039 1167 1098 1228 quo
1113 1152 1233 1228 quidem
1246 1151 1316 1210 nihii
1437 1151 1438 1160 ’

243 1251 398 1314 obsurdins
419 1252 478 1312 dini
496 1259 601 1330 potest.
620 1249 662 1312 Ut
680 1252 760 1312 enirn
780 1249 965 1311 ostendemus
987 1249 1129 1325 iuferius,
1151 1253 1208 1311 nisi
1230 1266 1317 1326 queo·

242 1350 311 1410 duur
335 1357 434 1413 numni
457 1352 594 1414 veritates
615 1351 657 1409 ite
677 1365 730 1425 per
752 1363 785 1408 se
808 1357 894 1409 notos
915 1355 944 1408 et
967 1355 1081 1424 nerine,
1109 1355 1143 1408 ut
1164 1351 1316 1411 rutiooinu·

118 1456 123 1464 '
243 1453 322 1510 tione
338 1450 451 1511 iirmnri
472 1464 532 1510 non
554 1453 675 1524 egenum
698 1463 737 1508 ne
756 1447 983 1510 demonstrando
1002 1447 1120 1523 quidem
1142 1450 1213 1506 uerti
1234 1449 1317 1525 qnid·

243 1549 321 1622 mom
350 1547 452 1608 efferri
486 1563 614 1622 unquam
644 1553 751 1621 ponet.
785 1546 901 1612 Etenim
931 1545 1139 1610 demonstratio
1175 1549 1316 1622 principis

243 1644 381 1704 subaudit
404 1645 544 1719 indubie,
570 1660 646 1720 queo
669 1644 787 1703 niinnde
810 1647 927 1714 minime
948 1629 1143 1708 deducantur.
1167 1647 1229 1708 laur
1250 1661 1319 1706 vero

243 1742 275 1800 in
288 1741 393 1802 hornut
407 1757 530 1802 numero
545 1741 645 1810 heberi
658 1741 744 1802 debet
760 1745 954 1805 eonscientiae
968 1745 1179 1819 testimoninm,
1193 1760 1251 1821 qno
1269 1761 1319 1804 no

244 1839 380 1923 bisqniirii
397 1848 442 1903 nst
461 1842 605 1917 intimius,
625 1841 701 1903 ninii
718 1841 893 1904 evidentius.
911 1843 1008 1915 Qusre
1027 1843 1106 1918 quod
1122 1859 1181 1906 uon
1200 1844 1318 1904 demon-
1433 1887 1438 1902 t

244 1946 370 2016 stremr,
390 1940 421 2000 td
438 1956 475 2006 eu
495 1955 611 2000 summu
630 1943 723 2016 ipsius
742 1944 836 2003 oritnr
854 1944 1077 2018 perspicuitate,
1103 1958 1178 2019 quoe
1199 1941 1317 2002 aliunde

243 2036 371 2098 derisuri
387 2054 447 2099 non
464 2038 601 2114 posmint.
621 2037 682 2101 Neo
701 2038 770 2100 inde
787 2039 945 2116 quidquem
964 2041 1027 2100 eins
1043 2039 1173 2100 firmum
1191 2040 1319 2103 durani-

242 2143 307 2212 inr3
321 2135 567 2212 quemadmodum
588 2152 647 2198 non
664 2144 813 2214 tenuatur,
833 2137 885 2198 nod
905 2137 1125 2202 commendetur
1137 2141 1235 2215 potins
1249 2138 1319 2204 uotis

243 2236 374 2312 einritns,
387 2234 468 2313 qnod
481 2236 540 2297 nite
553 2236 617 2303 ineo
635 2252 694 2298 nou
710 2236 906 2300 noiiustretur.
921 2235 969 2295 Sto
984 2238 1073 2314 igitur
1089 2236 1254 2315 diutinorum
1266 2252 1319 2297 us·

245 2332 396 2396 mederis:
417 2336 615 2399 anomntiue
645 2338 788 2397 sorneitns
809 2336 1003 2401 demonstrari
1026 2354 1084 2403 non
1113 2330 1224 2413 potest,
1251 2338 1322 2412 quin

244 2450 303 2496 non
318 2442 395 2513 eget,
410 2440 509 2511 utpote
526 2434 691 2503 immediate
708 2443 824 2512 potens,
839 2452 919 2501 eone.
927 2454 941 2511 ,·
954 2452 1021 2497 enm
1036 2444 1130 2514 egent,
1145 2451 1230 2513 sepo.

304 2532 351 2601 td
374 2534 498 2598 ultorum
520 2549 641 2609 repones
663 2536 871 2599 oonseientinm
891 2542 956 2600 tum
976 2538 1023 2597 sni
1045 2542 1107 2599 turo
1127 2536 1252 2599 eiinrour
1275 2532 1321 2595 in·

243 2631 386 2693 enintnm
408 2640 493 2694 entm
517 2632 690 2707 munuum,
714 2650 768 2697 neo
794 2633 915 2707 proinde
940 2634 1035 2697 uiteno
1062 2650 1147 2707 egere
1173 2632 1317 2699 suntin.

244 2732 318 2791 Cum
343 2732 423 2793 onim
445 2733 492 2789 sis
512 2730 656 2805 quuednrn
679 2732 719 2791 tii
745 2729 930 2803 retinentum,
954 2735 983 2791 et
1007 2744 1060 2803 pro
1081 2729 1195 2793 umento
1214 2730 1322 2789 hubent

246 2828 408 2906 quemlibet
427 2830 519 2890 enimi
544 2827 750 2902 niieeuonernt
770 2828 800 2891 iu
820 2830 923 2901 semet,
947 2824 1086 2900 quamdin
1113 2826 1204 2899 iubet,
1226 2826 1323 2888 redire

243 2931 339 3002 potest
364 2931 454 3002 etque
479 2928 574 3001 ipsum
601 2940 688 3014 sunm
711 2916 876 2986 oonsoie'ndt
901 2930 998 2984 seium
1026 2924 1131 2985 iterum
1156 2926 1324 2999 iterumque

244 3024 417 3101 pertingere.
439 3022 480 3084 ut
501 3024 591 3099 igitur
609 3022 647 3082 de
665 3023 843 3083 eonscientiu
858 3026 929 3083 oerti
947 3024 1050 3096 simut,
1071 3038 1130 3087 non
1151 3036 1229 3087 noun
1245 3036 1323 3097 opus

243 3126 288 3181 est
305 3120 458 3198 inusitate,
477 3119 528 3179 sed
548 3135 626 3180 novo
644 3118 800 3183 durntuxnt
819 3120 947 3181 eiusdem
967 3120 1115 3185 ineuitutts
1138 3126 1216 3184 ectu.

301 3218 397 3281 obite.
422 3219 475 3280 vt.
497 3220 680 3282 Conseierrtin
702 3234 756 3280 neo
778 3218 967 3285 eruptionum
989 3222 1169 3282 internorum
1192 3234 1323 3296 musas,
1403 3226 1429 3235 ”

242 3334 298 3381 nen
316 3317 459 3394 modum,
481 3332 541 3394 quo
557 3322 735 3392 excitentur,
756 3335 810 3379 nee
833 3322 917 3384 euius
933 3326 1055 3379 nntnrnn
1076 3322 1156 3395 sint,
1179 3336 1233 3382 noo
1253 3332 1324 3383 sun·

242 3418 340 3493 guinis
363 3416 582 3476 circuietionem
603 3424 634 3477 et
654 3417 713 3477 nitu
735 3419 876 3477 eiusmodi
898 3418 1075 3483 manifestet.
1101 3418 1178 3497 Ergo
1197 3436 1256 3481 non
1275 3426 1326 3479 sot

244 3516 372 3575 medinm
391 3518 464 3575 sutis
483 3515 621 3576 idoneum
642 3516 841 3593 assequendae
863 3518 1004 3580 ruituris.

303 3612 535 3691 Respondemus,
548 3630 583 3675 en
595 3630 673 3691 quoe
684 3614 863 3675 obiiciuntur
874 3598 957 3674 estre
969 3616 1164 3675 conscientiae
1175 3614 1325 3673 obtentum

241 3714 374 3789 reperiri.
391 3712 575 3776 Conscientia
593 3717 671 3775 enim
692 3716 810 3775 nonnisi
826 3716 1009 3775 existentium
1028 3714 1148 3777 subiecti
1166 3712 1325 3786 cogitantis

244 3828 280 3874 ue
301 3812 551 3875 uindiiieetionurn
568 3817 632 3875 eius
651 3818 781 3892 attingit.
803 3815 913 3881 florum
939 3832 1007 3874 vero
1030 3822 1181 3886 naturum,
1203 3824 1326 3885 euusns,

243 3912 413 3991 diuedmem
430 3916 558 3992 genesim
577 3915 724 3991 expiienre
744 3916 862 3974 rationis
880 3920 941 3989 θεῖς
962 3930 1036 3990 quoe
1056 3910 1197 3971 eiusmodi
1215 3926 1261 3967 res
1284 3926 1327 3969 ex

243 4012 372 4074 indubiis
392 4014 531 4075 edisseret
549 4017 719 4090 principiis,
744 4020 897 4086 nomrum,
920 4012 997 4071 unde
1018 4012 1159 4070 obtentum
1183 4016 1324 4083 onustat,
