2892 4425
204 308 242 359 Ἀ
531 312 772 357 uniruiaiclli
793 312 954 358 mollitis

206 422 321 500 (qulbus
334 425 397 483 sira
417 425 448 481 in
469 421 617 499 methodo,
632 424 695 482 sire
716 425 747 482 in
767 426 946 500 argumentis
967 428 1067 499 peceat
1080 430 1110 483 et
1125 440 1201 501 qnae
1218 443 1286 487 ear·

204 536 272 596 pere
296 518 468 597 singiliatim
493 520 615 579 minime
633 522 755 597 vacat),
776 520 805 580 id
827 536 919 581 unum
942 520 1164 581 animaduerto:
1188 530 1285 585 totum

204 621 268 677 cius
281 624 412 695 systema
424 618 500 677 laisa
520 620 574 676 niti
595 621 714 677 notione
733 617 926 695 substantiae,
938 634 1013 695 qnae
1034 634 1092 677 non
1113 620 1200 679 modo
1213 624 1286 697 quia

204 716 296 790 gratis
314 717 453 774 asseritur
471 717 563 791 gratis
582 717 722 791 reiicltur,
738 716 788 773 sod
810 718 897 774 etium
908 718 1055 792 principii
1068 720 1215 794 petitione
1232 720 1284 778 de·

204 809 322 887 linquit.
343 811 381 870 lit
402 828 486 889 sane,
503 829 571 871 curn
592 812 757 889 substantio
777 828 829 887 per
852 830 883 871 se
903 829 966 871 esse
989 814 1110 890 dicitur,
1130 822 1160 875 et
1179 832 1285 877 conoe·

203 915 257 986 ptu
276 912 318 968 rei
337 910 457 970 alterius
475 928 532 969 non
546 926 641 988 cgere,
658 911 689 969 id
707 911 831 987 intelligi
847 911 1003 987 dupliciter
1017 918 1123 987 potest.
1137 911 1284 987 Primum,

118 1049 121 1055 ,
204 1013 238 1067 nt
253 1022 272 1065 a
287 1003 452 1068 substantia
468 1009 582 1068 excludi
598 1010 669 1072 velit
686 1008 852 1069 subiectum
865 1025 951 1068 omne
965 1011 1012 1068 cui
1027 1010 1097 1067 insit
1110 1015 1139 1068 et
1152 1009 1191 1068 ud
1204 1010 1286 1085 qnod

204 1106 317 1165 sivein
340 1096 492 1166 exmtcndo
514 1109 578 1166 siue
598 1109 628 1165 in
652 1106 810 1183 cogitando
838 1107 1007 1165 relationem
1032 1105 1149 1166 habeat.
1170 1106 1204 1164 ln
1228 1106 1286 1167 hoc

203 1217 385 1267 censemur
407 1210 454 1263 est
474 1202 622 1279 delinitio,
642 1203 693 1262 sed
716 1202 753 1262 ad
777 1219 823 1277 ea,
843 1218 917 1279 quae
939 1202 1003 1261 vnit
1023 1201 1162 1277 Spinoza,
1182 1219 1218 1261 ne
1239 1202 1286 1261 hi-

204 1298 267 1357 lum
289 1299 407 1374 quidem
431 1300 593 1359 derivanda
615 1299 762 1361 subvenit.
788 1299 867 1359 Nihil
889 1300 966 1357 enirn
990 1306 1068 1357 vetat
1090 1300 1286 1359 substantiam

205 1397 248 1456 sic
272 1398 448 1457 intellectam
473 1416 509 1457 ex
533 1400 592 1458 clia
616 1397 737 1473 produci
759 1406 846 1475 atque
869 1397 934 1457 ideo
955 1398 1077 1458 allectus
1101 1400 1219 1457 notione
1242 1405 1286 1457 te·

205 1497 280 1555 neri.
301 1496 376 1554 Nam
398 1498 452 1554 etsi
470 1512 537 1556 enm
561 1495 694 1555 absoluta
710 1498 874 1571 concipitur
895 1503 928 1555 ut
948 1512 995 1554 res
1017 1495 1160 1571 quaedem
1179 1512 1230 1571 per
1253 1512 1287 1555 se

204 1593 304 1668 stans,
326 1600 466 1668 conceptu
488 1592 609 1653 alterius
630 1595 671 1651 rei
695 1609 755 1651 non
778 1594 927 1670 indigeat,
948 1600 1047 1652 tamam
1072 1592 1129 1651 lroc
1148 1608 1207 1652 non
1230 1596 1287 1651 irn-

205 1688 286 1764 pedit
306 1692 463 1765 quominus
485 1690 604 1749 aliunde
624 1693 807 1767 manaverit,
829 1706 863 1750 ae
888 1690 1029 1767 proinde,
1053 1694 1167 1766 quoties
1189 1698 1286 1766 poste-

206 1785 282 1843 riore
300 1785 357 1844 hoo
376 1793 497 1861 aspectu
514 1786 726 1863 consideratur,
745 1788 895 1847 notionem
910 1802 1031 1864 musae,
1051 1804 1069 1845 a
1088 1803 1148 1864 qua
1169 1802 1286 1862 proces·

197 1883 285 1957 ¹serit,
304 1883 450 1943 inuoluat.

265 1982 307 2041 At
327 1982 415 2059 longe
435 1985 519 2043 aliter
538 1982 662 2060 Spinoaa
679 1983 876 2046 definitionem
900 1984 979 2044 illam
1000 1987 1208 2059 interpretatus
1227 1988 1283 2041 eet.

206 2076 254 2138 Sic
271 2082 351 2139 enim
374 2082 467 2155 ipsam
487 2082 647 2159 intellexit,
669 2089 741 2142 uta
766 2086 885 2143 notione
906 2082 1088 2143 substantiae
1111 2097 1171 2140 non
1198 2078 1287 2137 morlo

206 2178 369 2240 subiectum
382 2180 498 2241 excludi
512 2182 648 2259 uoluerit,
665 2182 716 2242 sed
730 2184 817 2241 etiarn
834 2198 966 2242 causam.
982 2181 1022 2243 At
1034 2184 1076 2241 sic
1090 2186 1210 2256 accepta
1226 2193 1285 2238 non

206 2279 332 2352 amplius
356 2280 499 2356 generalis
522 2280 653 2340 delinitio
672 2287 748 2340 esset
768 2280 951 2339 subeuntiae
974 2282 1123 2355 cuiusvis,
1145 2278 1196 2338 sed
1218 2275 1287 2335 s'ulr

206 2379 331 2436 stantiae
351 2379 500 2446 increatae
516 2378 682 2456 dumtaxat3
698 2392 791 2455 qnam
807 2381 923 2438 nonnisi
941 2393 1031 2437 unam
1046 2393 1108 2436 ease
1125 2392 1209 2453 posse
1225 2375 1284 2433 lar·

207 2476 304 2548 gimnr
322 2473 410 2534 ultro.
432 2476 528 2548 Quare
547 2493 585 2534 ne
606 2476 769 2552 sophistam
790 2482 901 2553 ageret,
925 2479 1042 2534 inverso
1062 2475 1164 2534 ordine
1185 2491 1285 2549 prooe-

206 2571 333 2631 dendum
355 2571 496 2648 Spinozae
513 2572 625 2633 luisset.
648 2574 725 2633 Ante
747 2576 824 2655 euim
848 2573 945 2648 nihii,
967 2573 1047 2648 quod
1072 2579 1201 2632 creatum
1221 2575 1283 2647 sit,

206 2671 355 2730 notionem
369 2670 550 2731 substantiae
570 2673 694 2731 retinere
709 2687 795 2747 posse
808 2673 942 2730 evincere
959 2670 1117 2746 debuisset,
1133 2676 1166 2729 ut
1186 2677 1286 2745 postea

83 2809 87 2815 .
207 2783 313 2842 sensu,
336 2783 396 2842 quo
419 2768 573 2844 cupiebat,
594 2768 792 2828 definitionem
815 2770 987 2829 institueret.
1007 2767 1064 2827 Sed
1084 2784 1152 2826 cum
1172 2766 1203 2825 id
1221 2765 1286 2825 aili-

207 2865 303 2924 eiendi
318 2881 370 2940 spe
387 2864 588 2941 frustraretur,
603 2875 669 2926 astu
685 2873 714 2925 et
732 2868 917 2926 simulatione
933 2882 1004 2924 usus
1021 2872 1081 2941 est3
1094 2881 1128 2924 ac
1144 2866 1287 2940 principio

208 2960 246 3020 ad
263 2963 533 3022 circumveniendos
560 2966 674 3024 animos
692 2962 906 3040 definitionem,
921 2967 967 3023 cni
990 2969 1107 3039 propter
1128 2963 1287 3036 ancipitem

206 3073 326 3118 sensum
349 3057 435 3118 facile
452 3065 562 3134 pateret
579 3059 694 3137 aditus,
712 3049 927 3120 obtendendum
945 3063 1077 3135 censuit3
1096 3058 1202 3116 deinde
1224 3060 1287 3144 eius

207 3155 452 3232 significationem
469 3157 545 3216 male
564 3157 706 3217 domnum
727 3158 764 3216 ad
781 3161 922 3218 unitatem
945 3157 1125 3217 substantiae
1141 3155 1286 3214 deducen·
1335 3221 1337 3224 ¹

207 3253 276 3314 dam
293 3253 417 3313 inflexit.
436 3255 544 3315 Verum
560 3255 641 3318 fraus
655 3256 728 3316 haee
747 3273 783 3315 ex
798 3257 903 3315 callido
920 3237 962 3314 c?
968 3255 1113 3312 malitioso
1132 3255 1287 3313 uerborum

208 3351 304 3413 abusu
324 3353 410 3413 facile
428 3353 590 3431 detegitur3
614 3361 702 3431 nique
721 3355 786 3414 ideo
806 3357 976 3429 turpissima
998 3354 1114 3412 fallacia
1137 3354 1289 3410 eontinen-

186 3457 266 3526 ‚tem
292 3450 435 3526 Spinozae
463 3455 712 3512 ratiocinationem
737 3453 878 3512 maculari
898 3452 1058 3511 clarissime
1083 3456 1173 3525 patet.
1203 3447 1289 3522 Quod

208 3551 287 3608 enlm
309 3551 414 3610 ultimo
433 3551 615 3611 inferendum
635 3552 749 3625 luisset,
771 3553 909 3610 nimirum
931 3548 1122 3608 substantiam
1144 3547 1201 3605 dici
1227 3560 1287 3603 non

209 3663 294 3723 posse
307 3649 365 3708 nisi
378 3649 410 3708 td
425 3649 504 3726 quod
522 3666 540 3708 a
556 3665 588 3709 se
605 3656 702 3709 exstat
719 3655 806 3724 atque
820 3648 931 3707 nullam
945 3651 991 3706 sui
1008 3661 1126 3706 causam
1142 3645 1287 3721 agnoscit,

208 3745 239 3806 id
262 3749 354 3822 gratis
376 3749 459 3808 initio
483 3754 633 3824 tamquam
659 3755 771 3807 certum
797 3749 966 3806 assumitur.
990 3745 1053 3802 Hoc
1079 3749 1176 3803 autern
1201 3757 1287 3816 argu·

211 3845 359 3906 mactandi
381 3849 453 3906 viiio
476 3847 589 3906 nulium
613 3846 744 3921 putidius
763 3843 862 3904 afferri
884 3849 986 3918 potest.
