2892 4425
246 385 304 436 m
577 391 818 434 lmPEYSlCAB
839 356 998 434 satietatis

245 502 386 577 operatio,
407 501 454 559 cni
468 515 577 576 corpus
590 501 685 560 instar
706 503 968 560 instrumentorum
991 501 1121 560 sensoria
1146 489 1324 576 suppeditat.

245 598 321 672 Ergo
336 598 365 655 in
379 597 509 673 qualibet
521 603 602 674 parte
618 600 746 674 corporis
761 600 878 656 animus
898 598 976 657 adsit
993 601 1111 656 neeesse
1131 603 1187 656 est.
1200 596 1238 656 Et
1253 615 1328 658 saue

245 711 298 754 uos
316 698 358 755 ita
379 695 492 754 obiecta
511 698 723 772 conspicimus,
744 703 796 755 ant
809 695 957 770 audimus,
974 702 1026 755 aut
1043 697 1209 772 tangimus3
1227 701 1260 754 ut
1272 712 1326 754 er-

245 795 392 870 pcriamnr
409 795 471 852 rim
487 793 568 852 iiiam
592 793 748 867 sentiendi,
764 810 799 852 ac
814 793 936 870 proinde
953 797 1084 852 animam
1108 809 1125 852 a
1148 809 1207 868 qua
1229 793 1323 853 dima-

246 898 309 966 nat,
321 893 416 950 inesse
433 892 538 968 ocuiis,
560 891 691 967 auribus,
718 891 864 951 manibus.
882 891 942 950 Nec
954 891 1070 950 dicatur
1087 891 1196 951 idcireo
1210 891 1240 950 id
1253 907 1323 950 eou-

244 993 368 1067 tingere,
381 993 450 1066 qnia
463 993 591 1051 sensatio
612 991 644 1049 iu
671 989 791 1049 cerebro
813 989 940 1048 exerdta
955 989 992 1048 ad
1009 991 1140 1048 sensoria
1167 972 1320 1047 reseratur.

244 1088 320 1146 Nam
341 1088 398 1147 boc
411 1091 581 1164 importaret
593 1096 627 1147 ut
646 1091 775 1164 primum
791 1089 988 1147 sensationem
1003 1089 1129 1162 experiri
1150 1089 1179 1146 iu
1202 1085 1322 1145 cerebro

244 1185 426 1262 deberemus,
440 1193 470 1245 et
491 1187 628 1261 deinceps
645 1193 713 1244 netu
731 1185 861 1260 quodam
877 1185 1050 1244 secundario
1074 1199 1138 1244 eam
1165 1184 1202 1243 ad
1222 1199 1322 1243 senso·

247 1287 289 1343 ria
310 1283 494 1343 referremus.
509 1284 542 1342 ld
556 1300 626 1342 vero
639 1285 835 1342 conscientiae
850 1298 908 1341 nou
924 1281 1090 1357 respondet.
1106 1283 1202 1355 Quare
1215 1283 1239 1341 si
1254 1281 1325 1340 buin

244 1383 411 1441 testimonio
431 1383 528 1456 potius
546 1381 683 1440 standum
704 1388 769 1456 est,
796 1397 885 1456 qnam
912 1382 997 1438 ranis
1017 1378 1255 1454 philosophorum
1277 1381 1322 1438 in·

244 1482 377 1554 somniis,
396 1482 526 1538 unimam
548 1483 578 1538 in
596 1482 701 1557 quavis
717 1487 800 1555 parte
814 1481 944 1554 corporis
959 1481 1076 1554 sentire,
1093 1493 1128 1537 nc
1149 1478 1271 1554 proinde
1291 1481 1323 1536 irr

244 1579 350 1653 quavis
369 1581 452 1651 parte
474 1579 603 1651 corporis
630 1583 812 1652 praesentem
831 1593 894 1635 esse
915 1574 1062 1635 fateamur
1086 1581 1209 1651 oportet.
1237 1575 1322 1648 Quod

245 1690 315 1732 vcro
335 1675 365 1731 in
390 1673 492 1732 iisdem
511 1679 590 1733 totus
613 1674 701 1750 adsit,
729 1674 759 1733 id
779 1681 877 1749 aperte
902 1689 938 1732 er
964 1675 1028 1733 cias
1047 1673 1232 1750 simplicitate
1255 1687 1325 1732 oon·

245 1772 387 1847 requitur.
410 1769 538 1846 Simpiex
559 1773 649 1845 enim,
671 1787 738 1830 cum
769 1770 901 1848 partibus
916 1778 1026 1847 careat,
1048 1770 1098 1830 ubi
1112 1770 1207 1847 adeat,
1227 1777 1323 1830 totum

247 1867 339 1927 adest.

305 1964 456 2042 Denique,
478 1965 622 2024 eiusmodi
648 1968 874 2044 interrogatione
900 1983 1037 2044 urgemus
1063 1967 1256 2027 adversarios.
1287 1967 1319 2025 Si

246 2067 361 2124 animus
373 2063 492 2124 cerebro
504 2071 619 2124 tautum
632 2065 760 2139 insidet,
771 2073 958 2125 extensamne
970 2065 1098 2142 utiquam
1111 2069 1173 2125 eius
1186 2072 1320 2141 partem,

245 2178 282 2222 au
303 2170 444 2240 puuctum
466 2169 591 2238 occupat
615 2163 825 2223 individuum?
850 2163 878 2223 Si
899 2163 955 2223 hoc
980 2170 1159 2241 postremum
1182 2162 1320 2241 eiigitur,

245 2264 326 2321 varie
345 2268 492 2337 peccatur.
515 2261 591 2321 Nam
609 2264 640 2320 iu
660 2264 762 2336 primis
782 2262 945 2322 istiusmodi
970 2268 1111 2339 puuctum
1134 2262 1246 2323 uuiinm
1264 2268 1321 2321 est.

245 2358 398 2431 Quaelibet
424 2362 501 2419 euim
536 2362 675 2419 materiae
703 2376 771 2435 pars
799 2362 967 2419 extensione
997 2367 1131 2437 tenetur,
1154 2368 1240 2437 atque
1256 2360 1325 2419 ideo

244 2462 385 2533 puuctum
413 2460 475 2517 eius
499 2460 620 2516 omniuo
642 2457 826 2516 individuum
856 2457 1052 2517 abstractione
1078 2464 1194 2518 tantum
1216 2458 1323 2517 mentis

245 2556 416 2631 eoncipitur.
436 2554 560 2631 Deinde,
580 2557 695 2614 etiamsi
715 2555 886 2615 huiusmodi
910 2563 1051 2631 punctam
1074 2555 1255 2633 tingeretur,
1276 2563 1323 2615 ta·

244 2668 311 2711 men
332 2656 474 2711 motiones
503 2651 675 2712 iibriiiamm
709 2652 747 2711 ad
776 2655 874 2712 varias
905 2656 1104 2729 perceptiones
1136 2653 1319 2713 obiectorum

244 2749 479 2810 determinandas
502 2752 683 2811 necessariae
706 2749 779 2809 iiiuc
805 2751 883 2809 coire
913 2766 972 2808 nou
1000 2756 1132 2825 possent.
1159 2750 1222 2809 Hae
1244 2752 1323 2809 euim

245 2864 298 2922 pro
315 2847 494 2907 obiectomm
511 2851 652 2908 varietate
673 2847 805 2907 diversae
826 2852 897 2907 suist
917 2854 947 2907 et
968 2850 1134 2923 oppositam
1154 2854 1250 2907 motus
1270 2863 1322 2908 au·

245 2949 304 3002 tem
327 2944 436 3004 diversi
453 2952 483 3004 et
506 2947 643 3021 oppositi,
666 2947 692 3004 si
713 2947 744 3004 iu
767 2952 875 3021 puncto
897 2944 1000 3004 eodem
1029 2946 1228 3021 recipiantur,
1252 2960 1324 3004 eou-

245 3038 420 3117 iunduutur,
436 3042 526 3100 immo
544 3044 632 3101 etiam
652 3042 852 3103 destruuntur.
878 3042 974 3115 Quare
994 3044 1111 3103 animus
1126 3041 1168 3101 ibi
1188 3042 1325 3102 assidens

246 3152 265 3197 a
281 3138 405 3197 diversis
422 3137 560 3214 motibus,
576 3146 609 3198 ut
626 3139 785 3199 adversarii
803 3140 918 3215 uniunt,
932 3139 1032 3199 eodem
1047 3146 1175 3216 tempere
1188 3140 1325 3200 determi-

245 3237 310 3293 uari
330 3252 389 3294 uon
409 3243 516 3311 posset.
538 3237 635 3310 Quare
655 3239 771 3296 animus
789 3240 821 3296 iu
838 3254 872 3297 ea
893 3237 1048 3315 hypothesi
1068 3238 1201 3299 diversas
1221 3236 1324 3296 eodem

245 3341 374 3409 tempore
392 3338 570 3395 seusauoncr
591 3352 649 3395 uon
671 3336 854 3413 adverteret,
874 3338 957 3396 cuius
972 3338 1150 3397 contrarium
1172 3337 1323 3411 experien-

244 3434 287 3491 tia
304 3439 440 3493 testatnr.
451 3434 503 3493 Sin
523 3450 592 3493 vero
605 3437 700 3510 prima
715 3450 784 3510 pars
800 3434 885 3493 datae
899 3436 1025 3510 optionis
1039 3434 1215 3508 assumitur,
1234 3448 1326 3493 causa

243 3528 329 3589 tinita
346 3538 399 3590 est.
416 3532 490 3591 Nam
506 3534 531 3591 si
551 3549 604 3608 per
623 3534 701 3608 ipsos
721 3533 907 3591 adversarios
922 3534 1021 3591 auimo
1041 3548 1101 3591 uun
1122 3538 1268 3607 repugnat
1290 3536 1325 3589 ut

244 3631 443 3688 extensionem
460 3628 587 3706 aliquam
606 3631 744 3689 informet
756 3630 861 3705 simai;
878 3645 931 3689 eur
942 3628 1117 3706 repugnabit
1131 3636 1165 3688 ut
1180 3627 1325 3690 eiusmodi

245 3728 376 3784 extensio
392 3729 432 3785 sit
446 3728 540 3801 ipsum
555 3734 649 3786 totum
668 3743 790 3803 corpus;
804 3743 871 3785 eam
889 3730 1058 3803 praesertim
1075 3732 1255 3803 postremum
1268 3725 1326 3784 boo

246 3824 321 3881 ratio
340 3830 369 3883 et
386 3824 586 3901 phaenomena
603 3825 822 3884 evidentissima
843 3826 1035 3901 persuadeant
1061 3826 1093 3882 ¹i

290 3962 300 4005 i
319 3956 392 4012 Quod
399 3970 460 4005 eum>
468 3958 502 4008 ita
513 3958 555 4018 sit,
574 3957 671 4006 nouubi
684 3960 777 4006 temere
790 3960 815 4006 ei
826 3956 1034 4019 praeiudiciorum
1049 3957 1164 4007 iiieeebra
1173 3956 1238 4005 bauo
1256 3954 1325 4003 retici

246 4032 277 4081 ab
298 4033 446 4086 adversariis
457 4036 603 4087 senteutiam
621 4034 676 4086 iure
685 4036 841 4086 existimavit
857 4038 1003 4099 Genaeusis,
1020 4036 1063 4099 qui
1078 4037 1115 4087 sio
1128 4036 1177 4088 ait:
1189 4052 1202 4079 o
1214 4032 1326 4085 Tandem
