2892 4425
230 378 285 432 172
554 382 796 429 intentarunt
817 382 977 427 mcum

288 493 435 567 Itemque,
457 492 703 568 quemadmodum
726 496 878 569 perspicue
899 493 1041 552 sentimus
1061 508 1115 553 nos
1135 508 1216 571 esse,
1237 495 1309 557 licet

205 593 321 673 ‘simus
340 590 379 649 ab
398 590 475 666 alio,
497 591 540 648 sir
560 592 615 648 etsi
635 590 734 649 vivide
755 592 915 650 sentiamus
936 605 997 648 uon
1017 590 1110 666 velie,
1131 590 1188 650 boc
1207 600 1307 653 tamen
1408 594 1413 601 '

228 704 290 747 non
311 687 416 764 probat
432 704 487 747 nos
508 688 547 747 ad
560 688 719 747 volendum
737 691 919 747 extrinsecas
939 704 994 747 nos
1014 688 1160 765 compelli.
1181 689 1309 763 Quodsi
1426 693 1431 701 '

229 788 407 845 couscientia
419 788 599 845 contrarium
615 788 718 846 testari
738 784 871 861 ridetur,
886 786 915 845 id
930 802 965 844 ex
981 786 1160 862 praeiudicio
1177 787 1306 863 quodam

169 962 176 974 ·
228 889 319 962 repeti
334 893 445 962 possei;
460 886 707 961 quemadmodum
721 902 757 943 ex
773 886 952 960 praeiudicio
967 885 1155 961 repetendum
1171 888 1307 964 estquod

230 986 361 1044 animum
381 986 413 1042 in
433 1000 573 1060 corpora,
588 987 617 1042 et
638 985 768 1042 vicissim
790 998 911 1059 corpora
926 986 956 1042 lu
973 986 1103 1043 animum
1123 984 1245 1044 induere
1265 987 1307 1044 lu·

230 1082 373 1143 dicemus.

290 1180 380 1256 liesp.
400 1179 503 1239 Videte
516 1180 634 1255 sceptici
648 1179 778 1237 bominis
793 1170 914 1237 acumen
927 1180 934 1235 l
955 1178 1031 1238 Tota
1045 1181 1107 1239 elus
1123 1180 1307 1241 ratiocinatio

230 1285 314 1339 extra
333 1282 443 1337 statum
463 1279 650 1353 ·quaestionls
674 1280 826 1352 evagatur.
850 1274 1048 1337 Conscientiae
1072 1280 1150 1335 euim
1175 1280 1306 1337 testimo·

229 1379 332 1451 ulum,
353 1391 389 1433 cx
410 1390 469 1449 quo
488 1374 649 1433 voiuntatis
670 1373 835 1432 libertatem
863 1360 1063 1449 ostendimus,
1085 1390 1144 1432 nou
1164 1380 1208 1433 est
1229 1376 1306 1434 eius·

170 1450 175 1465 ¹
230 1473 311 1531 modi
331 1477 365 1530 ui
385 1470 470 1530 nobis
490 1476 647 1545 utcumque
660 1470 768 1529 reserat
781 1472 912 1529 actiones
930 1470 1037 1530 liberas
1056 1473 1232 1531 intrinsecus
1252 1488 1306 1531 uos

231 1568 364 1643 aldoere3
379 1566 431 1625 sed
450 1567 511 1625 tale
531 1583 632 1626 reuera
651 1573 713 1644 est,
728 1576 761 1627 ut
775 1582 834 1626 uua
851 1566 957 1627 referat
971 1584 1020 1627 eus
1034 1584 1069 1626 er
1085 1558 1201 1643 luterus
1221 1568 1307 1627 uobis
1342 1550 1347 1558 ¹

231 1672 262 1725 ei
280 1657 408 1725 naturali
429 1667 538 1724 virtute
562 1664 720 1740 proilelsci.
743 1664 788 1723 Ad
812 1680 872 1723 rem
895 1665 1022 1725 Tullius.
1042 1690 1054 1715 s
1073 1664 1166 1725 Sentit
1189 1668 1306 1727 animus

234 1788 247 1814 ι
272 1780 303 1822 se
324 1767 455 1839 moveri,
470 1762 548 1838 quod
569 1780 636 1822 eum
658 1766 764 1837 sentit,
780 1762 853 1821 illud
874 1778 933 1822 una
956 1765 1045 1822 sentit
1064 1780 1095 1822 se
1118 1765 1148 1822 vl
1169 1780 1222 1823 sna
1246 1781 1304 1824 non

234 1885 247 1911 ι
271 1860 366 1919 aliena
384 1862 494 1918 moveri
515 1863 537 1918 Ι.
553 1884 565 1910 ι
581 1860 676 1932 Quare
696 1876 799 1919 sensus
820 1860 979 1937 libertatis,
1000 1859 1036 1920 ad
1057 1877 1143 1937 quem
1165 1860 1305 1923 aduersa·

231 1961 291 2019 rios
310 1974 520 2034 provocamus,
534 1959 564 2016 in
579 1958 636 2017 boc
649 1962 801 2035 versatur,
817 1964 850 2017 ui
863 1974 917 2018 nos
930 1958 1066 2017 dominos
1080 1975 1143 2018 esse
1157 1962 1304 2019 actionum

230 2063 397 2117 nostrarum
420 2056 498 2115 clare
519 2056 635 2115 referat.
658 2056 796 2115 Testetur
820 2057 898 2115 enim
922 2072 972 2115 eas
994 2072 1052 2114 uon
1077 2056 1165 2115 modo
1190 2057 1228 2116 ad
1251 2072 1306 2117 nos

230 2158 390 2233 pertinere,
406 2155 456 2214 sed
473 2156 513 2214 ita
531 2157 675 2230 pertinere
693 2160 728 2212 nt
746 2156 830 2229 copie
849 2152 932 2214 uobis
951 2152 1035 2214 detur
1057 2154 1161 2231 agendi
1180 2156 1226 2215 vel
1246 2170 1305 2215 nou

231 2255 353 2331 agendi,
370 2255 447 2313 banc
465 2254 510 2312 vel
530 2254 618 2312 alium
639 2255 783 2312 actionem
805 2252 951 2320 eliciendi,
975 2251 1018 2311 Ex
1039 2268 1097 2328 quo
1115 2252 1150 2311 ili
1168 2259 1217 2328 ui,
1236 2269 1306 2312 cum

231 2352 268 2412 ed
284 2351 463 2428 operandum
479 2351 697 2427 progredimur,
714 2357 805 2410 antea
815 2349 1024 2426 deliberemus,
1041 2357 1106 2425 post
1124 2349 1305 2410 deliberatio

229 2465 297 2509 nem
317 2448 388 2525 quid
407 2448 572 2508 iaciendum
592 2451 631 2506 sit
648 2447 855 2523 decernamus,
870 2446 1000 2524 dumque
1018 2451 1132 2524 agimus
1152 2449 1307 2507 interrum-

230 2563 335 2624 pamus
351 2549 511 2620 actionem,
527 2547 553 2602 si
570 2545 667 2620 iubet,
682 2545 728 2603 vel
747 2548 834 2605 etlam
856 2547 885 2602 iu
907 2547 1068 2620 oppositam
1086 2552 1304 2605 convertamus.

289 2647 473 2721 Quapropter
489 2642 616 2703 absurda
635 2642 686 2701 iiia
702 2643 874 2720 hypothesis
890 2643 927 2702 de
945 2642 1039 2718 lapide
1056 2642 1101 2702 vel
1118 2642 1155 2701 de
1175 2657 1230 2701 acu
1246 2658 1307 2701 ma·

230 2747 347 2822 guetiou
365 2743 514 2820 cogitante
529 2748 559 2800 et
575 2743 741 2800 consciente
757 2745 856 2817 inepta
872 2742 992 2800 omnino
1012 2747 1064 2800 est.
1087 2741 1130 2800 Ea
1145 2742 1223 2799 euim
1242 2757 1307 2800 eor-

229 2857 302 2919 pora
315 2843 430 2900 etiamsi
446 2841 623 2900 conscientia
636 2837 835 2915 donarentur,
849 2845 946 2898 tamen
961 2837 1043 2898 nullo
1060 2838 1203 2898 libertatis
1218 2853 1305 2898 seusu

231 2945 437 3013 tangerentur,
456 2937 505 2995 sed
523 2942 637 2994 tantum
659 2943 759 2996 mutus
778 2937 844 2995 ilios
863 2936 918 2995 sibl
939 2938 1033 2995 inesse
1054 2939 1304 3012 persentiscerent.

230 3037 329 3112 Atque
352 3035 407 3092 boc
430 3051 488 3093 uon
513 3035 606 3094 solum
628 3038 741 3095 ratione
761 3040 859 3111 patet,
881 3049 984 3093 verum
1006 3037 1093 3093 etiam
1115 3037 1305 3110 experientia.

220 3133 356 3192 'Ratione
371 3130 505 3208 quidem,
521 3135 590 3208 qnia
610 3133 712 3190 sentiri
730 3134 832 3208 nequit
846 3132 924 3208 quod
940 3147 999 3200 non
1017 3138 1077 3208 est3
1093 3139 1189 3192 motus
1207 3138 1304 3191 autem

229 3231 273 3290 iili
293 3247 353 3289 non
370 3247 408 3290 ex
427 3233 544 3306 propria
563 3211 805 3288 determinatione
824 3229 873 3287 sed
892 3229 939 3288 vel
961 3245 997 3288 ex
1021 3228 1135 3288 influxu
1154 3231 1307 3288 exterioris

229 3332 360 3407 agentis,
376 3329 422 3388 vel
443 3345 480 3388 ex
499 3327 592 3388 libera
604 3329 765 3388 conditoris
786 3328 849 3404 lage
863 3329 893 3386 iu
908 3327 1079 3402 corporibus
1096 3329 1133 3386 lis
1146 3343 1306 3402 conseque·

229 3434 341 3488 rentur.
364 3429 442 3505 Ειςο
459 3427 538 3503 quod
556 3427 612 3486 sibi
629 3429 721 3486 insint
740 3430 856 3486 tantuin
878 3427 985 3485 sentire
1005 3432 1139 3501 possent,
1153 3441 1306 3500 nunquam

229 3543 300 3586 vero
321 3527 400 3603 quod
419 3544 457 3586 ex
478 3525 569 3585 libera
590 3527 636 3584 sul
662 3526 905 3584 determinatione
924 3523 1092 3599 procedant.
1119 3521 1308 3598 Experientia

229 3631 343 3700 autem,
358 3628 427 3702 quia
448 3624 536 3701 probe
556 3640 607 3699 per
628 3625 837 3682 conscientiam
852 3622 1062 3700 distinguimus
1077 3627 1159 3679 aetus
1174 3619 1240 3680 iilos
1254 3623 1306 3695 qui

228 3726 259 3782 in
280 3723 364 3783 nobis
385 3724 540 3784 decesserit
561 3730 646 3798 sunt,
661 3722 699 3781 ab
716 3708 754 3781 lis
768 3723 819 3797 qui
841 3720 974 3780 libertate
991 3721 1148 3780 donantur.
1171 3716 1308 3790 Quando

228 3821 346 3899 quidem
363 3839 422 3900 qua
440 3823 574 3882 claritate
591 3822 758 3897 experimur
774 3819 952 3892 volunlatem
974 3819 1064 3878 iibere
1081 3819 1111 3876 in
1131 3815 1215 3874 nobis
1237 3831 1307 3890 ope·

289 4044 298 4084 i
320 4035 461 4087 trucetas.
481 4038 526 4098 (ip.
542 4037 640 4098 primo.
