2892 4425
572 372 648 414 anas
670 372 786 416 annana
1023 350 1026 360 '
1172 365 1208 416 aa

197 483 325 542 Primum
349 499 385 541 er
411 479 612 558 praeiudicio,
641 497 693 542 sou
718 483 876 558 anticipata
901 481 1027 558 quadam
1055 483 1211 559 animoque

136 582 194 640 alte
207 581 303 640 delira
317 582 469 656 opinione,
488 595 547 656 qua
561 582 612 656 qul
629 580 716 640 semel
734 583 864 640 animum
888 580 1034 656 imbuerit,
1049 597 1112 640 eam
1130 581 1209 640 buud

136 679 220 738 luciis
238 683 343 754 poterit
359 678 505 738 dedoceri.
524 677 696 738 Remedium
715 681 787 756 erli,
808 683 924 755 sapiens
944 679 1135 756 quaedamst
1153 695 1211 738 mo

134 779 234 838 derata
254 778 421 852 dubitatio,
445 779 557 853 quain
576 778 686 867 nullius
707 778 796 837 uerba
817 779 949 850 iuretur,
972 795 1026 838 nec
1047 779 1208 856 quidquam

134 877 317 951 admittatur,
331 877 387 935 nisi
401 882 453 936 ant
463 891 515 950 per
530 891 562 934 se
576 876 695 935 evidens
712 878 764 952 sit,
779 883 831 936 aut
844 877 972 954 legitima
988 879 1210 937 ratiocinatione

135 981 267 1050 nonant,
284 981 337 1034 aut
353 973 410 1033 lide
428 974 583 1050 dignorum
602 976 773 1034 anctoritate
791 973 940 1051 landetur,
956 977 1039 1036 iuxta
1059 978 1210 1050 materiae,

135 1074 171 1132 de
193 1089 253 1148 qna
269 1075 382 1149 agitur,
408 1067 559 1131 diversum
581 1083 684 1148 genus.

193 1171 276 1232 Alter
303 1175 410 1232 erroris
437 1172 504 1231 fons
520 1157 571 1232 'est
598 1171 759 1234 affectuum
781 1173 965 1250 dominatus,
991 1173 1155 1250 siqnidem,
1178 1180 1210 1232 ut

133 1273 243 1347 optime
263 1271 432 1332 Aristoteles
449 1272 563 1346 inquit,
586 1272 710 1346 quisque
732 1270 842 1330 iudicat
863 1277 949 1346 prout
964 1269 1111 1346 allicitur,
1127 1278 1211 1330 tanta

134 1373 181 1428 vis
195 1376 240 1428 est
256 1369 417 1428 voluntatis
434 1368 473 1427 ad
491 1368 656 1428 intellectus
674 1368 783 1428 indicia
800 1368 1009 1444 perturbanda.
1034 1368 1067 1428 ld
1086 1371 1148 1428 vitii
1169 1369 1210 1428 ei·

133 1469 235 1548 lugere
248 1469 300 1544 qui
319 1467 397 1526 volet
410 1466 521 1540 (omnes
536 1471 634 1524 autem
650 1465 865 1543 velledebent),
876 1471 1020 1543 qnantum
1038 1469 1069 1525 in
1089 1469 1151 1543 ipso
1166 1474 1211 1526 est

132 1565 288 1624 conabitur
310 1571 344 1624 nt
360 1567 392 1624 in
412 1565 527 1624 indiciis
543 1564 671 1624 ferendis
685 1580 778 1641 meas,
800 1567 886 1640 ratio,
901 1566 1066 1641 eonsilium,
1086 1582 1145 1624 non
1164 1581 1211 1624 cu·

134 1664 651 1740 piurummraaunauoaomuemr.
935 1647 936 1657 '

195 1762 387 1837 Quamplures
406 1761 520 1837 ionias,
541 1767 576 1820 ut
592 1751 675 1822 bro'rl
695 1761 809 1838 dimna,
828 1762 866 1822 ad
886 1762 1091 1839 negligentiam
1112 1779 1212 1840 quam·

133 1860 225 1935 dum,
255 1861 346 1918 seriae
375 1859 615 1918 eonsiderntionls
643 1857 808 1934 delectum,
839 1861 959 1918 nimiam
986 1863 1121 1937 propriae
1147 1878 1211 1937 per·

133 1959 313 2033 aplmcitatis
338 1957 476 2018 iiduciam
502 1958 611 2033 pusdm
636 1956 833 2032 reducamur3
859 1973 896 2017 ex
923 1957 1029 2035 quibus
1055 1960 1211 2032 usuvenit,

133 2063 168 2116 ut
190 2062 363 2132 argumenta
390 2057 525 2131 utrinque
547 2055 704 2114 militantia
726 2055 799 2114 nihil
828 2063 880 2115 ant
906 2057 1010 2116 leviter
1032 2056 1212 2133 perpendan-

133 2160 196 2230 tur,
220 2169 258 2214 ao
281 2159 388 2212 lemme
409 2153 550 2212 indicium
572 2161 751 2229 properetur.
778 2153 841 2212 Hoc
867 2153 973 2215 vitabit
997 2158 1083 2231 quis,
1108 2158 1132 2212 si
1156 2155 1212 2214 sibi

132 2350 313 2411 anteponamus
326 2348 358 2397 iis
371 2359 435 2411 qnae
449 2359 548 2398 msam
565 2344 695 2410 mamni,
711 2346 770 2397 lieet
784 2346 905 2397 validiora
920 2347 980 2409 sint,
994 2348 1020 2402 et
1036 2360 1119 2398 rerum
1128 2348 1213 2397 iurisi-
1238 2372 1241 2381 .

133 2426 221 2476 biiium
240 2426 460 2477 considerationem
480 2427 640 2490 negligamus.
661 2428 717 2478 Vll.
737 2426 867 2477 inclinatio
884 2427 973 2477 mentis
987 2427 1021 2477 ad
1040 2427 1170 2477 abstracta.

165 2547 167 2550 .
189 2507 260 2557 ldola
275 2520 363 2571 specus
379 2520 409 2557 ea
425 2506 497 2568 dicit,
515 2521 580 2571 quae
597 2520 627 2557 ex
641 2503 770 2557 'individui
791 2506 909 2570 singulari
928 2508 1016 2556 natura
1033 2508 1059 2556 et
1075 2507 1216 2557 conditione

132 2590 301 2652 pmneniunt,
321 2588 374 2639 sive
391 2588 419 2638 in
436 2588 490 2639 eius
509 2589 718 2651 temperamento,
739 2588 792 2638 sive
807 2588 833 2637 in
854 2586 999 2646 educatione
1017 2587 1042 2636 et
1059 2585 1216 2636 assuetudine

134 2670 323 2719 imdamantum
339 2668 454 2719 babeam.
472 2669 630 2720 Potissimum
648 2668 707 2719 inde
719 2668 855 2731 exurgunt:
876 2669 896 2717 i.
914 2666 988 2725 Quod
1003 2665 1122 2731 peculiari
1132 2658 1216 2717 'scien-

136 2750 201 2812 tiae‚
216 2762 293 2813 qnam
312 2750 419 2814 quisque
438 2750 556 2813 adamat,
577 2749 686 2813 reliquas
703 2748 776 2799 maile
797 2748 921 2811 mancipet
937 2749 963 2799 et
982 2745 1161 2799 accommodet.
1178 2748 1214 2797 il.

133 2829 209 2889 Quod
223 2830 330 2894 ingenia,
345 2844 403 2881 cum
418 2831 469 2881 alia
484 2830 585 2895 quidem
596 2830 647 2881 sint
657 2833 731 2881 acuta
751 2830 776 2879 et
796 2830 853 2893 apta
872 2829 905 2879 ad
923 2842 1005 2879 rerum
1028 2828 1150 2879 notandas
1171 2828 1215 2879 dil·

135 2911 261 2974 terentiae,
279 2912 329 2961 alia
344 2911 461 2962 sublimia
475 2914 500 2961 et
518 2910 609 2962 idonea
626 2910 658 2961 ad
675 2910 796 2961 nomadas
812 2908 996 2971 similitudines,
1015 2908 1081 2959 baud
1102 2922 1173 2973 aegre
1188 2910 1214 2959 in

130 2992 405 3043 murmurabimus
423 3005 560 3042 ercesmm.
578 2993 624 3042 lii.
644 2991 716 3050 Quod
734 2992 784 3042 sint
799 2991 842 3055 qui
859 2990 964 3040 nimium
981 2990 1007 3039 in
1025 2989 1214 3040 admirationem

134 3071 291 3136 antiquitatis
309 3073 446 3135 rapiamur,
468 3073 494 3123 et
514 3072 558 3135 qul
580 3072 679 3137 penitus
695 3071 746 3121 sint
765 3070 796 3122 ad
814 3072 936 3122 novitates
955 3070 1037 3121 eilnsi.
1060 3070 1132 3128 Quod
1150 3074 1215 3121 certe

135 3153 162 3203 in
181 3166 301 3217 magnum
315 3153 474 3203 sdentiarum
492 3152 667 3204 detrimentum
681 3152 755 3203 cadit
1115 3212 1118 3221 y

187 3233 260 3283 idola
276 3233 335 3297 tori,
352 3246 416 3296 quae
430 3246 462 3283 ex
479 3232 596 3283 molente
612 3234 699 3283 mutua
715 3234 844 3283 bominum
859 3234 1040 3297 ingenerantur,
1060 3233 1214 3296 potissimum

133 3316 218 3365 utum
235 3313 327 3364 babent
343 3326 375 3365 ax
392 3314 526 3365 rerbomm
544 3313 652 3373 fallacia,
671 3325 744 3376 saepe
762 3325 791 3363 en
813 3314 887 3377 captu
906 3313 974 3377 vulgi
990 3311 1157 3376 pendentium.
1169 3314 1214 3361 ‘it-

132 3408 183 3457 que
202 3394 229 3444 id
250 3392 382 3458 dupliciter
402 3395 530 3457 contingit.
553 3395 664 3446 Primum
681 3407 739 3444 oum
756 3393 857 3443 nomina
877 3406 973 3456 rerum,
993 3406 1057 3457 quae
1076 3405 1125 3441 uon
1147 3394 1214 3455 euni,

133 3474 293 3536 adhibentur,
312 3488 352 3525 ea,
372 3489 409 3539 gr.
424 3474 562 3537 fortuna,
578 3487 674 3534 casus,
695 3474 786 3537 bisque
803 3474 909 3537 similia;
928 3474 1017 3525 deinde
1035 3487 1092 3523 eum
1116 3474 1215 3525 uomina

132 3556 253 3607 mutusne
269 3554 455 3619 significationis
472 3558 497 3606 ei
517 3556 581 3606 ιιιιῑι
597 3554 698 3606 dednlta
716 3556 913 3606 commiscentur.

188 3636 300 3687 Tandem
319 3636 387 3687 idola
404 3636 494 3687 aaut
514 3649 543 3686 ea
560 3636 692 3699 dleuutnr,
714 3649 778 3699 quae
797 3648 827 3687 ex
847 3637 917 3687 lalsis
934 3636 1090 3701 dogmatibus
1112 3636 1215 3701 pbiloso

135 3716 250 3778 pbiamm
267 3718 293 3766 et
312 3716 474 3781 praeposteris
485 3715 724 3767 demonstrationum
737 3716 828 3781 regulis
838 3718 974 3781 emergunt.
997 3718 1044 3767 cui
1059 3716 1216 3767 incommodo

135 3800 165 3846 ut
183 3797 345 3860 mutamus,
367 3797 419 3848 duo
438 3797 556 3861 proponit
573 3797 730 3848 adiumenta:
753 3796 859 3861 pumum
883 3800 910 3847 ut
930 3796 1089 3847 laudamento
1111 3795 1214 3859 pbiloso

134 3876 207 3939 pbiae
225 3879 251 3927 in
270 3878 398 3942 principiis
417 3880 520 3928 naturae
541 3878 695 3940 constituto,
715 3878 873 3929 rationalium
893 3878 969 3929 simui
989 3880 1014 3927 at
1034 3877 1214 3941 empiristarum

133 3970 250 4008 οιωιιιιι
259 3959 391 4021 arcanam
403 3957 493 4007 deinde
504 3959 533 4007 ut
545 3958 609 4007 iuter
624 3958 801 4021 pronuntiandi
811 3958 996 4021 praefidentiam
1008 3960 1032 4006 et
1043 3952 1215 4016 acatalepsiarn
1282 4014 1284 4021 Ι

136 4036 249 4088 mium
265 4038 343 4089 veluti
359 4036 475 4088 tenditur
493 4037 548 4087 iter.
