2892 4425
433 395 512 439 PARS
532 393 650 440 ΔΠΙΜ
672 411 684 425 ·
705 395 923 441 rsicnotonu
1158 391 1215 445 237

140 506 258 565 animus
282 519 301 562 a
328 517 360 562 se
384 508 553 580 torporem,
581 521 640 581 quo
667 507 765 581 iacet,
793 507 933 566 exentiat.
963 505 1040 565 iiiuc
1063 507 1216 568 scientiam

140 617 257 662 omnem
279 599 318 661 ad
337 602 584 661 reminiscentiam
606 609 735 663 revocat.

197 699 322 759 Diversa
341 701 456 758 ratione
475 705 605 776 systema
623 699 680 758 hoe
699 699 899 778 redintegrare
918 706 1040 760 conatus
1060 706 1106 760 esi
1119 700 1216 762 Carte-

138 799 219 874 sins,
244 798 316 874 qui,
341 802 456 872 praeter
481 796 561 856 ideas
585 795 765 856 adventitias
790 813 866 874 qaae
891 812 1029 858 sensomn
1053 799 1215 861 ministerio

137 901 362 973 comparantur,
384 901 413 954 et
427 892 568 972 factitios
588 911 662 972 quas
683 897 799 955 animas
819 897 876 956 sibi
897 895 964 955 inde
983 894 1135 972 eiiormai,
1157 902 1214 958 ter·

138 995 213 1054 tium
228 1009 321 1070 genas
337 991 499 1068 adstruxit,
513 1007 588 1069 qaas
601 995 723 1052 temtos
739 994 921 1069 nominarii,
936 999 966 1052 et
986 1009 1003 1052 a
1024 999 1130 1053 natura
1150 994 1215 1069 ipsa

139 1092 254 1166 repetiit
274 1094 298 1148 ¹.
319 1089 435 1149 Tertius
460 1093 583 1150 accessit
603 1089 750 1165 Woidos,
795 1092 826 1150 ui
851 1090 946 1150 ideam
970 1091 1061 1150 totius
1084 1092 1213 1151 universi

140 1189 301 1266 ingenitam
321 1187 449 1247 induxit
471 1188 556 1246 itanc
570 1203 667 1246 rerum
681 1189 813 1246 omnium
830 1186 982 1248 mniusam
997 1189 1214 1265 exprmsionem

138 1301 203 1345 esse
223 1287 283 1360 ait,
304 1292 336 1344 at
353 1286 396 1344 ita
416 1291 450 1344 ot
469 1287 667 1360 perceptiones
686 1287 851 1362 continent,
872 1302 947 1362 qaae
967 1286 1111 1363 gradatim
1132 1283 1212 1345 eroi-

139 1387 249 1442 voutor
267 1381 398 1459 dantque
411 1381 580 1458 deductae,
596 1387 683 1458 prout
701 1381 817 1442 obieeta
829 1384 861 1441 in
875 1399 1011 1459 corpore,
1027 1385 1075 1444 oui
1095 1385 1212 1444 iunctus

138 1483 186 1540 est
209 1480 347 1556 animoa,
368 1480 546 1539 mutationes
571 1480 694 1556 gignant
710 1482 736 1540 ².
761 1480 891 1557 Denique
914 1480 971 1540 hae
995 1487 1095 1541 nostra
1119 1483 1213 1541 aetate

138 1579 298 1639 itosmima
318 1592 397 1636 nouo
417 1583 560 1653 apparatu
578 1583 609 1636 et
627 1577 716 1637 modo
736 1584 866 1654 systema
892 1579 1022 1639 idearum
1045 1579 1213 1639 innatorum

140 1677 291 1753 proposuit
309 1677 333 1734 ⁸.
355 1674 463 1735 Docuit
482 1677 560 1734 enim
584 1691 673 1735 onam
696 1681 812 1736 mnium
836 1679 963 1737 maxime
985 1677 1162 1738 obsmeeiarn
1183 1681 1215 1737 et

141 1773 396 1834 indeterminatam
417 1772 513 1832 ideam
529 1785 546 1830 a
560 1779 666 1832 natura
680 1773 803 1833 inditam
818 1776 916 1835 animo
932 1791 1013 1852 esse,
1027 1777 1213 1836 intuitionem

140 1874 279 1932 nimirum
300 1873 375 1930 eatis
389 1867 546 1947 possibilis
561 1873 590 1929 ei
606 1867 731 1946 idaim,
745 1886 822 1947 quae
841 1873 881 1931 ait
900 1871 990 1932 veluti
1006 1871 1213 1949 intelligentiae

138 1969 234 2029 torma
253 1973 282 2028 et
302 1969 400 2044 ipsum
418 1967 518 2028 iumen
540 1967 661 2027 rationis
681 1971 852 2030 constituat.
873 1968 919 2027 Er
936 1968 1025 2028 huius
1045 1975 1143 2029 autem
1164 1985 1213 2045 ap·

140 2065 295 2143 piieationa
314 2070 344 2124 et
362 2065 605 2124 determinatione
623 2063 743 2124 dinosa
755 2064 831 2124 aliae
844 2081 946 2124 omnes
965 2064 1049 2125 ideae
1062 2067 1212 2141 genericaa

65 2161 68 2165 ’
139 2170 192 2225 aut
210 2162 362 2241 speciiieaa
381 2163 555 2225 exoriantur
567 2161 721 2222 oeoasione
738 2163 916 2222 tentationis
935 2166 965 2221 et
984 2163 1013 2220 vi
1035 2161 1211 2237 reliquarum

140 2264 342 2338 operationum
363 2262 465 2320 animi.
487 2260 583 2319 Immo
601 2274 639 2318 ex
661 2258 712 2318 iiia
734 2260 798 2333 ipsa
821 2257 971 2334 profluunt
991 2257 1117 2333 indicia,
1138 2272 1210 2333 qua·

139 2368 225 2421 tenua
244 2361 340 2435 posita
359 2360 542 2432 mudena,
555 2372 632 2434 qaae
651 2358 872 2432 impressionem
893 2358 1022 2415 concreti
1042 2352 1147 2415 obiecti
1167 2370 1211 2414 re·

139 2459 230 2533 ierat,
244 2457 310 2517 idea
322 2459 399 2517 entis
418 2456 463 2515 iiii
482 2455 661 2531 adiungatur
674 2460 704 2513 et
715 2456 748 2513 in
762 2456 975 2529 perceptionem
996 2452 1211 2529 quodammodo

138 2560 285 2632 mutetur,
306 2570 366 2631 qus
384 2552 529 2613 obiectum
549 2559 665 2613 exstare
684 2550 879 2611 affirmamus.

199 2776 208 2819 i
228 2766 319 2820 Medii.
332 2776 356 2831 t,
373 2769 399 2818 in
413 2782 465 2832 qua
479 2768 516 2820 sio
531 2769 579 2819 aii:
593 2770 652 2817 «Ex
668 2767 707 2818 iris
718 2768 801 2817 autern
816 2765 877 2816 idaia
892 2766 955 2817 alise
970 2766 1079 2827 innatae,
1093 2764 1156 2815 aiiaa
1168 2764 1211 2815 ad·

139 2871 151 2893 ι
170 2850 301 2912 ventidius,
313 2850 377 2901 ritae
391 2862 407 2899 a
422 2850 533 2913 meipso
548 2850 628 2900 taetre
640 2848 702 2899 miiri
718 2847 835 2898 ridentur
850 2850 897 2897 eto.
909 2864 921 2889 n
933 2844 1028 2897 Deinde
1044 2846 1120 2897 reiati
1136 2846 1213 2897 animi

138 2928 248 2992 pendens
263 2930 325 2981 iisse
337 2928 463 2993 sdiongit:
476 2948 489 2973 α
498 2930 544 2979 Vei
561 2928 625 2979 iorte
638 2928 714 2979 diam
727 2938 814 2977 omnes
829 2938 882 2977 esse
897 2926 1044 2977 adventitias
1058 2938 1157 2989 possum
1169 2938 1214 2989 pu·

140 3027 154 3051 ι
170 3009 236 3071 iare,
253 3009 293 3059 rei
307 3021 395 3059 onunaa
409 3009 522 3071 innume,
538 3010 578 3060 rei
594 3021 680 3058 omnes
695 3008 787 3067 meins,
804 3005 915 3057 nonduin
931 3006 997 3057 enim
1013 3018 1097 3055 veram
1112 3005 1213 3055 iliarum

139 3106 152 3131 α
169 3086 289 3150 originem
304 3089 373 3138 claro
385 3089 507 3151 perspexi.
521 3090 626 3146 »Quare
639 3088 764 3137 recentior
780 3086 892 3137 idearum
907 3086 1046 3135 innatorum
1060 3084 1156 3149 opinio,
1168 3084 1215 3135 etsi

138 3166 250 3217 masio
265 3167 358 3230 passim
372 3167 512 3229 tribuatur,
528 3170 611 3218 umen
627 3168 710 3218 rerioa
726 3168 779 3218 eius
794 3167 894 3218 aoeeeiis
909 3165 1040 3218 tribuenda
1059 3167 1109 3227 esi,
1125 3166 1169 3228 qui
1184 3163 1213 3214 ii·

136 3246 187 3296 iam
203 3260 218 3295 a
232 3249 344 3311 magistri
359 3248 458 3311 piaeiiia
473 3248 626 3299 derivarunt.

196 3327 321 3391 apertis.
340 3331 400 3379 itai.
418 3342 468 3381 seo.
488 3336 509 3379 i.
527 3331 597 3379 tiano
613 3329 760 3379 aenoeniiam
777 3330 883 3393 primum
905 3327 1007 3378 tradidit
1022 3326 1159 3377 Leibuiiioe
1178 3326 1215 3377 sio

136 3405 217 3455 aiens:
230 3424 242 3449 a
254 3409 320 3457 Deus
335 3406 433 3457 enimse
448 3409 475 3457 in
490 3408 615 3457 creatione
630 3406 700 3457 dedit
714 3406 784 3457 ideas
799 3407 915 3457 ooniusea
925 3408 951 3459 et
964 3407 1089 3456 involutas
1102 3407 1215 3456 omnium

138 3504 151 3527 ι
168 3484 324 3536 obiectorum
344 3486 470 3545 universi.
486 3500 551 3550 quae
570 3486 718 3537 evolvantur
737 3489 762 3538 ei
782 3485 914 3537 distinctae
933 3484 1008 3549 ilani,
1026 3488 1100 3549 proni
1119 3486 1215 3537 obiecta

137 3584 150 3607 ιι
168 3564 318 3615 maistiones
344 3565 486 3629 producunt
509 3567 535 3615 in
562 3580 592 3616 eo
617 3578 721 3629 corpore
744 3564 811 3627 quod
837 3566 933 3616 animae
958 3566 996 3617 esi
1019 3564 1188 3615 coniunctum.
1202 3582 1214 3607 ν

136 3643 262 3707 (dim.
277 3644 314 3695 ad
329 3648 430 3696 recent.
443 3644 489 3694 iit.
504 3644 538 3695 de
551 3644 628 3695 fidei
638 3646 666 3695 st
680 3646 793 3694 rationis
810 3656 946 3695 consensu.
965 3648 1011 3709 op.
1028 3646 1047 3694 i.
1060 3650 1089 3707 t,
1103 3658 1128 3708 p.
1144 3644 1214 3705 257.)

137 3720 208 3771 idern
222 3720 284 3772 aiiii
298 3723 375 3774 mam
390 3723 514 3785 insinuat;
525 3723 571 3773 etsi
586 3722 612 3772 in
627 3723 731 3787 episioia
748 3722 780 3772 ad
795 3722 909 3775 i‘iaidnm
923 3738 950 3775 se
965 3725 1011 3775 iroc
1027 3736 1077 3773 non
1092 3723 1157 3774 serio
1172 3720 1215 3773 sed

136 3802 287 3867 hypotheses
302 3804 415 3855 tentandi
431 3804 510 3867 grstia
526 3803 658 3867 protriiase
672 3802 748 3855 dieat.

198 3888 212 3933 t
229 3884 324 3934 deero
341 3886 436 3948 Saepto
450 3882 628 3947 suil'oripiite
643 3880 780 3934 dell'idee.
