2892 4425
259 395 297 444 84
585 396 827 441 ΙΠΑΡΠΒΙΕΑΙ
847 396 1008 441 δΡΙῦΙΔΙΜ

257 508 358 567 iaeiter
376 506 557 567 substituant
577 507 668 567 ulium
690 522 826 581 sensuum
847 509 987 566 nimirum
1004 507 1086 583 quod
1104 509 1252 567 realitates
1272 508 1343 570 illae

256 604 362 663 debent
382 620 446 663 esse
463 604 655 680 substantiae,
673 611 703 664 et
720 605 838 680 quidem
859 606 1029 663 extensione
1048 610 1192 665 careum
1212 606 1247 665 ld
1268 625 1342 667 voro

256 703 348 777 gratis
368 700 501 776 laniunt,
525 701 704 761 subsndluut
726 687 943 760 enimomnem
963 700 1156 761 substantiam
1179 718 1244 762 asse
1267 707 1341 763 sim·

257 798 374 873 plioem,
392 805 422 857 et
443 797 628 859 onuluudunt
643 801 882 875 oompositlonem
901 798 987 857 molis
1008 815 1059 858 seu
1076 802 1251 876 quantitatis
1270 818 1341 861 rum

257 898 465 971 oompositione
487 903 619 956 naturae.
636 896 720 971 Quod
741 910 811 953 saue
832 910 900 954 eum
926 896 1052 955 iulsitnte
1070 899 1222 957 asseritur.
1238 900 1341 971 Quan-

258 994 327 1051 titas
347 994 425 1051 enlm
445 999 490 1052 est
507 995 669 1069 proprietas
685 994 841 1066 esseutiae,
856 1007 914 1049 non
930 999 974 1050 est
989 996 1132 1067 essentia3
1153 999 1184 1051 et
1200 1000 1342 1069 quamvis

257 1092 287 1148 lu
313 1096 426 1149 tuntum
453 1091 607 1166 exsurgit,
632 1091 662 1147 iu
688 1092 832 1164 quantum
856 1090 919 1163 ipsu
943 1092 1071 1148 essentia
1090 1094 1253 1165 oumpuslta
1277 1100 1340 1165 est,

257 1190 355 1246 tumen
374 1188 521 1246 diversam
542 1187 694 1245 eonstituit
712 1187 925 1261 quaestionem.
951 1186 1120 1245 Substantia
1143 1194 1243 1247 eutem
1262 1188 1340 1248 dirl-

257 1285 337 1344 ditur
358 1288 387 1343 iu
409 1284 571 1359 simplicem
593 1289 622 1341 et
645 1284 849 1357 compositam.
868 1282 965 1355 Quare
985 1298 1051 1341 oum
1077 1282 1166 1342 huius
1193 1288 1342 1361 principia

240 1386 489 1457 'investigantur3
509 1381 581 1439 haee
601 1395 662 1437 uon
680 1384 767 1437 erunt
785 1379 967 1438 substantiae
982 1380 1035 1439 sed
1053 1387 1149 1455 partes
1167 1384 1342 1443 essentiales

258 1481 454 1552 substantiam
474 1482 550 1537 siout
569 1494 637 1537 oum
654 1483 838 1553 quaeruntur
853 1478 997 1537 elementa
1018 1478 1156 1564 aedificii,
1174 1480 1252 1540 laiso
1275 1500 1342 1558 pnr-

259 1577 403 1635 lerrentur
423 1577 453 1633 in
474 1576 602 1637 medium
623 1574 681 1633 aila
702 1574 836 1634 aedilicia
857 1578 992 1650 minora,
1013 1576 1065 1635 sed
1084 1592 1203 1636 neeesse
1223 1586 1271 1637 est
1290 1580 1342 1638 de-

258 1676 358 1731 venire
375 1672 413 1731 ad
437 1672 564 1749 iapides,
585 1672 622 1731 ad
642 1678 811 1747 caementa,
834 1673 871 1731 ad
892 1670 1080 1731 artificiosam
1101 1674 1340 1751 dispositionem,

258 1785 334 1845 quae
352 1769 468 1845 singnis
485 1784 536 1843 per
556 1784 588 1827 so
607 1784 666 1827 nou
683 1774 753 1829 sunt
771 1768 903 1829 aedlilola
921 1768 972 1829 sed
987 1768 1110 1829 aedilicii
1124 1768 1266 1831 elementa
1281 1788 1343 1831 me-

259 1866 372 1925 terlalla
393 1865 437 1924 rel
460 1865 606 1925 lou-malie.
627 1929 631 1937 s

680 2068 863 2125 Auricuuus
884 2066 922 2125 li.

614 2265 800 2341 Quaesiiom's
824 2263 975 2325 resolutio.

322 2467 370 2518 ts.
392 2457 434 2519 Ut
452 2457 530 2535 quod
551 2457 668 2516 veritati
685 2455 894 2532 aongruentius
919 2453 975 2512 hae
997 2455 1028 2512 iu
1048 2469 1080 2512 rs
1102 2453 1186 2514 uobis
1210 2453 1340 2531 ridetur,

260 2557 362 2616 ordine
381 2557 567 2628 deliniamns,
590 2553 736 2612 distinctis
755 2552 872 2627 punctis
890 2552 1090 2626 quaestionem
1113 2550 1339 2626 explloabimus.

320 2653 364 2714 lie
385 2655 481 2729 prlmo
501 2650 639 2724 diurnus,
657 2661 858 2725 quaecumque
881 2649 1023 2706 sententia
1048 2649 1077 2704 lu
1096 2647 1152 2708 huo
1170 2653 1341 2706 eontmrer-

260 2753 304 2809 sia
319 2750 456 2824 arrideat,
466 2747 716 2808 denominationes
733 2745 799 2802 illue
816 2745 959 2802 materiae
977 2749 1007 2802 et
1016 2741 1136 2819 sor-mae
1150 2745 1258 2803 iniuria
1274 2759 1341 2804 esse

147 2885 157 2906 ,
261 2850 391 2905 relectas.
419 2845 494 2904 Nam
519 2845 633 2904 etiamsi
660 2841 794 2900 doetrlna
821 2847 985 2900 atomorum
1013 2840 1060 2898 rel
1088 2845 1199 2900 entium
1226 2841 1341 2916 simpli-

261 2943 338 3000 olum
366 2941 553 3014 admittetur,
572 2947 670 2998 tumen
690 2955 804 3014 semper
820 2953 922 2997 verum
946 2940 1002 2997 erlt
1022 2939 1139 3015 singule
1159 2953 1283 3014 corpora
1303 2953 1340 2997 ex

261 3034 369 3111 dupliol
387 3034 537 3094 ellormari
550 3036 711 3111 prluelplo:
729 3035 821 3094 altero
844 3034 994 3112 potentiali
1010 3040 1039 3093 et
1055 3034 1280 3110 determinablll,
1297 3035 1341 3094 al-

261 3139 324 3192 tero
347 3132 462 3192 iormaii
484 3139 514 3192 et
532 3132 754 3191 determinante.
774 3131 906 3192 Primum
930 3139 1117 3207 reponeretur
1135 3135 1166 3190 lu
1185 3135 1249 3208 ipsu
1270 3132 1343 3191 mul·

261 3218 386 3289 titudine
406 3235 569 3288 atomorum
591 3228 639 3287 vel
660 3230 773 3288 eutium
795 3229 986 3306 simplicium,
1004 3245 1080 3307 quae
1098 3246 1150 3305 per
1167 3245 1198 3290 sa
1219 3229 1339 3289 ludllie-

263 3343 329 3385 reus
349 3332 395 3386 est
418 3325 457 3384 ad
481 3325 538 3384 hoo
562 3325 607 3384 rel
631 3324 713 3384 aliud
740 3341 845 3401 eorpus
871 3327 1124 3403 eonstitueudum3
1146 3326 1291 3403 siqnidem
1313 3327 1343 3386 ld

263 3425 482 3500 pmvenlretox
495 3428 628 3499 textura,
643 3425 901 3500 attemperatione,
923 3425 1029 3483 virium
1048 3424 1232 3499 evolutione,
1252 3440 1344 3499 quam

262 3520 419 3582 multitudo
438 3519 489 3578 illa
509 3522 657 3596 reciperet.
674 3519 741 3578 lure
756 3522 847 3596 igitur
866 3521 1006 3596 appellari
1021 3527 1119 3597 posset
1137 3523 1258 3580 materia
1279 3535 1344 3579 oor·

262 3635 385 3696 porum3
404 3617 649 3695 quemadmodum
676 3617 803 3692 lapides,
825 3631 950 3692 quorum
972 3617 1130 3678 artificiosa
1150 3618 1343 3693 dispositione

261 3717 411 3776 ellormarl
429 3721 527 3794 potest
544 3713 719 3789 aedituum,
740 3713 922 3790 appellantur
943 3717 1066 3775 materia
1084 3715 1221 3776 aedilicii.
1234 3713 1343 3775 Seruu-

259 3814 329 3872 dum
347 3831 429 3888 vero,
443 3827 548 3886 nempe
569 3817 652 3870 souis
668 3819 698 3870 et
717 3811 893 3886 principium
916 3810 1115 3872 determinans
1138 3819 1213 3872 esset
1234 3817 1345 3871 atomo·

265 3927 330 3969 rum
354 3910 399 3969 uel
417 3912 529 3970 entium
550 3908 728 3983 simplieium
749 3906 867 3964 diversa
885 3909 1034 3983 proportio
1055 3914 1084 3967 et
1101 3911 1284 3984 temperatio,
1306 3925 1346 3968 ex

264 4021 325 4086 qua
343 4005 470 4066 eilloltur
487 4009 521 4063 ut
538 4019 643 4076 eorpus
658 4001 714 4060 lnoo
733 4015 803 4075 prae
821 4001 879 4059 allo
892 4009 1042 4076 exsurget.
1059 4002 1125 4060 lure
1141 4005 1230 4078 igitur
1249 4004 1347 4078 appel-
