2892 4425
573 367 651 411 ΡΑΙΙ
674 371 790 412 inutili

533 575 768 636 Anrrcnsns
800 579 822 636 l.

562 775 606 836 De
621 778 791 839 intuitione.

196 977 250 1029 41.
268 969 389 1029 lutultlc
405 970 515 1028 romani
535 974 633 1044 potest
646 970 693 1029 vel
705 973 785 1030 eirca
803 969 912 1044 ideam,
931 972 974 1030 vel
995 973 1073 1031 circa
1084 968 1213 1048 foenum,

135 1075 167 1127 et
186 1067 304 1144 quidm
324 1067 434 1128 iactum
451 1073 506 1127 aut
521 1067 672 1127 internum
693 1075 745 1128 ant
763 1071 928 1128 animuum.
954 1067 1009 1128 Pro
1029 1069 1135 1144 triplici
1161 1068 1216 1127 troc

137 1183 260 1226 munera
274 1167 438 1227 exercendo
456 1166 565 1242 triplici
584 1167 723 1226 facultate
744 1167 846 1226 donati
869 1183 985 1227 snmus:
1012 1167 1216 1242 intelligentia,

136 1264 286 1340 manime,
303 1267 490 1325 eunedcutia.
506 1265 657 1324 intuemur
671 1281 729 1340 ope
747 1266 954 1341 intelligentiae
974 1263 1069 1323 ideam
1085 1263 1213 1338 aliquam

135 1377 208 1440 seu,
228 1364 351 1438 mellus,
369 1361 516 1423 abiem
535 1362 702 1438 perideum
726 1369 993 1438 repraesentatum,
1020 1363 1215 1440 quoiuscum-

3 1497 9 1517 .
135 1477 197 1538 que
212 1467 340 1520 msam
360 1473 528 1521 exunamus
548 1463 578 1518 ln
600 1461 826 1537 contemplanda
840 1461 976 1520 'realitate
997 1461 1095 1536 aliqua
1118 1459 1216 1536 quoad

134 1561 286 1636 proprium
305 1565 489 1634 conceptum,
510 1557 741 1618 consideratione
760 1565 881 1620 avocata
904 1559 940 1619 ab
953 1561 1096 1619 exercitio
1116 1563 1215 1618 auna-

137 1658 175 1716 lis
197 1658 378 1715 exinentlae„
404 1655 479 1716 Aliis
498 1657 662 1731 vocabulis,
686 1661 833 1718 intuemur
854 1658 947 1717 ideam
971 1673 1037 1718 cnm
1060 1655 1215 1734 cogitando

135 1755 457 1831 spectamusobientam
477 1768 537 1814 tem
556 1769 615 1814 non
634 1763 720 1831 prosu
738 1757 767 1815 lu
782 1763 874 1816 semet
893 1759 955 1832 ipsa
973 1755 1105 1816 subsistit
1121 1763 1150 1815 et
1169 1757 1215 1814 ln·

134 1853 336 1913 diriduailbus
351 1853 566 1914 conditionibus
583 1853 730 1930 aidcitur3
750 1854 800 1914 scd
822 1862 907 1931 pmut
926 1854 1108 1931 intelligibile
1128 1854 1213 1930 quid-

6 1938 11 1951 '
134 1952 206 2012 mm
223 1958 284 2027 ast,
304 1959 335 2011 et
353 1955 494 2010 rationem
515 1955 605 2012 menti
626 1951 793 2030 suppeditat
812 1969 830 2012 a
852 1953 931 2013 iacto
952 1955 1148 2030 experientiae
1165 1967 1216 2028 per

134 2067 169 2109 se
188 2052 309 2108 minime
328 2049 549 2126 dependentem.
572 2047 619 2109 ltu
635 2056 680 2111 cst
697 2064 764 2111 enm
783 2056 894 2130 cogitas
915 2053 1060 2112 notionem
1081 2051 1214 2111 substan·
1246 2053 1251 2076 ¹

133 2149 206 2225 ttae,
222 2149 369 2207 mdonem
389 2149 549 2225 qmllmtis,
567 2150 714 2208 notionem
734 2165 849 2229 causae,
870 2153 1016 2210 notionem
1038 2149 1158 2225 lntiultl,
1182 2153 1210 2208 tu

135 2252 231 2326 iisque
248 2248 389 2308 rimandis
411 2249 598 2309 attentionem
620 2253 710 2310 animi
732 2252 844 2329 deligis.

193 2346 304 2405 Gontm
324 2348 447 2407 intueris
469 2347 606 2425 metum,
632 2366 700 2408 cum
722 2354 907 2411 existentiam
929 2350 1057 2426 aliquam
1082 2350 1212 2427 peculia·
1315 2377 1320 2385 ·

132 2460 207 2519 run,
226 2453 314 2521 prosu
332 2452 400 2505 actu
415 2448 448 2505 ln
461 2460 558 2507 mum
577 2452 683 2508 natura
699 2454 811 2525 exstat,
826 2448 1041 2523 contemplaris,
1059 2464 1108 2507 seu
1129 2462 1213 2512 eveu-

135 2550 198 2602 tum
213 2544 341 2619 aliquem
353 2544 467 2605 ordinis
481 2545 605 2622 physici.
624 2546 661 2605 Et
675 2550 813 2623 qnoniam
828 2544 969 2605 eiusmodi
983 2548 1136 2605 existentia
1151 2562 1214 2605 esse

24 2699 28 2708 ,
135 2648 230 2717 potest
247 2642 294 2701 xci
314 2644 409 2718 ipsum
431 2642 593 2703 subiectum
611 2648 746 2721 commus
769 2648 887 2721 eiusque
907 2642 1041 2721 affectio,
1062 2643 1107 2703 vel
1131 2658 1215 2703 resa

134 2740 265 2800 subiecto
280 2743 428 2819 cogitante
441 2741 595 2818 distinota3
614 2742 724 2802 ideireo
742 2747 785 2803 est
803 2750 836 2803 ut
853 2742 974 2819 iactum,
992 2742 1069 2820 quod
1087 2748 1212 2817 spectas,

133 2854 198 2897 esse
210 2842 365 2914 mesilam
378 2840 538 2914 internum,
552 2846 604 2899 aaut
614 2848 781 2900 externum.
798 2840 828 2901 Si
843 2845 921 2901 enlm
936 2849 964 2901 te
980 2846 1075 2917 ipsum
1088 2844 1216 2919 cogitan-

134 2942 195 2994 tem
216 2942 305 3013 atquc
322 2936 389 2996 ideo
406 2940 593 3012 existentem
612 2946 665 2997 out
683 2938 814 2999 dolorem
834 2947 863 3000 et
881 2938 1041 3010 laetitiam,
1063 2955 1123 3017 qna
1140 2939 1214 2999 iorte

134 3033 284 3109 afficeris,
307 3034 463 3112 advertas3
488 3035 597 3095 mentm
619 3040 744 3114 percipis
768 3042 935 3115 internum,
950 3046 980 3099 et
998 3038 1122 3098 incultas
1141 3056 1216 3117 quae

44 3163 47 3168 <
134 3133 164 3191 id
185 3138 331 3209 praestat,
355 3134 518 3209 appellatur
540 3138 734 3210 maenianum
758 3152 833 3213 quaa
856 3136 1012 3196 reflexione
1036 3140 1141 3196 mentis
1166 3152 1214 3197 su·

135 3246 189 3303 pra
209 3232 334 3305 seipsam
359 3238 445 3308 atque
466 3249 556 3308 supra
578 3234 752 3310 subiectum,
774 3239 821 3294 cul
844 3236 988 3310 inhaeret,
1014 3238 1211 3295 constituitur.

133 3326 164 3384 st
189 3342 260 3386 vero
278 3343 413 3407 corpora,
434 3346 510 3407 quae
528 3338 557 3391 ts
580 3334 783 3409 circumstant,
806 3348 964 3410 eorumque
984 3332 1115 3410 diversa}
1128 3335 1215 3411 phae-

133 3441 259 3485 nomena
280 3429 411 3505 attlngls,
432 3429 543 3489 iactum
560 3432 707 3514 contueris
727 3438 895 3507 externum3
916 3431 995 3508 quod
1015 3432 1132 3507 quidem
1153 3448 1216 3491 sen·

132 3522 215 3581 silum
236 3526 363 3599 primam
387 3539 532 3603 usurpas,
557 3528 662 3588 deinde
686 3530 833 3589 intellectu
862 3528 1016 3591 diiudicas.
1045 3530 1129 3591 Unde
1152 3534 1216 3591 lure

135 3622 297 3698 meritoque
322 3625 443 3684 intuitio
464 3624 555 3684 dividi
584 3634 679 3703 potest
698 3631 728 3685 in
754 3626 1002 3705 intellectualem,
1030 3628 1215 3711 psychologi·

137 3734 222 3794 mm,
244 3721 423 3782 sensibilem.

196 3818 273 3878 lline
290 3818 399 3895 duplex
420 3823 494 3882 ordo
513 3822 637 3883 habetur
658 3828 848 3887 inscientia:
873 3826 945 3886 ordo
970 3824 1071 3887 idealls
1093 3834 1122 3887 et
1145 3828 1217 3885 ordo

134 3921 382 3993 experimentalis.
402 3920 518 3981 Primus
536 3926 668 4000 exsurgit
686 3940 721 3984 ex
741 3926 894 3985 intuitione
907 3924 1056 4001 idearum,
1075 3926 1216 4000 posterior

132 4030 171 4071 ex
192 4016 349 4076 intuitione
367 4018 532 4094 tactorum3
551 4024 601 4096 qul
621 4039 720 4081 rursus
744 4027 773 4084 lu
794 4026 1003 4097 experientium
1024 4026 1168 4080 internam
1189 4030 1217 4080 et
