2892 4425
224 357 280 410 isi
551 360 792 408 mmmm!
812 359 973 406 ΙΡΙΩΙΑΙιΙΙ

217 485 276 548 qna
294 475 401 532 natura
420 468 506 532 rubus
526 470 584 530 sibi
608 469 757 532 sirniiibus
775 476 806 530 et
822 469 1012 547 bomogonois
1028 469 1136 545 pods
1153 478 1184 532 ot
1203 474 1302 552 viget3

220 569 377 630 ooumrlis
397 582 468 626 uero
488 570 623 628 uitiatur
635 574 666 626 et
678 566 813 628 tabssdt
828 567 919 643 Atqui
933 569 1050 628 animus
1069 566 1218 630 humanus
1239 573 1302 646 spi·

221 662 376 724 ritualibus
390 666 511 724 omuino
527 663 614 724 bouis
636 664 746 740 (quaiis
769 669 840 724 suut
858 665 993 740 virtutos,
1013 667 1149 742 rotunda,
1163 665 1301 728 liurninb

219 761 438 838 eontenrpirtio,
457 767 548 837 utque
564 762 626 822 uiiu
645 761 677 820 id
696 763 799 838 genus)
824 762 953 820 maxima
972 760 1081 822 fruitur
1103 769 1134 823 et
1154 768 1299 841 augessit,

219 873 329 936 perque
347 858 399 918 iiiu
414 857 541 919 uobiiior
565 859 611 934 iit,
630 861 835 935 perspicacior,
860 864 948 934 atquo
962 861 1113 920 activitate
1134 865 1298 938 potentin,

219 962 322 1018 oontra
343 957 492 1032 oorporais
511 955 694 1032 deprimitur,
715 955 830 1016 siiesoit
849 961 880 1014 et
899 962 1006 1032 torpet.
1020 957 1100 1034 Ergo
1118 973 1178 1018 uon
1198 975 1300 1035 oorpo-

220 1069 301 1130 rous,
320 1052 373 1114 sod
386 1053 604 1130 spiritualissst
619 1055 746 1116 animus.

279 1149 390 1212 Deinde
407 1151 489 1212 uuiia
509 1153 556 1211 vis
572 1153 686 1226 operari
706 1156 801 1226 potest
820 1157 926 1212 ustura
938 1167 994 1212 suo
1006 1157 1112 1212 ooutra
1132 1151 1298 1214 subiectum

219 1249 298 1314 unde
313 1249 431 1326 pendet,
453 1265 523 1309 nam
540 1251 598 1308 nisi
618 1248 758 1308 sioioutia
772 1251 955 1310 extrinsecus
976 1248 1132 1327 inferatur,
1157 1267 1233 1326 quae
1251 1267 1299 1312 ao·

219 1346 428 1423 quilibriittern
449 1352 572 1406 naturae
588 1345 705 1419 turbet3
724 1362 744 1406 a
761 1346 891 1406 subieoto
910 1347 975 1420 ipso
999 1349 1030 1406 in
1047 1347 1195 1423 operando
1213 1347 1296 1407 duui-

218 1451 279 1518 tur,
299 1446 385 1504 ouius
404 1458 459 1518 opo
480 1442 614 1502 subsistit
636 1459 671 1503 ao
697 1449 860 1518 pormanet.
891 1444 930 1504 At
963 1458 1047 1527 uaro-
1071 1446 1189 1504 unimus
1211 1459 1298 1520 saepe

218 1542 353 1616 propriso
375 1543 569 1616 ipuataequuo
587 1539 770 1600 inclinationi
791 1539 966 1616 obsequens,
981 1540 1013 1600 id
1033 1539 1113 1616 quod
1132 1539 1170 1600 ad
1189 1557 1298 1617 oorpus

216 1637 344 1712 pertinet
361 1635 552 1712 dedignatum
571 1639 663 1695 immo
679 1643 744 1695 turn
759 1639 887 1695 maxime
907 1651 990 1696 suam
1012 1635 1213 1697 emensitatem
1231 1654 1295 1713 pro

217 1732 262 1793 dit
279 1740 311 1792 ot
328 1735 491 1810 duagium,
503 1749 573 1794 oum
592 1749 699 1809 oorpus
719 1733 775 1792 sibi
790 1733 902 1809 subdit,
922 1737 1007 1810 eique
1019 1733 1058 1794 ud
1072 1749 1211 1810 onrporea
1231 1751 1298 1810 pro·

216 1830 354 1905 pendenti
372 1816 542 1892 rduumtur.
562 1831 642 1907 iirgo
662 1847 722 1890 nou
742 1830 828 1890 ruodo
852 1837 975 1892 nonest
995 1839 1119 1907 oorpus,
1138 1830 1189 1890 sed
1206 1833 1296 1892 edam
1340 1903 1346 1914 Ι

216 1941 237 1984 a
261 1941 383 2002 oorpore
408 1942 592 2004 nequequam
615 1927 743 2003 pendet,
763 1933 852 2003 atque
881 1926 946 1988 idoo
972 1927 1173 1988 immaterialis
1196 1935 1241 1988 ast
1259 1944 1296 1988 uo

216 2024 389 2098 spirituulis.
416 2024 508 2088 Qus
531 2031 633 2084 mutuo
653 2025 886 2086 oontradioentia
918 2025 1049 2102 oopuiari
1071 2025 1221 2102 dedissunt,
1247 2041 1314 2086 as·.

215 2119 427 2199 uerendumque
445 2130 539 2184 osset:
561 2121 673 2198 aliquid
699 2123 727 2182 ei
751 2121 850 2200 subdi,
877 2125 907 2181 in
930 2122 1010 2198 quod
1029 2123 1208 2184 dominatur.

275 2218 407 2297 Denique
428 2220 488 2281 buo
504 2220 650 2284 aoosduut
670 2221 797 2282 rationes
818 2236 920 2281 omnm
934 2236 1011 2297 quoe
1024 2237 1062 2281 ex
1082 2220 1224 2281 libertatis
1237 2236 1296 2283 rrsu
1326 2203 1335 2219 '

184 2380 193 2395 ,
216 2317 438 2392 depromuntur.
458 2318 612 2378 flumauus
641 2320 719 2377 enirn
743 2319 859 2379 unimus
882 2334 942 2377 non
960 2318 1047 2378 modo
1069 2316 1108 2377 ad
1126 2320 1295 2409 innumera,
1412 2366 1417 2379 .

215 2412 351 2473 adustis
371 2416 573 2492 potissimum,
587 2430 687 2475 umore
707 2416 836 2491 rupitnr3
856 2430 958 2475 verum
980 2416 1081 2489 etiarn
1094 2414 1166 2475 dum
1182 2414 1239 2473 sibi
1252 2416 1296 2475 iu·

215 2511 332 2589 vigint,
346 2513 434 2589 pieuo
449 2514 480 2571 iu
498 2528 568 2573 suos
587 2515 717 2572 udones
728 2512 858 2571 dominio
879 2512 999 2573 imitu.
1012 2512 1109 2585 Quone
1125 2512 1163 2572 ad
1175 2528 1225 2573 eus
1242 2512 1294 2573 de·

214 2610 415 2673 tuminuudus
433 2610 577 2671 arbitratu
603 2610 742 2685 dudtur,
766 2626 820 2669 nso
843 2610 882 2671 ab
902 2610 965 2671 uiio
988 2616 1087 2671 orento
1112 2616 1236 2687 egente,
1261 2594 1294 2671 iu

214 2728 322 2791 eorpus
342 2718 503 2788 utcumque
519 2715 659 2785 quouis
680 2712 802 2786 simque
821 2712 1055 2786 potentissimum
1077 2708 1230 2787 inurente,
1253 2710 1293 2771 ad

214 2810 327 2886 aiiquid
345 2808 503 2869 uniendum
513 2809 580 2886 uugi
603 2814 706 2884 potest.
720 2806 762 2867 At
774 2806 805 2867 id
822 2808 939 2867 nonnisi
953 2806 1135 2869 substautias
1155 2808 1294 2889 spiritua·

214 2907 253 2969 iis
265 2909 416 2984 proprium
429 2913 487 2981 ost,
503 2912 568 2965 tuuu
581 2908 650 2983 quis
663 2908 743 2967 ontio
757 2906 919 2967 materialia
932 2905 1053 2966 dessmto
1065 2906 1165 2983 aliquo
1177 2905 1293 2966 obiecto

215 3006 426 3080 terminantur,
447 3010 511 3063 tum
531 3005 601 3079 quia
621 3005 770 3079 appetitus
790 3004 973 3065 substantiae
994 3004 1154 3065 materialis
1175 3005 1293 3065 nonnisi

133 3138 140 3148 ·
214 3100 379 3162 materiaiia
390 3107 422 3161 st
436 3098 570 3160 sensibus
593 3100 723 3161 obnoxiu
741 3104 969 3178 oonoupisonrei3
991 3108 1055 3163 tum
1075 3101 1202 3177 denique
1222 3102 1294 3177 quia

213 3198 357 3277 quidquid
375 3214 396 3257 a
413 3210 534 3272 oorporo
553 3195 671 3273 pendet,
697 3198 758 3257 tiiis
780 3198 895 3259 uiribus
915 3198 1050 3261 dometur
1075 3202 1203 3277 oportat,
1217 3212 1295 3275 quas

214 3308 324 3373 oorpus
341 3301 438 3357 toturn
465 3298 606 3370 superant
624 3293 738 3372 sibique
761 3295 912 3373 subigunt.
1335 3286 1337 3291 ’

564 3448 725 3509 Solvuntur
742 3451 943 3526 difficultates.
1015 3446 1020 3455 '

274 3596 324 3648 ss.
346 3586 487 3649 obitui.
515 3587 626 3649 Gonuu
647 3586 850 3650 oonstabiiitss
874 3588 1070 3653 usdutes'sio
1085 3576 1207 3667 oppon'it
1226 3588 1294 3649 voi·

215 3686 301 3744 taire:
323 3685 358 3745 iu
385 3690 508 3747 materia
527 3690 630 3748 insunt
654 3689 846 3763 proprietates
870 3688 986 3765 uiiquae
1005 3687 1169 3764 simpiioss,
1190 3684 1293 3764 quales

212 3789 284 3843 suut
296 3784 440 3862 gravitas,
453 3784 605 3862 siduitas,
628 3786 675 3844 uis
687 3786 795 3843 moirir
816 3784 948 3862 aliaeque
968 3784 1166 3861 quampiures.
1182 3782 1293 3858 Quidni

212 3882 303 3957 igitur
321 3884 370 3942 uis
390 3884 479 3943 etiam
493 3882 643 3960 oogitandi
665 3880 758 3942 sidem
780 3888 814 3941 ut
832 3878 993 3958 proprietas
1014 3882 1109 3943 insit?
1127 3881 1162 3941 id
1182 3896 1253 3943 vero
1265 3883 1294 3941 si
1389 3874 1396 3888 '

212 3976 274 4054 tiet,
298 3979 336 4041 ds
362 3981 569 4058 spiritualitate
589 3982 681 4039 animi
703 3980 919 4039 oonoiamaturn
943 3982 1010 4041 erit.
