2892 4425
555 357 611 402 SEU
634 357 814 400 ΟιιῐθιΟθΙΔ
1162 350 1217 400 257

136 484 288 532 summam
302 467 402 527 llumii
417 467 600 528 ratiocinatio
612 473 669 540 ast,
681 482 741 540 qua
755 467 934 524 automatum
949 464 1217 538 experimentaiium

137 582 178 624 ac
189 566 455 637 ratiocinationum,
466 578 542 639 quae
556 563 624 622 inda
638 562 810 638 procedunt,
822 561 989 622 ilrmltatem
1001 560 1037 620 de
1051 561 1146 620 medio
1161 564 1218 638 pei·

139 665 202 722 lare
221 664 352 722 enititur.

202 769 252 818 aa.
279 759 389 819 ilerum
406 759 479 818 baec
496 761 614 833 scoptlci
636 757 763 816 bominis
781 758 935 816 conamina
949 763 1051 816 contra
1070 759 1217 837 verimtas,

137 872 217 932 quae
236 855 275 914 ad
294 859 385 915 vitam
404 855 531 915 bominis
552 855 685 914 alendam
704 854 901 930 tuendamque
922 861 982 914 tam
1005 862 1074 915 sunt
1090 873 1218 918 necessa·

138 957 219 1028 riae,
240 951 442 1028 prudentiores
463 954 662 1026 sentimasque
691 951 855 1026 philosophi
875 950 1028 1026 diligenter
1049 954 1218 1029 propulsare

138 1051 327 1111 studuerunt.
348 1049 478 1108 Thomas
498 1048 592 1122 Reid,
614 1051 686 1124 qui,
706 1048 745 1106 ad
766 1049 864 1108 iiumii
886 1051 1101 1124 scepdclsmum
1123 1055 1217 1110 vitan·

136 1147 223 1224 dum,
236 1162 340 1206 sensus
352 1149 516 1206 communis
530 1146 654 1205 adscivit
671 1145 896 1220 adminiculum,
908 1148 991 1205 iuria
1010 1163 1045 1206 ea
1059 1151 1215 1226 principia,

137 1259 216 1319 quaa
236 1248 381 1318 nectatur,
401 1243 623 1302 tundamentum
642 1250 672 1302 et
692 1242 784 1302 robur
805 1242 1003 1304 similitudinis
1023 1244 1155 1305 futurum
1177 1250 1218 1307 in·

138 1347 186 1398 ter
205 1348 235 1400 et
254 1347 435 1401 mansactum
448 1342 608 1416 comperire
622 1341 678 1400 sibl
693 1343 774 1399 visus
788 1347 832 1398 est
847 1342 877 1398 ln
894 1357 979 1399 caeco
992 1342 1119 1416 quodam
1135 1351 1216 1403 natu·

139 1453 191 1496 rae
208 1439 362 1512 instinctu,
380 1453 439 1513 quo
455 1439 484 1494 vi
504 1437 632 1513 quadam
653 1435 830 1496 ineluctabili
849 1437 887 1495 ad
906 1438 946 1496 ita
963 1438 1152 1498 iudicandum
1173 1443 1216 1499 in·

137 1537 334 1594 citarsmur1.
354 1535 462 1594 Verum
482 1549 520 1592 es
544 1536 593 1610 iis,
612 1549 688 1609 quae
709 1533 745 1591 de
767 1549 853 1592 sensu
875 1540 996 1593 naturae
1020 1541 1167 1596 communi
1185 1541 1217 1598 in

138 1631 267 1707 Logica,
289 1639 320 1690 st
338 1647 413 1707 quas
441 1631 591 1706 superiore
616 1630 740 1689 articulo
764 1637 867 1689 contra
887 1631 987 1690 Kantii
1013 1631 1126 1692 indicio
1145 1651 1214 1711 ryn-

140 1727 252 1788 tbeticu
264 1744 286 1786 o
298 1730 397 1804 priori
415 1727 640 1803 disputadmus,
654 1727 784 1802 perlucet
797 1725 911 1786 abunde
929 1727 1126 1788 defensionem
1140 1730 1217 1790 banc

138 1824 313 1882 Ilctdianam
333 1824 449 1898 probari
472 1840 530 1882 non
546 1839 642 1900 posse.
664 1824 848 1900 Quamquam
876 1826 955 1882 enlm
973 1828 1049 1884 lumi
1066 1827 1096 1884 ln
1118 1829 1217 1887 animo

137 1920 283 1979 naturalis
297 1919 335 1978 ad
355 1927 432 1980 recte
447 1937 572 1997 vereque
589 1920 777 1980 iudicandum
800 1921 1019 1997 determinatio,
1035 1912 1104 1982 hnic
1120 1931 1217 1984 tanen

138 2016 313 2092 respoudeat
330 2031 404 2092 opus
425 2025 469 2076 ost
491 2033 527 2076 ax
555 2024 636 2093 parta
660 2017 766 2076 obiecti
794 2017 1017 2077 fundamentum
1045 2019 1164 2096 aliquod
1188 2027 1217 2080 at

139 2116 227 2190 ratio,
241 2129 301 2190 qua
314 2129 396 2173 mens
418 2116 450 2173 ln
462 2114 617 2191 cogitamo
638 2121 800 2175 movantur.
817 2114 917 2190 secus,
930 2114 1049 2190 iudicia,
1064 2132 1139 2191 quac
1152 2133 1215 2192 pro
1294 2175 1300 2194 ,

139 2210 284 2287 inimus,
307 2227 394 2272 mana
413 2218 529 2287 essem,
555 2212 755 2289 irrationalia,
782 2219 811 2271 at
830 2219 964 2273 naturam
993 2214 1086 2287 ipsam
1108 2216 1216 2275 mantis

122 2310 307 2367 -everteutla

199 2388 261 2463 Nec
274 2406 438 2481 exemplum
451 2404 571 2465 ductum
584 2406 622 2465 ab
634 2406 796 2465 luiautibns
810 2408 918 2465 evincit
933 2405 1054 2482 aliquid.
1079 2406 1216 2467 Fatemur

140 2499 288 2561 enim'oos
316 2504 379 2560 sinc
399 2503 619 2561 ratiocinatione
641 2506 749 2561 moveri
771 2503 808 2561 ad
824 2503 1020 2579 expectandos
1041 2504 1151 2565 similes
1174 2507 1216 2564 ei-

141 2596 235 2656 iectns
252 2614 271 2656 a
289 2598 488 2659 consimilibus
506 2601 612 2658 causis.
635 2601 676 2658 At
695 2609 766 2659 tunc
787 2616 844 2659 non
867 2607 899 2660 ut
919 2602 1074 2661 rationales
1095 2618 1214 2677 operan-

141 2698 201 2769 tur,
224 2693 276 2759 aad
293 2696 432 2755 instinctu
455 2703 568 2756 tautum
590 2695 722 2756 teruntur
742 2699 979 2775 imaginationem
1002 2706 1214 2775 consequente,
1291 2698 1295 2707 “

200 2858 285 2909 ιΕιιιι
304 2860 364 2910 baec
383 2863 441 2912 sunt
460 2863 551 2912 verba:
576 2884 588 2908 «
609 2863 759 2915 constitutio
779 2866 832 2928 ipsa
850 2866 953 2916 naturae
975 2864 1091 2917 instinctu
1108 2866 1215 2929 quodam

141 2958 154 2981 ι
168 2950 214 2987 nos
231 2938 334 2991 adducit
352 2942 386 2991 ad
404 2940 549 2992 nimmia
567 2944 613 2993 toti
632 2944 721 3007 maciei
743 2942 874 3006 qualitates
891 2957 954 3008 quas
974 2945 1000 2995 ln
1020 2945 1156 2997 individuis
1175 2960 1217 2998 ax·

141 3036 154 3060 ·
166 3018 230 3081 perti
244 3031 338 3069 sumus.
356 3022 388 3071 vi
405 3022 535 3072 instinctum
550 3022 625 3073 buius
643 3036 689 3073 nos
713 3024 832 3075 citissima
846 3025 938 3076 scimus
960 3026 1041 3087 ignom
1054 3026 1214 3089 comburere,

141 3116 154 3139 ι
167 3110 258 3160 aqum
278 3100 431 3164 rotumam,
452 3114 557 3166 corpora
578 3102 702 3165 decidere,
719 3116 808 3167 panem
827 3106 971 3155 enutrire.»
996 3108 1025 3156 iit
1040 3106 1131 3157 dicius
1143 3108 1216 3157 odam

139 3174 186 3225 sob
204 3176 315 3227 ciusdem
333 3179 423 3241 ospitis
443 3180 556 3230 initium:
583 3202 595 3223 σι
619 3185 685 3231 Dum
701 3186 815 3234 naturam
839 3184 862 3233 in
884 3186 988 3235 diversis
1008 3198 1109 3237 suamm
1128 3186 1215 3250 produ·

141 3256 276 3305 «οιίοιιιιιιι
298 3258 427 3319 gutembus
451 3260 550 3311 modun
569 3263 683 3313 externus
704 3264 836 3325 qualitates
857 3264 1011 3315 multitudini
1030 3265 1216 3315 individuorum

141 3353 153 3375 α
168 3334 348 3398 impartientem
359 3342 519 3401 contuemur;
535 3344 603 3391 certo
616 3342 719 3391 terimur
735 3344 862 3401 instinctu,
878 3345 921 3407 qui
941 3345 1115 3408 experientiam
1128 3346 1214 3408 praeit,

139 3413 196 3462 aad
215 3414 368 3466 resumtum
390 3418 527 3469 indiuidua·
547 3420 590 3469 iiia
611 3422 705 3471 similis
727 3422 801 3473 cilum
821 3424 873 3473 lore
898 3424 980 3487 quoad
1003 3425 1135 3488 qualitales
1158 3438 1215 3487 eas,

141 3513 153 3534 a
167 3506 233 3556 quae
253 3495 336 3545 minus
355 3500 491 3561 spument,
514 3512 628 3563 quaeque
647 3502 758 3553 nondum
778 3504 849 3553 nobis
872 3505 1011 3567 comperias
1029 3508 1096 3554 sunt.
1119 3504 1159 3555 Sic
1180 3506 1215 3554 iu·

141 3592 153 3615 n
166 3573 230 3637 iaus,
250 3575 291 3624 cui
311 3579 388 3627 tunel
408 3578 496 3629 incidit
509 3578 613 3642 digitum
636 3582 736 3632 lucerua
753 3584 874 3645 comburi,
895 3584 965 3633 liniet
982 3596 1013 3633 uc
1034 3584 1105 3633 dolor
1123 3584 1216 3647 rodem,

140 3652 186 3703 «si
202 3654 320 3705 lucernae
341 3657 412 3707 alteri
431 3660 475 3708 sut
494 3658 608 3710 flammae
621 3660 701 3710 cuivis
721 3662 811 3711 iterum
828 3676 929 3713 manum
944 3661 1087 3725 admoveai3
1108 3665 1133 3713 et
1147 3664 1215 3727 quod

140 3752 152 3773 ιι
164 3744 319 3797 consequens
336 3737 382 3797 ssi,
397 3737 421 3786 is
439 3740 489 3787 vim
505 3738 666 3789 combibendi
682 3740 729 3789 toti
750 3741 842 3803 speciei
859 3741 1013 3793 flammarum
1032 3742 1129 3793 tribuit.
1147 3743 1217 3793 indu·

140 3832 152 3853 α
166 3812 216 3862 ctio
237 3814 324 3877 ἰιιιιω,
338 3829 402 3877 quae
417 3832 447 3867 ex
468 3818 656 3869 ratiocinatione
672 3833 721 3868 non
745 3820 917 3884 proficiscitur,
936 3836 1059 3885 quamque
1075 3825 1152 3873 ratam
1165 3836 1214 3873 nou

140 3892 223 3943 «boii
242 3895 399 3945 ratiocinatio
416 3899 488 3947 ete.»
508 3900 622 3949 oscam
640 3900 760 3963 complet.
771 3902 790 3948 ι.
803 3904 825 3949 ι.
846 3902 934 3951 lisania
950 3914 999 3951 sur
1010 3900 1046 3951 les
1062 3900 1163 3961 jacuit.
1184 3902 1216 3951 rte

141 3968 248 4034 capric
262 3972 351 4033 larem,
363 3976 457 4025 essaii'
459 3978 547 4040 ,.clrap
561 3981 603 4039 iv,
615 3978 679 4027 irad.
692 3993 736 4041 pur
749 3980 890 4051 ioullroy

1001 4070 1034 4118 ii
