2892 4425
331 386 539 446 orosanrrrr
560 399 573 415 ·
593 386 774 429 soeoroorr
797 385 976 430 arnonius
1139 382 1195 434 tia

117 516 204 561 neure
223 512 284 557 non
303 496 398 557 ridet:
425 496 521 555 mum
548 497 764 571 ropooraruot,
790 493 842 553 red
865 512 925 555 ooo
946 500 982 555 ul
1012 496 1106 557 Deum
1131 497 1196 575 pto·

1 649 6 660 .
117 597 356 672 numerarer.

177 693 323 754 Audiatur
334 688 469 765 Orosius,
481 691 535 765 qai
551 690 594 749 ait
612 688 746 749 ethnicos
763 712 777 740 α
793 689 864 750 dnm
879 691 991 750 intento
1004 694 1111 751 mentis
1132 699 1195 753 sta·

121 816 135 845 «
156 791 207 851 dio
231 794 376 866 quaerunt
402 793 628 862 scrutanturque
653 788 776 862 orodis,
802 803 895 847 unum
924 786 1017 849 Deum
1044 796 1193 850 auctorem

58 912 64 921 =
121 913 134 941 ι
157 890 289 948 omnium
309 887 461 962 reperisse,
475 883 513 944 ud
534 900 620 960 quero
641 886 741 943 omnia
761 883 937 945 referuntur.
954 910 967 937 n
990 886 1075 946 Unde
1094 887 1193 948 addit:

122 1011 135 1037 ·
157 987 246 1045 etiam
265 999 345 1044 nano
367 985 488 1058 pagani,
501 997 577 1058 quos
599 983 659 1041 lam
680 981 830 1041 declarata
853 984 963 1042 veritas
984 982 1023 1043 de
1041 990 1195 1046 conturna·

121 1106 134 1134 ι
158 1084 206 1141 eia
224 1082 336 1159 magis,
355 1094 446 1156 quarn
465 1079 503 1139 de
531 1080 697 1155 ignorantia
716 1081 882 1156 pervincit,
905 1095 973 1140 onor
994 1096 1011 1140 a
1032 1080 1117 1141 nobis
1135 1082 1196 1143 dis·

123 1202 136 1231 ι
158 1181 299 1253 sentiunt,
318 1192 379 1236 non
399 1191 431 1236 se
449 1176 548 1252 plnres
566 1176 642 1236 Deos
661 1176 713 1235 sed
734 1176 789 1237 suis
808 1191 868 1235 uun
887 1176 949 1237 Deo
970 1194 1078 1256 magno
1097 1180 1197 1256 plures

123 1301 137 1329 ι
160 1278 309 1337 rnialsuos
328 1276 461 1333 venerari
479 1273 618 1333 leuatur.
641 1274 743 1335 Rostro
760 1276 850 1351 igilur
865 1274 902 1333 de
920 1276 1111 1353 intelligentia
1132 1281 1196 1339 reri

124 1398 137 1425 s
160 1372 214 1432 liei
234 1388 285 1447 par
304 1371 413 1433 multas
432 1371 611 1449 intelligendi
626 1374 805 1446 suspiciones
819 1371 942 1431 ooamsa
956 1372 1113 1451 dissensio,
1126 1380 1198 1453 quie
1321 1384 1324 1391 “

125 1496 138 1520 α
160 1469 198 1529 de
217 1485 277 1529 uno
297 1469 357 1529 ileo
375 1471 507 1529 omnium
528 1484 604 1545 pene
622 1484 683 1529 una
701 1470 800 1543 opinio
820 1476 865 1529 est
886 1473 911 1529 2.
928 1495 940 1521 r
959 1470 1088 1548 Eihniel,
1103 1475 1128 1531 ei
1151 1490 1200 1534 res

122 1574 258 1627 seranta
276 1574 437 1643 spectetur,
452 1569 483 1625 ln
504 1567 561 1627 hoo
572 1552 745 1642 delirarunt,
760 1566 839 1643 quod
856 1574 973 1643 praeter
996 1583 1087 1628 unum
1103 1569 1196 1629 Deum
1287 1625 1290 1636 ,

122 1668 266 1741 optimum
285 1668 445 1725 maximum
458 1668 632 1725 stemniuro
651 1664 839 1741 eiieetorem,
865 1664 1017 1725 inferiores
1037 1667 1111 1725 alios
1132 1682 1196 1728 esse

122 1763 273 1839 daeerent,
287 1762 395 1839 quibus
414 1765 479 1839 ipsa
498 1763 602 1822 divina
621 1769 729 1822 natura
749 1758 964 1825 eommuoioata
982 1769 1057 1822 esset
1071 1763 1198 1839 elapud

122 1876 197 1937 quos
214 1860 354 1921 resideret
367 1876 464 1920 rerurrr
482 1860 697 1920 mundanarum
711 1860 937 1920 administratio.
954 1860 1095 1936 Supremo
1109 1863 1199 1937 igitur

123 1957 185 2017 lieu
200 1958 314 2034 relicto,
329 1958 377 2016 iris
393 1956 573 2017 Numinibus
588 1957 769 2017 mundastis
789 1958 901 2017 cultum
920 1956 1126 2018 exhibuerunt.
1142 1958 1200 2018 Sed
1295 2034 1298 2039 Ι

125 2055 164 2116 ad
182 2071 310 2117 errorem
329 2056 413 2137 ilium
429 2053 611 2136 eripiendum
629 2055 717 2113 altior
738 2056 867 2113 veritalis
886 2055 1089 2128 perspicientia
1103 2058 1199 2130 requi·

125 2150 254 2228 nbatnr,
267 2167 357 2229 quam
378 2151 458 2228 voigi
473 2156 577 2226 eaptus
600 2166 650 2225 per
670 2148 907 2209 oleoselinon
928 2150 958 2206 in
980 2164 1012 2207 re
1028 2150 1201 2210 versabatur

124 2266 201 2326 qnae
216 2248 336 2308 dirirrae
358 2252 480 2307 naturae
498 2246 854 2306 inooromunloabiiitstem
874 2247 1009 2322 attingit3
1031 2263 1106 2322 quea
1122 2255 1200 2308 uerte

124 2362 185 2405 non
201 2343 336 2420 populari
353 2343 546 2418 intelligentia
559 2344 638 2404 lliioo
650 2345 792 2420 cernitur,
807 2343 857 2404 sed
872 2343 1024 2403 subtiliore
1037 2352 1103 2420 eget
1121 2361 1201 2405 men·

126 2445 164 2502 tis
190 2441 338 2518 indagine.
357 2440 528 2516 Philosophi
550 2441 581 2500 id
608 2456 765 2516 agnoscere
788 2439 922 2500 absolute
942 2443 1123 2517 potuissent,
1149 2443 1201 2502 sed

125 2540 204 2600 mulo
216 2538 278 2599 into
294 2537 493 2614 voluptatibus.
503 2540 600 2598 earnis
612 2538 762 2616 impliciti,
776 2545 806 2599 et
819 2537 990 2614 popularem
1004 2539 1080 2598 irem
1096 2541 1201 2598 timen-

126 2643 183 2711 tes,
198 2651 259 2695 non
272 2635 360 2695 modo
383 2637 532 2696 eommuni
547 2635 682 2695 idearum
699 2634 883 2712 norrupleiae
903 2651 964 2695 non
986 2635 1136 2713 obstitere,
1149 2636 1202 2696 sod

125 2749 192 2792 earn
209 2748 297 2808 opere
314 2740 352 2810 et,
364 2731 495 2793 oonslllis
508 2731 695 2792 adiurnnnt.
710 2733 885 2794 Conierlran
905 2747 994 2809 super
1015 2749 1047 2794 re
1067 2732 1202 2795 divinum

126 2847 200 2909 opus
222 2829 253 2890 S.
276 2830 446 2907 Augustini:
473 2831 518 2892 De
537 2831 661 2890 ciuitate
687 2830 755 2890 Ilei.

468 3123 605 3194 CAPUT
631 3121 863 3193 SECUNDUM

386 3350 389 3355 -
426 3317 466 3364 DE
479 3315 657 3364 amulius
670 3317 720 3364 ultr
733 3314 906 3362 rusulum.

189 3513 396 3590 Proprietates,
415 3529 491 3589 qaae
511 3515 602 3576 veluti
615 3531 652 3574 ex
671 3513 724 3574 Dal
738 3519 844 3573 natura
856 3503 979 3584 manare
1000 3511 1137 3590 videntur
1159 3511 1207 3588 (re

129 3619 227 3672 tamen
242 3627 335 3672 unum
357 3611 500 3688 idemque,
512 3612 596 3688 sunt)
619 3613 682 3672 elus
702 3611 843 3671 attributa
862 3613 1066 3686 nominamus3
1080 3625 1206 3687 quorum

129 3711 248 3787 partilio
267 3708 420 3785 multiplex
442 3724 461 3767 a
483 3709 668 3785 philosophis
690 3714 721 3770 et
740 3707 885 3786 theologis
902 3709 1026 3784 proferri
1045 3708 1129 3770 suist.
1144 3705 1209 3766 Tri«.

188 3947 198 3990 i
218 3938 259 3991 iri
274 3940 405 3989 Romanor
423 3952 446 3990 e.
463 3949 484 3992 1.

67 4023 75 4030 ’
189 4021 288 4074 illiti.
304 4019 321 4072 l.
336 4027 405 4084 Μ.
425 4029 447 4072 l.
