2892 4425
238 360 295 410 ara
565 360 804 403 uartrat'srctn
826 357 985 401 scaritum

237 476 364 535 otaratur
382 473 435 530 Det
455 471 608 529 clementia
629 469 777 544 animique
799 467 927 540 bonius,
946 482 1013 526 eum
1038 466 1191 525 redeuntes
1206 466 1249 525 ad
1279 469 1341 526 no

238 588 308 631 nam
335 570 448 644 frugem
469 569 578 643 excipit
607 569 750 641 veniaque
775 566 876 624 donat.
899 564 999 623 Eiueat
1018 562 1070 621 Dei
1090 565 1225 638 iustitia,
1255 580 1340 623 oum

238 670 275 727 de
293 667 446 726 obstinatis
472 682 507 724 ao
527 666 671 739 protervis
697 662 810 721 debitas
838 664 928 720 sumit
948 676 1079 736 poenas3
1105 668 1192 736 atque
1218 663 1265 719 tta
1295 663 1341 721 de

239 766 305 824 aitis
325 763 486 823 rationibus
510 764 623 838 generis
643 761 793 835 eiusdem,
821 758 927 835 quibus
947 760 1046 833 atiquo
1067 757 1154 817 modo
1173 758 1338 834 explicari

240 878 287 921 res
307 868 415 937 posset.
461 893 464 899 ·
874 920 875 925 ,

295 960 425 1035 Denique
445 960 484 1018 ad
503 956 732 1032 impugnandam
754 955 807 1013 Dei
831 958 970 1014 unitatem
995 959 1201 1029 argumentum
1226 963 1338 1013 sumet

241 1059 366 1117 sortasse
384 1059 529 1132 quispiam
543 1073 579 1112 ea
594 1053 769 1130 populorum
792 1066 952 1129 consensu,
968 1054 1017 1128 qui
1041 1054 1070 1109 in
1087 1051 1334 1127 polythaismum

245 1170 419 1214 convenere.

300 1251 340 1310 Ar
360 1251 520 1326 respondeo
540 1253 571 1307 iu
593 1251 695 1323 primis
715 1253 818 1307 contra
846 1246 1029 1305 adversarios
1051 1248 1211 1319 retorqueri
1235 1262 1332 1321 posse

244 1357 463 1426 argumentum.
485 1348 570 1406 Nunc
591 1350 668 1405 eninr
684 1349 815 1405 omnium
831 1345 976 1403 cultarum
992 1345 1143 1401 nationum
1158 1346 1331 1419 sententia,

242 1447 375 1506 barbaris
395 1453 509 1504 tautum
531 1448 675 1518 exceptis,
698 1460 752 1518 pro
774 1444 825 1500 Dei
847 1445 958 1500 unitate
980 1440 1099 1499 militat.
1122 1439 1256 1514 itemque
1276 1455 1333 1497 an-

243 1551 360 1619 tequam
389 1544 555 1617 depravatis
583 1543 711 1599 moribus
737 1544 766 1598 in
789 1540 900 1599 eutium
922 1539 1068 1597 idolorum
1089 1538 1221 1596 homines
1245 1537 1330 1597 tabe-

244 1648 357 1713 rentur,
370 1656 447 1699 uuus
460 1640 539 1697 Deus
553 1640 765 1714 agnoscebatur
780 1635 979 1711 abonorum,
994 1632 1242 1711 quemadmodum
1257 1652 1330 1694 eru·

242 1739 297 1795 diti
318 1737 457 1794 fatentur.
479 1736 556 1811 Ergo
577 1737 685 1809 duplici
704 1752 740 1793 ex
761 1742 841 1809 parte
855 1750 1014 1792 consensus
1035 1748 1210 1791 eonsensum
1225 1731 1325 1791 ettdtt.

243 1835 395 1893 Praeterea
410 1833 572 1909 philosophi
595 1837 756 1907 generatim
773 1834 936 1908 (equorum
955 1834 1098 1889 sententia
1113 1831 1255 1890 iudicium
1273 1848 1327 1890 na·

244 1937 329 1989 turae
349 1948 400 2005 pro
414 1933 536 1989 veritate
551 1932 707 2006 aliquando
722 1931 901 1989 abstrusiora
919 1930 1042 2005 petenda
1057 1930 1109 2003 est)
1125 1931 1154 1985 in
1169 1928 1220 1987 Dei
1236 1944 1329 2004 agno-

245 2028 352 2087 scenda
370 2031 482 2088 unitate
502 2031 575 2087 mire
596 2045 712 2103 prorsus
734 2044 916 2087 consensere.
940 2027 1024 2086 [Inde
1045 2026 1119 2084 iilud
1140 2026 1327 2085 Antisthenis

245 2126 325 2200 apud
344 2126 490 2184 Tullium:
511 2124 670 2202 populures
686 2127 762 2184 Deos
782 2124 901 2197 taeitos,
926 2123 1096 2183 naturalem
1113 2140 1204 2181 unum
1226 2138 1289 2181 esse
1303 2127 1325 2181 ¹.

246 2224 322 2282 Tum
338 2227 424 2281 etiam
447 2225 634 2300 potytheismi
655 2227 799 2299 assignari
820 2231 943 2298 possunt
965 2224 1125 2298 primordia
1144 2230 1174 2282 et
1198 2238 1327 2298 causae,

248 2336 339 2394 eoque
359 2321 432 2378 nihii
454 2337 543 2379 sanae
566 2324 670 2379 rationi
690 2322 848 2380 adversum
864 2325 958 2398 magis
974 2329 1003 2380 et
1017 2323 1172 2396 absonum,
1187 2321 1259 2397 ssngi
1273 2338 1327 2396 po·

247 2423 314 2475 test.
333 2419 429 2491 Quare
444 2435 461 2476 a
477 2418 692 2477 conditionibus
713 2423 833 2477 omniuo
856 2420 1006 2494 desciscit,
1022 2436 1095 2494 quas
1110 2435 1163 2493 pro
1182 2434 1326 2477 consensu

247 2522 369 2575 naturae
389 2518 591 2576 constituendo
610 2517 798 2591 requirendas
815 2534 876 2576 essa
896 2520 926 2574 in
942 2518 1049 2592 Logica
1065 2517 1193 2574 diximus
1208 2518 1231 2572 2.
1251 2514 1326 2573 Nam

247 2630 301 2673 nec
321 2616 494 2673 universatis
514 2623 558 2673 est
582 2632 635 2672 nce
657 2623 822 2689 perpetuus,
844 2632 897 2674 nco
917 2623 1063 2672 crescente
1083 2613 1198 2672 cultura
1219 2615 1325 2687 erevit,

248 2712 299 2770 sed
319 2720 419 2771 contra
440 2716 537 2788 potios
558 2713 681 2788 defecit,
703 2720 733 2771 ei
755 2716 779 2771 si
802 2713 838 2771 ad
859 2713 992 2771 incudem
1014 2715 1135 2772 rationis
1159 2717 1324 2785 revocatur,

250 2808 394 2868 absurdus
414 2827 476 2868 csse
497 2810 652 2886 detegitur.

308 2907 418 2964 Verum
446 2908 501 2964 hoe
527 2911 623 2981 ipsum
645 2908 810 2966 inficiamur
835 2909 978 2982 populos,
1000 2909 1049 2981 qui
1070 2906 1261 2983 polytheistue
1280 2906 1324 2962 di·

249 3010 373 3076 ountur,
395 3020 486 3061 unum
508 3021 569 3062 csse
590 3005 683 3062 Deum
715 3007 796 3063 uuita
818 3008 930 3062 ratione
951 3006 1086 3062 sensisse.
1110 3004 1185 3062 Nam
1211 3005 1235 3062 si
1265 3020 1324 3060 rem

250 3118 309 3160 non
335 3102 451 3176 vulgari
476 3104 587 3160 trutina
613 3103 663 3160 sed
690 3107 810 3162 rationis
837 3104 937 3179 regula
963 3105 1182 3177 examinamus,
1208 3103 1323 3175 inipso

250 3201 447 3276 polytheismo
463 3200 706 3258 monotheismum
727 3220 784 3260 non
807 3202 929 3260 obscure
949 3202 1085 3259 latentem
1104 3203 1319 3276 comperiemus.

250 3296 296 3354 lia
316 3299 393 3354 enim
413 3297 547 3355 ethnicae
573 3301 706 3356 nationes
733 3302 829 3374 piures
850 3299 1040 3358 adstruebant
1060 3299 1155 3372 Deos,
1178 3305 1323 3373 utsupra

252 3410 334 3452 mum
355 3394 474 3468 aliquod
495 3395 629 3469 Numen,
652 3400 699 3454 cui
724 3399 842 3455 tarrriarn
868 3401 955 3455 ceteri
983 3397 1217 3471 subnectantur,
1239 3413 1322 3471 agno·

251 3497 375 3548 suerent.
401 3493 497 3564 Quare
517 3509 583 3551 cum
604 3497 718 3568 proprie
749 3494 827 3552 Deus
848 3496 896 3552 itte
919 3501 1032 3553 tantum
1059 3494 1116 3552 diei
1138 3493 1257 3569 debeat,
1278 3496 1322 3569 qui

252 3604 405 3661 supremus
419 3593 457 3647 sit
470 3597 499 3648 et
513 3594 677 3665 maximus,
694 3598 723 3649 et
738 3595 911 3666 principium
927 3595 1053 3666 primum
1069 3608 1165 3650 rerum
1186 3593 1320 3665 omnium3

254 3703 345 3746 uuum
362 3703 461 3763 reapse
475 3692 648 3765 etiamtum,
665 3691 786 3748 confuse
800 3691 914 3766 saltem,
925 3693 1122 3751 existimatum
1136 3689 1227 3750 fuisse
1238 3689 1320 3748 Deum

316 3925 324 3964 t
348 3919 382 3964 Ita
402 3919 507 3966 Natura
530 3921 603 3966 licor.
623 3919 641 3967 i.
665 3927 684 3979 t,
702 3933 724 3967 c.
746 3926 781 3968 tu.

315 4000 531 4060 adoptaremur
553 3999 638 4049 ultera
651 4014 672 4048 c.
692 4003 715 4060 i,
734 4003 779 4049 art.
800 4009 821 4049 2.
