2892 4425
450 373 529 420 MR!
547 376 650 421 ΡΙΙΙΔ
672 390 685 406 ·
704 376 903 421 ῦθδΙΟΙιΟΕΙᾸ
1188 372 1224 425 65

147 486 250 563 tuerit,
270 487 403 563 mecedo
415 491 461 546 eet
472 502 550 561 queo
564 501 624 545 uun
640 484 763 563 physice
776 486 828 545 sed
839 492 954 548 tentum
969 487 1168 565 metepliysloe
1181 505 1226 549 rc·

147 584 225 644 solui
240 588 347 660 potest,
368 582 415 642 vel
429 584 518 642 mem
536 583 689 663 historice,
701 598 739 642 cx
758 584 926 644 testimonio
947 587 1116 660 pracsertim
1131 600 1225 647 suern

147 698 216 742 rum
234 682 458 757 scripturorum.
472 681 542 741 liiul
553 683 680 741 moreto
699 684 817 741 molum
833 698 890 759 per
906 698 937 740 oc
949 686 1092 759 spectata,
1112 685 1182 761 quic
1201 686 1227 744 si

149 780 316 840 mundanus
335 778 408 839 ordo
427 781 566 855 sumitur,
583 777 644 852 lnic,
660 793 844 854 quecumque
863 794 900 837 cx
915 786 998 853 perte
1015 779 1225 855 consideretur,

148 876 289 954 physices
301 882 387 937 notus
399 875 488 936 ollert
505 890 582 953 quse
595 878 659 935 elus
675 890 735 934 nou
754 874 841 935 modo
859 876 974 935 initium
996 876 1149 937 sedetimn
1167 894 1226 939 non

147 974 310 1051 admodum
331 980 475 1036 remotnro
494 975 638 1051 originem
656 971 856 1033 muullestnut.

460 1165 490 1275 '¹
561 1173 750 1243 Pnooos'srro
769 1184 820 1239 lli.

347 1363 475 1421 tiendus
499 1367 636 1420 aem
656 1365 884 1435 repugnantium
905 1363 1034 1421 involuti.

212 1572 264 1623 tt.
282 1562 363 1623 lluec
378 1576 455 1638 quse
472 1561 700 1639 disputavimus,
716 1578 770 1639 pro
789 1563 859 1638 ilus,
874 1578 962 1639 quem
981 1564 1173 1641 intendimus,
1186 1582 1230 1625 ss·

150 1664 191 1721 iis
216 1676 359 1737 superque
380 1664 461 1719 sunt.
484 1657 682 1719 Nihilominus
704 1659 764 1719 elle
785 1658 901 1721 subtilis
922 1663 1055 1737 quaestio
1077 1669 1227 1739 superest,

150 1772 228 1833 quse
245 1764 381 1817 eetcrnce
396 1756 499 1817 mundi
517 1756 716 1831 productionis
735 1756 955 1832 possibilitatem
973 1762 1103 1836 attingit.
1119 1761 1184 1833 Qus
1199 1763 1229 1819 in

152 1872 185 1915 re
205 1872 243 1914 uc
262 1856 408 1933 peregrini
429 1868 551 1930 prorsus
568 1854 742 1931 uldeemiul,
762 1854 862 1931 ulique
882 1855 984 1917 leviter
1007 1855 1152 1917 delibeho.
1175 1858 1230 1917 lte

151 1968 209 2029 que
231 1953 303 2013 huec
323 1954 524 2013 conuoucrsls
541 1967 724 2011 summorum
746 1954 835 2011 etiem
855 1953 1094 2029 philosophorum
1116 1957 1230 2015 unimus

153 2052 184 2109 in
197 2052 345 2127 oppositus
361 2048 500 2109 demunt
518 2054 626 2125 portes.
641 2049 701 2109 Alit
718 2051 809 2127 enim,
827 2055 860 2111 ut
879 2048 910 2109 S.
925 2049 1065 2127 Thomas,
1081 2051 1188 2111 Suuroz
1201 2058 1231 2111 et

153 2148 399 2209 Scholustlcorum
415 2147 558 2225 plmiqm,
578 2150 646 2224 etsi,
661 2147 701 2206 ed
717 2147 831 2207 luctum
849 2147 928 2224 quod
945 2152 1068 2224 spectet,
1087 2148 1230 2210 mundum

152 2250 184 2307 ln
205 2254 336 2324 ternpore
353 2245 529 2323 productum
553 2261 618 2306 esse
641 2246 851 2322 concederent,
874 2252 998 2321 nmen,
1021 2252 1165 2321 questum
1192 2248 1231 2308 rd

151 2346 371 2423 possibilitatem
390 2348 511 2423 ettinet,
530 2347 594 2404 eius
616 2349 765 2404 emersum
783 2343 964 2404 molitionem
985 2357 1044 2402 non
1068 2359 1232 2420 repugnare

149 2445 369 2504 muummunt.
389 2443 469 2503 lntcr
489 2443 545 2503 llos
566 2442 702 2502 nonnulli
722 2441 867 2501 mundum
886 2441 925 2500 elo
942 2446 1060 2500 aeterno
1077 2443 1232 2501 existentis

152 2542 258 2602 donum
280 2543 407 2617 potuisse
428 2546 636 2618 autumerunt,
659 2539 711 2600 sed
732 2539 829 2616 quood
852 2539 916 2599 solu
934 2541 1014 2600 entis
1032 2537 1231 2614 tumultuoso,-

153 2639 204 2698 ulii
220 2638 254 2698 id
272 2639 464 2698 extenderunt
481 2638 521 2698 ed
541 2639 621 2698 entle
638 2640 728 2698 etism
749 2639 921 2698 successivo.

211 2735 411 2814 Utrorumque
428 2743 602 2814 arguments
621 2736 661 2796 ed
677 2735 755 2796 hooc
776 2751 922 2810 summam
940 2736 1070 2794 revocer!
1090 2739 1228 2810 possunt:

53 2899 55 2903 ,
152 2835 232 2910 quod
245 2841 365 2896 ueterue
377 2833 481 2894 muudi
490 2835 599 2897 ercutio
611 2849 705 2910 neque
717 2849 756 2894 cx
767 2841 849 2910 purte
861 2832 915 2893 Del
927 2839 1078 2910 repugnet,
1089 2847 1182 2909 neque
1194 2849 1232 2892 ex

152 2939 235 3006 porte
253 2931 370 3008 mundi,
384 2947 479 3008 neque
494 2947 533 2990 ex
549 2938 633 3007 perte
651 2934 744 3008 ipsius
763 2933 930 2992 emtionis.
951 2931 1082 2990 Primum
1100 2931 1231 3008 quidem,

151 3032 223 3105 quie
242 3029 323 3089 Deus
343 3029 383 3088 ub
404 3036 524 3088 esterno
544 3030 683 3089 uirtutem
707 3029 812 3089 hebuit
831 3030 949 3090 creendl
971 3029 1137 3103 mundum,
1161 3029 1232 3088 nite·

22 3118 26 3124 ’
151 3143 218 3187 rum
238 3143 330 3203 uero,
350 3129 423 3204 quic
441 3127 570 3186 muudus
593 3143 687 3202 copux
711 3126 769 3186 luit
788 3126 930 3186 existendi
950 3127 1195 3204 quandocumque
1214 3143 1233 3185 e

151 3237 242 3284 muse
261 3223 488 3301 produceretur,
508 3239 563 3283 uec
579 3223 619 3283 ed
634 3222 758 3284 effectus
777 3227 919 3285 rutlonem
940 3227 1085 3302 pertinet,
1106 3230 1141 3285 ut
1162 3230 1234 3285 tem·

152 3337 225 3396 pore
247 3327 388 3398 muster
408 3337 546 3398 censoru,
564 3321 617 3381 sed
634 3320 746 3380 suiddt
764 3331 798 3382 ut
817 3329 924 3382 nature
943 3328 1058 3382 uotum
1077 3325 1117 3382 slt
1137 3328 1233 3397 postc-

153 3419 232 3494 rior,
256 3420 377 3477 tertium
398 3418 545 3495 denique,
567 3420 637 3494 quie
656 3419 765 3486 crestio
785 3420 815 3476 ln
836 3419 958 3478 instemi
980 3421 1154 3495 peragitur,
1178 3434 1233 3478 occ

152 3515 282 3589 postulet
301 3520 403 3575 ui‘rcs
422 3521 523 3576 creetis
546 3514 599 3588 flur
622 3520 690 3591 post
712 3513 861 3590 nihilum,
888 3516 940 3574 sed
960 3533 997 3574 ex
1017 3515 1133 3592 nihilo,
1158 3515 1234 3575 idest

151 3625 213 3672 non
225 3627 264 3670 ex
277 3612 377 3690 aliquo
390 3616 573 3690 praelucente
586 3611 729 3688 subiecto,
740 3612 820 3688 quod
832 3619 938 3672 nature
952 3613 1055 3673 saltem
1069 3613 1231 3673 entcoednt.

211 3707 271 3767 Sed
291 3725 365 3785 peoe
383 3715 535 3770 mutorum
553 3709 737 3785 sapientum,
764 3724 837 3785 quos
857 3724 973 3770 summe
996 3711 1026 3768 iu
1048 3711 1234 3768 ueneratione

152 3803 314 3883 hebernus,
335 3810 516 3868 contreriem
535 3809 709 3867 sententium
729 3807 944 3885 amplectimur,
959 3823 1034 3884 quse
1054 3808 1114 3865 nou
1137 3809 1234 3866 minus

152 3918 258 3979 gretes
276 3911 365 3965 necte
382 3912 427 3965 est
443 3905 583 3966 lautores.
599 3903 774 3964 Huiusmodi
795 3911 865 3964 sunt
885 3905 1084 3983 Augustinus,
1103 3902 1233 3978 Teletos,

153 3997 311 4078 Petuuius,
332 3998 498 4079 Gcrdlllus,
523 4004 754 4079 recentioresque
772 4002 939 4080 philosophi
962 4003 1021 4062 iere
1041 4018 1162 4074 omnes,
1183 4002 1233 4073 qui

300 4099 364 4159 Vol.
384 4100 429 4159 li.
1080 4107 1089 4118 '
