2892 4425
228 323 287 376 tte
553 311 794 374 intentarent
814 325 973 372 armatura
1131 366 1136 380 ,

227 435 483 517 φοιὶωιιιιιιΙ
504 437 762 515 panadium
784 444 814 498 et
836 437 1310 511 nadadoaenaoaeptaaiutei·

100 514 105 527 '
228 536 318 614 ngat,
338 534 586 596 maenam
604 535 772 610 aureae,
794 539 882 610 auus
900 533 939 594 aa
958 534 1104 594 aranee
1122 534 1197 592 ura
1215 533 1312 592 aene

227 633 336 692 oeudas
354 631 505 692 adhibeat.

290 728 370 788 idaea
387 730 487 806 opinio
508 729 606 806 (quod
625 730 732 789 mirum
753 731 814 805 est)
836 728 985 788 nonnullis
1005 730 1093 788 etiarn
1115 728 1225 804 piaeuit
1245 729 1309 788 iia·

228 827 397 903 doaaiistis,
411 842 449 887 ex
467 843 504 887 ea
522 833 607 903 parte
622 841 683 902 qua
698 830 901 887 nenessitatem
922 829 1064 886 sermonis
1085 832 1115 885 et
1133 825 1310 901 disciptinae

227 927 381 986 exterioris
394 907 523 1001 speetats
532 922 742 1002 Outoiogorum
756 926 833 984 enirn
847 925 977 1000 plerique
990 939 1055 983 eam
1069 930 1169 998 aperte
1182 923 1305 998 docent,

228 1028 389 1084 statuentes
407 1025 518 1100 primas
537 1025 675 1082 veritates
690 1025 722 1082 in
736 1021 838 1082 ordine
856 1021 1022 1082 mdextons
1036 1039 1054 1081 a
1068 1020 1224 1080 traditione
1240 1029 1309 1080 tan·
1400 1075 1402 1078 .

229 1129 293 1182 turn
312 1121 589 1199 originemdaeere.
611 1119 656 1179 Ea
676 1134 754 1178 unus
776 1125 829 1178 aut
849 1119 921 1178 aiter
940 1135 957 1178 e
974 1119 1107 1194 pluribus
1127 1119 1217 1193 ioois,
1238 1123 1308 1195 qui·

154 1255 157 1257 Δ
229 1219 286 1282 bus
310 1219 442 1281 Gioiserti
465 1218 543 1280 haue
563 1219 730 1280 docuinam
753 1221 864 1278 seneit:
897 1241 911 1270 ι
935 1217 968 1277 L'
981 1233 1068 1277 nomo
1086 1217 1146 1293 pud
1165 1217 1309 1292 espiioare

234 1341 248 1370 ι
269 1317 368 1380 i’Idea
386 1332 522 1394 apprese,
543 1331 593 1376 tua
612 1331 673 1376 uon
693 1315 752 1391 pud
770 1316 941 1390 ritroreria3
959 1331 1018 1375 non
1039 1315 1205 1391 poaeederia
1224 1331 1310 1374 eosne

233 1440 247 1468 ι
270 1417 443 1477 intenzione
461 1430 515 1474 soa
534 1416 674 1489 propria,
694 1427 745 1472 rna
769 1429 852 1474 earne
872 1419 988 1472 esterno
1010 1417 1231 1489 insegnamaaio
1245 1417 1267 1472 ¹.
1291 1437 1306 1466 a

231 1511 269 1572 Bt
288 1511 432 1570 interius:
459 1535 473 1562 ι
500 1510 543 1570 Le
566 1511 807 1570 eomunieaaione
829 1509 896 1569 deii'
910 1509 979 1568 idea
997 1509 1072 1570 faita
1097 1509 1309 1569 aii'individuo

235 1632 249 1660 ι
271 1607 351 1669 daiit
370 1606 486 1668 Societd
504 1623 558 1682 per
573 1623 673 1668 meare
692 1606 771 1668 delia
789 1608 889 1682 paroia
909 1607 1052 1668 onumen
1074 1606 1258 1682 tredtaiom
1279 1607 1309 1666 ia

235 1727 248 1756 ι
271 1703 357 1781 quate
376 1703 395 1762 ἑ
415 1719 457 1764 un
474 1705 572 1765 aneiio
592 1706 752 1781 iuterpoato
770 1704 818 1764 ira
835 1704 864 1764 ia
885 1705 1059 1764 rireieaiona
1078 1721 1095 1764 e
1114 1705 1144 1786 ia
1162 1705 1308 1781 dioaoiia,

235 1825 249 1854 e
272 1817 289 1862 a
310 1801 332 1860 ii
348 1800 461 1860 reiooio
482 1818 533 1876 per
554 1805 603 1862 oui
622 1805 650 1862 ai
668 1803 864 1863 tramandano
883 1801 1022 1862 daii’uua
1043 1802 1170 1863 aii’aitra
1190 1805 1199 1862 i
1220 1806 1309 1880 primi

236 1924 250 1952 ι
271 1899 408 1960 eieneuti
427 1899 535 1977 idatii,
559 1900 638 1962 ueiie
657 1902 706 1962 eoi
726 1900 917 1975 espiieaaione
936 1902 963 1960 si
983 1901 1128 1978 navemn
1148 1900 1167 1959 i’
1179 1903 1309 1978 iugeguo

236 2022 250 2050 ι
273 1995 416 2058 diosoiieo
432 2001 457 2058 ².
483 2023 496 2050 υ

295 2103 365 2155 iat.
386 2095 496 2161 Verane
523 2095 667 2158 eiustnodi
694 2097 909 2173 opinioninris
936 2097 1078 2156 iniuriosa
1104 2095 1216 2156 homini
1241 2104 1307 2170 est3

233 2209 321 2273 quem
340 2195 405 2255 aine
423 2195 581 2257 traditione
601 2197 653 2256 rix
675 2202 729 2257 aot
751 2211 788 2255 ne
808 2197 859 2255 rix
878 2193 998 2271 quidem
1022 2197 1185 2255 seoernita
1208 2195 1307 2255 bruto.

234 2293 344 2355 Deinde
362 2292 495 2353 ordinem
516 2294 679 2355 naturaiern
696 2310 765 2355 eunt
789 2293 1004 2369 supernatureii
1023 2292 1196 2369 eoniundit3
1222 2294 1311 2369 siqui·

232 2392 301 2453 dem
321 2408 424 2453 ornnes
444 2396 581 2453 veritates
599 2409 617 2451 a
635 2392 708 2451 Fide
727 2399 757 2453 et
776 2392 951 2452 revelatione
973 2392 1165 2451 oeseutiaiiter
1186 2394 1309 2470 repetit3

234 2496 322 2567 atque
345 2497 496 2566 propterea
515 2492 613 2566 ipsam
631 2490 839 2551 renotationem
861 2489 992 2549 ebsoiute
1011 2490 1206 2549 uoeeasariarn
1226 2490 1306 2548 iaoit.

234 2588 334 2650 Tertio
358 2588 514 2650 eoniuudit
534 2590 736 2651 neeoesitatem
759 2586 930 2662 diseipiinae
950 2588 1101 2646 exterioris
1124 2602 1191 2645 oum
1215 2602 1311 2646 neees-

234 2689 320 2746 sitate
338 2688 497 2762 sermonis3
519 2702 595 2762 quae
609 2686 670 2745 duo
688 2684 774 2744 vaide
792 2685 908 2743 diversa
926 2690 996 2743 suut
1017 2686 1091 2743 iuter
1110 2698 1153 2761 se,
1173 2691 1203 2743 et
1220 2684 1311 2743 diaeo

234 2785 307 2843 oiari
326 2786 453 2843 invicem
476 2791 608 2859 possum.
633 2782 708 2843 Nam
727 2782 805 2842 Deus
823 2784 920 2858 potuit
937 2784 1032 2858 primo
1054 2782 1167 2841 hornini
1189 2780 1311 2841 maniis·

235 2888 313 2940 sture
334 2883 470 2940 veritates
490 2884 605 2939 interna
625 2882 833 2956 iiiustretione,
848 2879 1014 2939 immediate
1031 2878 1180 2939 induendo
1199 2882 1230 2939 in
1249 2882 1312 2940 eius

235 2975 435 3052 intellectum,
454 2979 526 3051 quin
546 2983 696 3053 tamquam
715 2979 910 3037 instrumento
928 2983 1060 3039 uteretur
1078 2976 1240 3039 vocabulis.
1265 2978 1313 3037 Vi·

236 3075 336 3134 eissim
353 3074 498 3149 potuisset
516 3072 631 3133 tradere
648 3073 693 3135 iiii
712 3089 875 3136 sermonem
894 3074 931 3133 ad
950 3074 1030 3135 ideas
1045 3074 1227 3151 exortans,
1241 3078 1313 3151 quin

235 3178 333 3233 tameo
348 3170 425 3231 uiias
448 3170 584 3231 veritates
600 3170 812 3233 manifestaret.
832 3172 907 3231 Nem
926 3174 1035 3232 veritas
1051 3188 1112 3231 uon
1130 3172 1262 3232 eousutn
1281 3174 1312 3231 iu

236 3268 362 3344 dnapiiei
384 3267 632 3345 apprehensione*
645 3285 722 3346 quae
743 3272 898 3347 respondet
913 3270 1065 3331 voeabuiis
1085 3272 1243 3347 separatis3
1263 3269 1313 3329 sed

237 3368 371 3428 consistit
388 3370 417 3426 in
438 3367 558 3443 iudicio,
578 3368 660 3445 quod
681 3370 835 3447 respondet
858 3370 1061 3447 propositioni.
1076 3368 1113 3429 Et
1132 3385 1203 3429 sane
1223 3371 1249 3427 ai
1263 3368 1313 3427 oir-

237 3474 385 3543 strepente
405 3466 524 3529 auribus
545 3466 653 3529 Adami
673 3469 730 3529 irae
749 3484 838 3528 veae:
866 3470 1008 3546 spirinse,
1035 3472 1162 3529 excitate
1184 3475 1262 3528 esset
1283 3471 1313 3529 iu

237 3568 302 3640 ipso
324 3563 389 3625 idea
413 3564 595 3627 auannuae
611 3567 814 3627 immaterialis
835 3572 864 3626 et
882 3565 1067 3643 obstrepente
1088 3582 1173 3626 voee:
1197 3569 1312 3641 metae,

237 3664 367 3723 excitato
389 3671 466 3724 esset
488 3663 556 3724 idea
583 3664 723 3725 honestae
745 3666 938 3741 operationis3
965 3682 1036 3724 uum
1061 3681 1099 3723 ex
1119 3664 1176 3724 hoo
1200 3670 1315 3725 tantm

238 3762 334 3822 Adam
354 3762 459 3824 doetus
480 3763 583 3824 fuisset
609 3764 745 3841 spiritum
766 3763 804 3823 ed
823 3764 993 3823 exercitium
1017 3766 1134 3825 virtutis
1160 3763 1315 3825 ordinarii

301 3907 309 3947 ι
325 3897 464 3948 introduz.
479 3898 536 3949 olto
550 3897 640 3951 stadio
653 3897 728 3949 delio
744 3896 871 3959 i'tiooofio
880 3900 898 3948 t.
913 3904 936 3960 ι,
945 3912 968 3949 e.
982 3906 1006 3961 ³,
1018 3912 1042 3962 p.
1055 3902 1108 3949 294.

298 3977 396 4027 aldid.
412 3992 467 4041 pap.
485 3986 539 4029 aon.
