2892 4425
408 400 487 446 PARS
507 400 626 445 mim
648 415 660 432 ·
684 401 902 446 mucnounuia
1136 395 1192 448 267

116 511 228 588 iogicne
242 525 296 587 per
316 525 360 586 se,
374 510 462 570 modo
481 513 537 572 rite
553 516 720 588 usurpetur,
736 513 825 584 uotis,
839 527 913 587 quus
935 512 977 571 iiii
996 511 1125 572 Gioberti
1146 531 1196 590 np-

117 610 222 686 pingit‚
244 610 321 669 inuri
342 625 401 669 non
421 607 516 668 debet.
539 611 605 682 Qua
624 611 655 667 iu
677 625 720 685 re,
742 626 779 668 ue
798 611 923 669 nimium
943 623 1044 688 vager,
1066 610 1125 670 duo
1146 611 1196 670 ad·

117 713 197 767 uoto.
219 707 369 782 Primum,
390 723 426 766 ea
446 707 584 766 methodo
604 707 792 766 reflexionem
814 707 914 766 induci
935 710 1094 784 generatim
1115 723 1196 768 neee-

116 813 219 882 ptam,
240 812 327 892 prout
346 805 472 865 reditum
493 807 598 865 mentis
619 823 677 864 nou
698 809 729 864 in
753 805 830 864 solas
852 807 941 864 animi
969 805 1196 864 mndiiicadanes

35 973 39 979 ,
117 903 262 981 adstruit,
283 904 333 963 sed
356 907 386 962 tn
405 905 585 979 cognitiones
604 919 728 978 omnes,
749 903 848 979 quoad
870 901 1005 977 obiecta,
1027 919 1103 978 quae
1124 903 1197 963 reie-

118 1007 199 1076 runt,
215 1004 372 1077 inspectus.
393 1001 515 1076 Deinde,
531 1004 556 1060 si
576 1017 595 1059 n
614 1002 845 1060 consideratione
865 1002 911 1060 sui
931 1006 961 1058 et
979 1001 1110 1060 idearum
1131 1000 1197 1060 sub

117 1100 223 1158 ieetive
241 1101 438 1173 inspecturum
458 1098 667 1158 exordiendum
689 1099 847 1174 praecipit,
869 1098 916 1172 id,
938 1103 971 1157 ut
989 1097 1071 1174 dixi,
1086 1097 1198 1174 aliquid

117 1193 322 1271 chronologice
341 1197 484 1271 primum,
505 1211 564 1252 non
585 1211 655 1253 vero
676 1195 780 1270 logice,
803 1198 834 1252 in
856 1195 1014 1253 reiiexione
1032 1198 1194 1255 constituit.

118 1292 302 1352 Conscientia
322 1295 399 1352 euim
422 1293 565 1352 eiusmodi
583 1309 641 1351 non
660 1295 832 1369 pmpouitur
851 1300 1001 1369 umquam
1021 1292 1087 1352 inus
1107 1294 1198 1354 totius

117 1391 301 1463 mutitudinis
322 1397 353 1450 et
370 1390 546 1466 evidentiae,
567 1389 619 1449 sed
642 1397 791 1466 nmquam
813 1397 896 1470 actus
918 1388 1060 1466 praebens
1080 1406 1197 1450 conere-

85 1532 89 1539 -
119 1496 183 1550 tuin
204 1491 378 1563 materiam,
397 1491 476 1548 circa
497 1504 587 1565 quam
609 1491 736 1564 primum
758 1489 965 1564 contemptatio
987 1487 1094 1547 reflexa
1115 1503 1198 1548 exer·

119 1593 232 1647 ceutur.
247 1585 317 1662 Seu,
338 1594 372 1646 ut
391 1590 434 1647 nit
454 1587 580 1662 Baimes,
598 1588 757 1645 assumitur
778 1592 811 1644 ut
831 1586 974 1662 anchora,
996 1601 1055 1661 qua
1075 1589 1199 1664 vestiga·

119 1688 163 1744 tio
180 1683 329 1761 fundans,
345 1701 404 1744 non
418 1691 452 1744 ut
469 1685 625 1760 inminere,
640 1701 677 1744 en
691 1700 751 1760 qno
764 1685 882 1744 claritas
896 1686 992 1743 omnis
1006 1684 1199 1760 splendorque

119 1785 152 1840 iu
172 1788 283 1840 ceteras
297 1797 398 1841 omnes
417 1783 614 1858 pcrneptiunes
626 1781 821 1841 diffundatur.
839 1781 972 1840 iamvera
992 1783 1055 1856 ipse
1068 1781 1197 1842 Gioberti

120 1879 201 1940 uitro
218 1877 351 1938 ooucmit
369 1879 513 1955 animam,
528 1871 602 1937 eum'
614 1877 769 1954 cogitando
789 1879 819 1937 in
838 1893 869 1936 se
888 1877 1057 1954 reflectitur,
1072 1881 1125 1938 iter
1146 1878 1198 1938 ba·

119 1977 189 2035 bere
212 1977 391 2037 contrarium
411 1979 492 2052 eius,
514 1975 592 2052 quod
610 1977 707 2035 tenuit
727 1977 758 2033 in
778 1977 902 2054 intuitu,
929 1982 1016 2050 atque
1036 1974 1073 2033 ab
1093 1977 1130 2033 iis
1150 1990 1199 2034 au·

118 2076 239 2151 spicari,
259 2090 335 2149 quae
354 2077 449 2150 ipsum
470 2076 603 2134 intimius
624 2073 745 2148 ieriuut,
766 2087 898 2150 quaeque
918 2075 948 2132 iu
967 2071 1198 2152 perceptionibus

120 2189 139 2232 a
159 2174 337 2233 couscientia
356 2172 456 2233 reiatis
475 2175 571 2249 posita
591 2177 661 2232 sunt
675 2173 698 2228 ¹.

183 2278 252 2330 ian.
275 2270 426 2331 Praeterea
444 2272 603 2331 nenessitas
623 2272 779 2345 sermonis,
792 2284 880 2346 quam
896 2270 1021 2329 adstruit
1039 2282 1092 2344 pro
1105 2268 1199 2345 primo

121 2368 288 2429 reflexionis
306 2372 466 2444 exercitio,
487 2367 609 2444 probatu
630 2368 720 2445 digna
740 2384 800 2426 uon
820 2374 874 2427 est.
905 2366 980 2426 Nam
1008 2370 1063 2427 etsi
1083 2369 1198 2427 animus

120 2472 153 2527 in
172 2470 317 2543 praesenti
337 2474 416 2527 statu
435 2466 569 2527 sensibus
588 2473 672 2543 egeat
691 2473 725 2525 nt
746 2466 783 2525 ad
798 2465 1018 2541 intelligendum
1039 2466 1198 2539 excitetur,

121 2574 220 2626 tamen
241 2566 288 2624 bis
307 2567 463 2640 excitatus,
482 2566 681 2641 cognitionum
698 2578 818 2622 suarum
839 2562 1076 2621 iutoiieetuaiium
1096 2562 1199 2619 seriem

121 2663 242 2722 inchoat
260 2670 290 2721 et
309 2665 513 2739 prosequitur,
537 2664 607 2738 quin
630 2662 690 2721 aiio
710 2660 769 2720 aiio
788 2662 932 2720 exteriora
953 2658 1082 2736 indigeat
1106 2657 1199 2717 admi·

121 2760 243 2836 nieuio;
265 2761 510 2835 quemadmodum
531 2764 690 2835 posteriore
712 2759 836 2817 articulo
862 2758 955 2816 insius
977 2754 1197 2832 explicabimus.

121 2858 184 2917 Nee
203 2873 274 2917 sana
293 2864 520 2935 argumentum,
541 2858 619 2935 quod
640 2862 742 2917 auctor
763 2856 870 2931 utiam,
893 2858 1094 2915 necessitatem
1119 2852 1199 2914 iiiam

121 2955 187 3015 aiio
208 2962 294 3031 paeto
314 2955 504 3016 demonstrat.
528 2956 616 3031 Nam,
637 2954 715 3031 quod
736 2956 788 3029 ait,
804 2954 894 3013 verbu
913 2956 1020 3029 requiri
1041 2952 1079 3012 ad
1098 2954 1201 3013 tinien-

123 3054 195 3113 dum
215 3060 245 3113 et
268 3054 486 3114 terminandum
506 3056 673 3128 obiectum,
694 3053 773 3129 quud
795 3052 944 3121 reflexion!
964 3054 1078 3113 eiucere
1098 3052 1201 3129 debet,

122 3157 154 3210 iu
175 3154 277 3226 primis
298 3151 406 3211 iaisum
422 3158 479 3212 est.
501 3152 650 3211 Eiusmodi
669 3154 747 3211 enim
765 3150 968 3211 determinatio
987 3157 1017 3210 et
1037 3150 1125 3211 veluti
1146 3152 1201 3209 uir·

120 3249 311 3324 cumscriptio
329 3250 389 3309 iam
403 3250 529 3325 adesset,
546 3256 609 3308 tum
629 3265 666 3307 ex
686 3255 769 3325 parte
786 3255 868 3308 actus
887 3250 997 3323 praevii
1018 3250 1201 3308 intuitionem

168 3393 193 3455 ‘1
213 3427 225 3449 ι
243 3407 268 3455 si
287 3404 342 3455 uiri
361 3408 427 3457 roro
444 3409 490 3458 ese
509 3407 608 3460 ibono
628 3407 778 3456 incomincia
799 3406 921 3456 nutriam
943 3408 969 3457 ui
989 3408 1106 3457 issimis
1125 3419 1138 3457 e
1157 3408 1203 3457 ene

123 3509 134 3530 i
153 3485 241 3549 quindi
256 3486 308 3535 saie
322 3486 482 3537 distorrendo
496 3486 598 3537 aii'idea
608 3486 742 3547 deiiiinte,
754 3487 838 3535 iuram
852 3484 878 3533 di
894 3487 977 3535 tenere
993 3486 1010 3534 ii
1025 3499 1138 3555 pmcesso
1149 3499 1204 3539 con·

122 3588 135 3609 n
154 3566 240 3616 irario.
261 3565 282 3614 ii
302 3566 381 3616 cbe‘e
397 3568 526 3617 verissimo
545 3580 571 3617 sc
589 3567 611 3616 si
634 3567 703 3629 paria
721 3566 760 3614 dei
786 3578 913 3627 progresso
934 3563 1072 3615 riiiessiio:
1092 3566 1109 3614 ii
1130 3566 1204 3628 quaie

120 3668 133 3689 e«
153 3646 353 3696 intaminatnndo
370 3646 403 3696 de
425 3648 465 3696 oid
484 3648 530 3697 cbc
550 3648 573 3697 ei
593 3647 680 3696 irrisae
699 3645 893 3707 maggiormente
907 3644 1007 3695 i'animo
1021 3646 1051 3696 ed
1070 3646 1084 3697 e
1101 3646 1205 3696 termina

122 3748 134 3771 s
152 3727 298 3777 immediato
310 3728 376 3777 detta
396 3728 532 3779 riiiessione
547 3727 713 3791 micoiogiea,
729 3727 797 3790 quoii
816 3738 877 3775 sona
893 3726 900 3774 i
921 3726 1045 3788 sensibiii;
1062 3726 1077 3776 t
1094 3726 1205 3777 uatumie

121 3828 134 3851 ι
153 3808 201 3857 ube
216 3808 282 3869 passi
298 3808 486 3859 daii'esistenza
506 3809 630 3869 aii'bnte,
648 3822 662 3856 a
682 3822 731 3858 non
752 3820 920 3870 enutrissem
939 3808 1004 3859 nude
1024 3808 1138 3857 i’uitimu
1157 3810 1202 3855 ter·

122 3907 134 3927 n
154 3888 221 3935 ruina
234 3886 380 3939 deii'ordine
392 3889 510 3940 intuitivo
526 3890 627 3939 diventa
638 3890 655 3938 ii
671 3890 753 3953 primo
768 3888 914 3939 deii’ordine
929 3890 1057 3939 ritinssivo.
1073 3908 1084 3930 n
1098 3886 1203 3935 iairud.

120 3966 177 4014 otto
195 3966 287 4016 stadio
305 3968 378 4018 detto
394 3968 513 4031 sitosqiio
533 3968 582 4018 roi.
599 3978 628 4031 a,
645 3984 699 4033 cap.
721 3977 750 4032 ³,
771 3983 825 4035 pag.
849 3977 909 4033 tui,
925 3969 1031 4021 seconde
1050 3965 1160 4017 edizione
1178 3964 1204 4021 dt

121 4046 261 4097 Binaeiies.

272 4128 334 4191 Vni.
353 4124 403 4189 ii.
952 4180 957 4187 .
1031 4138 1064 4189 17
