2892 4425
221 342 277 393 1θῦ
548 344 789 389 ΙΠΔΡΙΜΙΕΔΒ
809 344 969 389 sucinis

219 456 349 530 editior,
363 470 423 529 qno
439 454 535 528 petito
555 469 592 513 ex
614 454 754 513 inatioetu
774 452 874 529 togam
896 454 1011 530 arripit.
1035 453 1115 513 idem
1129 456 1177 514 die
1192 456 1231 514 de
1251 473 1301 516 ee·

218 555 289 611 torio
306 551 465 626 exemptio,
487 548 594 627 quibua
612 550 755 611 deciarari
778 566 823 609 ree
845 558 952 626 penset.
977 551 1011 611 id
1033 567 1105 611 vero
1125 568 1212 633 oniae
1226 556 1302 613 iina-

219 650 398 724 ginatiouon
419 662 478 707 noo
497 648 688 708 traneeendit.

281 752 330 803 ⁷⁵.
352 746 513 822 antotoer
531 748 689 807 raemoriae
706 748 853 822 oontingit
871 748 1011 821 operatio.
1032 746 1199 822 Aliquando
1218 752 1300 807 enim

219 845 410 918 eogitattonee
439 843 555 919 eiepaae
580 850 684 919 apoute
701 860 755 903 aaa
781 860 813 902 se
832 842 916 901 nobis
935 842 1081 919 otiernnt,
1103 848 1173 920 quin
1195 860 1299 905 aurern

221 940 312 1001 uitato
332 941 371 1000 ad
389 958 440 1001 eae
458 941 628 1001 endendae
647 941 860 1017 adhibeamus,
882 942 1039 1017 aiiqnendo
1059 958 1143 1003 wana
1169 960 1221 1019 pro
1250 962 1301 1003 vo·

221 1040 334 1099 iuntate
353 1045 528 1099 maneantur
556 1045 587 1098 et
609 1045 717 1098 ooaatu
743 1040 841 1116 atiquo
869 1040 985 1098 mentia.
1016 1039 1113 1099 Prima
1134 1044 1300 1117 pentoma

221 1137 361 1213 appetieri
381 1144 489 1214 posset,
511 1136 603 1197 attera
629 1136 812 1197 amaria.
830 1136 925 1195 immo
946 1152 1015 1195 vera
1032 1136 1098 1195 addi
1116 1153 1174 1195 noo
1195 1141 1299 1198 imme·

222 1236 281 1294 rito
303 1242 400 1310 penset
423 1238 594 1294 memoriam
614 1234 772 1311 aliquando
785 1234 822 1293 ad
847 1234 941 1293 ideam
965 1234 1159 1295 revocandam
1182 1238 1299 1296 ratioet·

222 1335 341 1392 uattone
360 1334 456 1392 iurari
480 1338 510 1391 et
535 1332 671 1392 fflaaonu
691 1332 819 1409 quodam
847 1346 898 1407 per
919 1332 992 1390 aliae
1012 1334 1176 1391 interiectas
1200 1333 1299 1409 ideae,

221 1446 258 1489 ex
278 1429 386 1506 quibua
398 1430 503 1489 nitima
516 1429 567 1489 iiie
587 1435 732 1490 neetatm.
755 1430 895 1489 Memoria
908 1428 1051 1489 unimodi
1064 1432 1238 1503 praetentis
1254 1433 1300 1489 in·

223 1528 300 1601 genii
321 1541 408 1601 aaepe
426 1525 568 1585 indiainra
588 1532 655 1601 ατ,
677 1543 736 1586 nou
759 1529 829 1587 itera
856 1528 973 1603 prima,
997 1542 1015 1584 a
1039 1541 1098 1601 qna
1121 1526 1243 1600 proinde
1268 1536 1303 1587 ot

223 1622 438 1699 distingutur,
462 1626 696 1683 raaiaireeatioe
719 1626 838 1683 nomiae
859 1623 1005 1700 designari
1031 1630 1137 1699 posset.
1163 1623 1203 1683 At
1223 1624 1304 1685 uude

225 1718 260 1777 iit
281 1725 315 1779 ut
334 1722 410 1778 inter
431 1726 476 1778 tet
497 1719 578 1779 ideae
596 1720 704 1796 quibos
723 1728 864 1797 perpetuo
885 1736 1075 1797 oeeopnmnr,
1099 1720 1214 1796 aliquae
1238 1726 1305 1779 tan·

225 1822 289 1875 tum
317 1819 518 1893 retineantur,
540 1824 652 1877 aeterne
677 1821 799 1878 omnino
822 1820 1002 1878 veneaaaati
1024 1818 1100 1877 Tura
1120 1820 1208 1877 etiarn
1232 1818 1305 1894 quid

226 1911 265 1970 ad
286 1927 338 1971 eae
357 1914 535 1973 monendas
556 1914 718 1974 subvenit?
735 1915 776 1975 Ut
798 1916 855 1975 iioe
874 1916 1053 1991 deviaretur,
1077 1930 1150 1990 opos
1171 1922 1216 1974 eat
1239 1918 1305 1974 ant·

226 2008 408 2071 madvertere
427 2014 596 2071 maneriam
614 2028 651 2072 en
672 2012 782 2088 dupiiei
807 2012 864 2071 atie
888 2012 1028 2071 inmitate
1048 2012 1183 2087 pendere,
1208 2016 1306 2071 attere

228 2107 307 2167 tione
325 2108 466 2167 nimirum
489 2115 520 2167 et
543 2111 737 2171 amatione
757 2109 907 2183 idearum,
931 2108 1096 2185 dequibus
1119 2110 1218 2185 aitqua
1239 2110 1302 2169 bre

226 2206 303 2266 viter
324 2207 472 2268 innuenda
494 2214 584 2286 anat,
608 2215 766 2286 uniquam
789 2206 927 2284 rnodnrm
950 2223 1010 2284 quo
1030 2207 1073 2266 iiii
1099 2208 1304 2284 opitniaotor,

227 2303 429 2378 explanemus.
644 2328 649 2342 ·

288 2408 337 2459 to.
358 2399 491 2464 Attentio
509 2405 702 2464 maranniter
720 2403 835 2463 deiiutri
862 2404 936 2463 notet
960 2402 1132 2462 retentoria
1158 2403 1306 2481 pandam

227 2499 322 2558 aaimi
346 2499 390 2558 od
409 2499 555 2560 adiectam
579 2500 704 2578 aliprrod
719 2499 893 2579 applicatio.
919 2499 974 2560 Sed
990 2503 1128 2576 qnoniam
1146 2503 1176 2559 in
1198 2505 1305 2578 eogita-

227 2597 307 2655 tione
325 2599 431 2673 quavis
451 2599 560 2674 mdes
581 2599 687 2675 aiiqnie
708 2600 879 2658 attentionis
896 2601 990 2657 inesse
1007 2597 1135 2672 videtur,
1155 2597 1227 2657 haee
1244 2613 1306 2656 ara·

229 2691 313 2766 pitori
327 2694 496 2755 deiinitiooe
508 2695 634 2756 deeeribi
648 2703 745 2772 pnaeet
758 2699 811 2770 ita,
827 2701 860 2754 ut
875 2709 937 2754 eaeo
951 2694 1067 2754 ditetur
1078 2692 1201 2752 rtireeiia
1215 2711 1305 2770 quoe·
1372 2709 1379 2720 ·

227 2787 297 2850 dom
310 2795 487 2867 capnitioair
498 2811 559 2871 qao
574 2797 692 2854 mimae
706 2798 787 2853 aerio
806 2789 1128 2852 armamentum.
1144 2790 1217 2849 Corn
1233 2807 1305 2849 vero

228 2887 371 2948 eiusmodi
385 2894 560 2967 coguitionie
572 2893 695 2952 direatio
709 2892 889 2950 volontatem
904 2890 949 2948 rei
965 2893 1145 2948 antevertere
1159 2887 1204 2946 vei
1219 2891 1302 2963 aequi

229 2987 340 3061 poenit,
361 2989 483 3046 attentio
497 2987 669 3063 dispartitur
682 2992 712 3048 in
731 3003 808 3047 mere
826 2992 1017 3064 apoawaeam
1034 3001 1085 3045 eeu
1103 2985 1257 3058 diroetaar,
1273 2991 1304 3044 et

228 3084 260 3141 iu
280 3081 481 3144 veteratoriam
498 3101 550 3145 seo
563 3085 715 3162 reflexam.
734 3085 887 3162 Superior,
902 3085 1065 3142 rernieeiore
1078 3082 1181 3142 eatoern
1203 3080 1303 3157 atiquo

229 3180 336 3256 gradu,
347 3181 508 3257 qnamiibet
520 3183 726 3258 montionem
741 3181 849 3258 etiem
860 3183 1001 3257 posterior
1017 3180 1137 3238 nonnisi
1151 3195 1213 3252 eae,
1227 3193 1304 3254 quae

229 3293 268 3337 ex
289 3279 449 3338 voiuntatia
461 3279 702 3339 detenninattone
720 3286 910 3357 peraguntur.
926 3277 967 3337 Ut
985 3279 1109 3353 quiaque
1121 3275 1216 3348 ridet,
1240 3277 1304 3333 eiua

230 3379 356 3436 intentio
373 3379 572 3452 maximopere
589 3376 727 3437 subvenit
747 3376 784 3435 ed
800 3377 895 3436 oiarae
912 3381 942 3433 ei
959 3373 1206 3434 distinetaaidene
1225 3381 1306 3430 oen

231 3473 388 3549 parandae.
408 3473 471 3533 Nini
492 3477 570 3534 enim
590 3473 724 3536 obtutum
745 3476 775 3532 io
795 3472 910 3532 obieeta
929 3472 1083 3548 diiigenter
1102 3469 1238 3547 dgarnoe,
1254 3472 1306 3527 rix

231 3579 291 3640 aut,
300 3589 338 3631 ne
351 3575 400 3632 vix
421 3572 538 3648 quidem
552 3573 627 3632 iitnd
637 3573 822 3649 perepieitor,
840 3570 884 3629 vet
898 3570 1001 3629 aniam
1013 3567 1135 3628 eonium
1150 3563 1308 3626 admodum

233 3671 345 3729 ratione
363 3672 519 3747 eogitatur.
537 3670 614 3744 Quia
628 3685 697 3728 vero
711 3667 843 3746 pluribus
860 3668 990 3725 intenuit
1004 3667 1120 3723 animus
1140 3662 1310 3724 debilium

233 3770 294 3827 vim
320 3769 455 3846 adiungst
474 3769 621 3845 tinguite,
648 3768 757 3826 ideireo
774 3769 820 3824 eet
838 3771 872 3823 ut
898 3779 958 3838 qno
983 3763 1078 3837 magia
1111 3759 1313 3835 rooitipiiaitae

232 3867 338 3926 aroedi
355 3865 474 3943 obiecti,
491 3882 528 3925 eo
550 3867 616 3942 pina
636 3880 690 3941 pro
705 3861 838 3944 partibus
859 3864 1008 3919 minuatur
1022 3860 1156 3931 atentia,
1176 3863 1207 3915 et
1225 3858 1313 3915 vida·

231 3967 300 4025 eim.
322 3966 419 4039 Quare
438 3971 472 4025 ut
491 3964 676 4040 pomparum
699 3961 845 4021 obiectum
864 3957 1000 4017 distinete
1018 3957 1221 4032 perspiciatur,
1240 3969 1315 4028 opor
