2892 4425
356 393 434 438 raas
452 393 568 438 rsaru
588 408 601 423 ·
620 393 804 439 rusoaoers
824 393 1004 438 rarussurs
1162 389 1215 444 stt

142 511 231 580 atque
249 503 334 564 bouis
353 503 527 565 eadmbua
549 504 741 583 adigendum.
765 505 900 582 Namque
924 521 992 566 eum
1013 505 1165 568 rideamus
1190 510 1220 568 in

135 603 200 662 bae
218 605 281 662 rita
300 602 393 663 bonos
412 605 499 680 anm,
515 603 608 663 maios
628 609 726 664 autem
741 604 882 664 ineolumi
903 602 1024 665 inmune
1045 605 1121 681 irui,
1135 604 1221 682 taeiis

141 700 296 760 interimus
314 700 495 760 debitum-ei
514 708 742 761 oonsentaneunr
762 703 884 762 virtutis
905 701 1083 778 stipendium
1109 709 1220 780 tempo-

144 799 239 857 reneis
257 798 420 857 oommodis
432 813 494 856 nou
508 785 668 874 mutineri,
681 799 734 858 sed
754 799 842 859 attius
856 816 918 860 asse
932 800 1102 875 petendum.
1124 802 1222 874 Quare

144 896 258 956 iaeiiiua
277 896 452 972 torpuimus
471 912 569 956 rerum
590 897 807 956 mundanarum
824 895 981 958 uirentibus
996 899 1128 957 animum
1150 899 1221 958 iibe-

145 1009 261 1071 ramus,
283 1002 371 1072 atque
390 995 428 1053 ad
448 994 541 1054 Deum
563 996 711 1080 puriorem
735 997 869 1054 animum
891 997 1100 1054 convertimus.
1130 995 1220 1054 Prae·

145 1092 223 1151 eiare
241 1092 437 1169 Augustinus.
456 1093 617 1168 «Piauuit,
638 1095 755 1170 inquit,
777 1092 896 1153 divinae
916 1089 1117 1167 providentiae
1137 1109 1220 1168 prae·

147 1217 160 1241 ι
184 1206 287 1266 parare
307 1193 338 1250 in
359 1199 506 1266 posterum
527 1190 606 1250 bona
625 1192 727 1266 iustis,
743 1188 851 1266 quibus
871 1206 930 1248 nou
952 1189 1086 1250 truantur
1102 1192 1220 1266 iniusti,

148 1314 161 1339 ι
183 1295 213 1348 et
227 1289 305 1347 maia
319 1290 416 1364 impiis
430 1289 538 1365 quibus
553 1305 614 1347 non
627 1287 876 1348 excruciabuntur
890 1286 971 1346 boui.
991 1288 1053 1346 lata
1068 1303 1138 1348 rero
1151 1295 1221 1348 tem·

148 1411 161 1438 .
184 1385 296 1462 poraiia
316 1385 394 1445 bona
413 1392 444 1445 et
462 1386 542 1445 maia
562 1388 695 1464 atrimae
713 1387 809 1445 roiuit
828 1400 891 1446 esse
911 1387 1095 1462 communia,
1115 1393 1149 1446 ut
1168 1402 1222 1447 nee

148 1507 160 1532 n
183 1481 262 1542 bona
280 1483 414 1559 cupidius
435 1490 627 1559 appetantur,
643 1500 718 1560 quae
737 1483 808 1543 maii
829 1499 945 1560 quoque
966 1481 1073 1543 babere
1094 1500 1220 1544 eernun·

148 1606 161 1631 a
184 1587 252 1657 tur,
271 1597 327 1641 noo
346 1583 426 1641 maia
448 1585 574 1658 turpiter
592 1585 760 1659 evitentur,
781 1582 888 1658 quibua
907 1589 939 1642 et
959 1581 1029 1641 boni
1050 1582 1221 1659 pierumque

148 1705 161 1729 ι
185 1677 356 1739 atiioiuatur
375 1682 426 1738 ¹.»

178 1790 182 1799 ’
202 1776 334 1854 lienique
353 1779 465 1837 tenoris
485 1777 590 1854 buius,
605 1793 692 1853 quem
708 1780 740 1837 iu
755 1777 839 1838 bonis
859 1785 888 1838 ei
908 1778 994 1838 maiis
1012 1777 1223 1838 distribuendis

144 1875 246 1934 dirius
266 1873 451 1950 providentia
472 1881 589 1951 servat,
611 1874 685 1935 base
705 1875 786 1934 reddi
807 1875 883 1934 ratio
904 1881 1015 1953 potest,
1038 1877 1116 1953 quod
1136 1891 1224 1935 nemo

144 1975 185 2031 sit
203 1972 276 2032 adeo
291 1979 386 2032 reatus
400 1977 607 2048 moratusque,
622 1980 657 2033 ut
675 1989 735 2031 uon
749 1975 913 2048 precaverit
931 1974 1104 2049 anquando,
1119 1975 1222 2033 saitem

145 2071 203 2130 ieri
222 2069 350 2147 quodam
369 2069 484 2147 flagitio
503 2073 532 2146 ²3
547 2077 651 2130 eontm
670 2053 758 2130 nemo
774 2071 847 2130 adeo
867 2072 907 2130 sit
925 2072 1050 2147 impius,
1063 2077 1098 2130 ut
1117 2073 1221 2131 saitem

143 2166 320 2245 quandoque
339 2169 477 2228 virtutem
493 2167 623 2245 aliquam
637 2169 777 2228 moralem
796 2184 855 2229 uon
871 2175 1015 2229 ereroeet.
1037 2167 1128 2245 Saepe
1141 2171 1221 2229 enim

56 2295 65 2307 ·
144 2282 236 2343 prava
254 2266 435 2326 consuetudo
454 2272 577 2327 naturae
597 2267 728 2326 bonitate
748 2272 914 2343 superatur.
937 2266 1034 2339 Quare
1054 2268 1118 2325 iure
1138 2254 1221 2327 meri·

144 2370 233 2441 toque
252 2370 376 2439 possunt
389 2363 432 2421 iiii
447 2366 477 2421 in
493 2362 549 2422 bae
563 2366 627 2423 vita
639 2366 835 2440 temporaneis
852 2364 1027 2441 quibusdam
1048 2365 1144 2440 pieeti
1155 2382 1221 2441 poe·

145 2464 211 2538 nis,
232 2469 268 2521 ut
285 2477 354 2521 eum
375 2462 474 2521 tenore
494 2461 533 2520 ad
552 2464 715 2537 praemium
737 2462 894 2521 dummrat
913 2468 1083 2537 serventur3
1105 2462 1136 2521 bi
1156 2478 1224 2521 eon·

144 2565 209 2636 tra,
222 2558 302 2635 qnod
320 2558 433 2619 nuttam
453 2558 590 2635 deinoepe
607 2562 669 2619 sint
685 2559 847 2619 meroedem
870 2559 1019 2636 adepturi,
1034 2560 1163 2636 eliquans
1184 2560 1223 2619 ob

144 2657 224 2717 bona
243 2672 332 2733 opera
351 2658 381 2715 in
403 2657 548 2733 praesenti
562 2658 718 2733 recipiunt.
741 2658 806 2730 Qua
825 2658 863 2717 de
882 2672 914 2716 re
934 2658 1070 2719 seeieatos
1089 2656 1222 2719 homiues

145 2756 249 2831 ingens
264 2756 355 2813 timor
368 2758 494 2815 inoeasat
507 2761 631 2831 oportet,
646 2771 714 2814 oum
728 2771 762 2815 ae
773 2758 883 2832 sospite
899 2756 1003 2817 donari
1020 2754 1139 2815 ionuna
1152 2772 1222 2816 eou-

145 2853 285 2927 spieiunt.
305 2851 450 2911 Indicium
470 2854 549 2911 enim
569 2852 601 2911 id
620 2858 666 2911 est
685 2867 787 2912 eornm
808 2850 930 2914 honesta
952 2869 1058 2930 opera,
1076 2869 1151 2930 quae
1172 2870 1223 2929 pa·

145 2955 262 3007 trarunt
283 2950 462 3025 anquando,
487 2949 553 3009 ideo
575 2951 606 3007 in
629 2964 767 3025 praesens
790 2954 991 3028 remunerari,
1013 2954 1082 3028 quia
1106 2960 1223 3028 propter

76 3078 87 3088 -
145 3044 275 3106 sdrntssa
294 3044 427 3107 taeinors
445 3048 503 3122 ipsi
521 3062 541 3106 a
559 3048 662 3107 divina
674 3049 790 3107 iustitia
810 3051 934 3109 aeternis
953 3052 1053 3125 poenis
1074 3048 1222 3109 destinan-

144 3149 204 3202 tur.
225 3142 334 3204 Gontra
354 3146 411 3221 piis
431 3144 618 3221 bominibus,
631 3146 780 3205 contraria
794 3146 831 3205 de
844 3162 950 3221 muse,
966 3162 1033 3205 oum
1048 3146 1223 3223 affliguntur

147 3241 314 3302 laetandum
334 3250 388 3303 est.
409 3242 522 3321 Pignus
541 3245 620 3302 enirn
642 3243 752 3303 babent
773 3243 979 3317 manifestum,
997 3258 1047 3317 ae,
1070 3247 1170 3319 poenis
1192 3246 1220 3301 iu

145 3342 289 3414 praesenti
309 3341 429 3416 sotutis,
444 3348 557 3400 eertum
574 3340 698 3417 posthae
716 3340 885 3401 feiioitatem
901 3357 964 3401 esse
977 3347 1219 3417 consequuturoe.

203 3436 299 3499 0biio.
321 3438 374 3497 tv.
396 3437 488 3515 Atqui
509 3438 566 3498 boe
584 3441 682 3513 ipsum
709 3440 814 3498 divina
839 3440 968 3499 bonitate
996 3440 1149 3517 indignum
1179 3442 1221 3497 ui·
1253 3466 1258 3475 ·
1325 3518 1329 3525 .

144 3533 241 3612 detur,
262 3543 296 3596 ut
314 3537 419 3613 impios
435 3539 478 3595 sie
494 3538 534 3595 in
553 3539 699 3613 pravitate
723 3539 814 3597 animi
839 3537 1032 3597 obdurescere
1060 3541 1219 3614 permittet,

143 3640 180 3692 nt
196 3634 314 3694 taudem
334 3637 491 3711 perniciem
513 3652 572 3694 non
594 3636 786 3711 reparandam
807 3638 970 3695 incurrant.
1139 3704 1144 3710 ,

206 3732 295 3808 Resp.
315 3732 409 3810 iiiud,
427 3733 529 3809 oredo,
544 3748 631 3792 nemo
645 3732 764 3811 negabit
782 3740 878 3793 stante
898 3734 1053 3809 impiorum
1074 3734 1104 3790 in
1122 3734 1219 3807 preri-

144 3835 205 3888 tate
225 3833 316 3888 animi
340 3831 558 3908 obstinatione,
579 3830 684 3890 debere
708 3830 800 3891 iieum
828 3832 945 3891 meritas
965 3846 1072 3907 poeum
1093 3829 1219 3904 deipsis

204 3968 214 4011 1
234 3964 271 4011 De
288 3966 345 4013 Cio.
365 3966 412 4014 Det
428 3964 471 4014 iib.
493 3972 515 4026 t,
531 3978 554 4013 o.
573 3972 595 4015 8.

203 4048 217 4089 2
233 4042 397 4093 conterente
413 4044 540 4094 laudatum
558 4046 593 4093 De
609 4044 709 4095 bisiatre
726 4042 787 4095 ibid.
808 4044 856 4094 vol.
875 4052 898 4103 2,
917 4042 984 4093 irati.
1003 4050 1026 4089 a.
