2892 4425
222 359 260 413 aa
554 366 794 409 aaarrarsrcac
815 364 976 409 ermricus
1028 362 1031 370 ’

217 478 338 534 omniuo
358 490 393 533 ac
417 478 520 533 mutuo
538 476 700 550 pugnantia
719 472 873 549 compiecti
893 474 992 533 mmai.
1015 472 1050 531 Et
1068 488 1140 531 sanc
1163 488 1238 548 qnae
1259 486 1304 531 rc·

219 574 380 649 pugnantia
399 574 429 629 io
448 570 550 630 mundi
572 586 629 629 nou
650 572 805 630 existentia
825 570 857 641 s'c
876 569 991 645 prodit,
1010 585 1077 627 com
1099 568 1180 627 nuiio
1202 566 1303 641 modo,

220 677 360 745 utsupra
382 667 466 744 dixi,
490 671 520 727 in
540 668 643 727 muudi
663 667 728 727 idea
749 668 905 727 existentia
927 668 1131 741 contincatur,
1150 668 1307 740 ipsumque

219 782 280 838 nou
300 770 463 826 exstantem
479 766 578 825 auimo
599 768 751 841 concipere
771 765 943 825 caicamus?
958 764 1018 823 Aut
1039 779 1116 840 qaue
1131 764 1307 839 simpiicitas

219 866 250 923 iu
267 870 351 923 tanta
372 878 469 923 rerum
489 863 696 938 distinctione,
717 862 907 943 diversitate,
930 864 1129 939 oppositione,
1151 878 1307 937 coagmen·

219 962 347 1035 tatione,
371 963 524 1038 congerie,
549 962 677 1037 partium
700 961 887 1036 quantitate,
908 960 1093 1018 successione
1113 946 1232 1034 reperiri
1253 966 1309 1019 aut

219 1057 291 1137 iingi
307 1074 438 1135 uuquam
457 1058 572 1134 potasti
587 1058 634 1117 lio
650 1056 887 1117 immutabilitate
906 1072 975 1115 vcro
992 1062 1021 1115 et
1040 1056 1222 1117 infinitarum
1242 1073 1308 1133 per·

220 1156 380 1219 iccbonum
400 1157 554 1232 compiexu
572 1154 644 1231 quid
660 1154 781 1214 dicam?
792 1169 872 1227 cum,
884 1156 964 1212 omui
985 1156 1209 1231 investigatione
1226 1170 1308 1215 sum·

220 1263 313 1332 mota,
333 1259 398 1334 ipso
418 1254 465 1313 vei
484 1260 605 1331 aspectu
624 1254 789 1313 tenuantur
808 1266 948 1327 precum
969 1254 1061 1326 vices,
1082 1267 1158 1327 quac
1175 1250 1308 1313 mundos

220 1353 333 1416 indies
352 1351 450 1427 subit,
468 1358 532 1410 tum
552 1350 701 1409 coturnica
717 1349 849 1409 deiectus
869 1364 904 1407 ac
920 1348 1029 1407 iimites
1047 1346 1153 1424 quibos
1172 1349 1308 1425 ninguine

221 1453 285 1512 cius
303 1445 401 1526 partes
418 1454 447 1508 et
466 1454 547 1507 totus
565 1447 686 1534 proinde
706 1447 786 1509 orbis
806 1446 1079 1506 circumscribitur?
1103 1444 1198 1523 ,dique
1217 1446 1306 1523 baeu,

199 1532 202 1540 ’
221 1562 297 1624 quac
315 1546 353 1605 dc
372 1545 483 1605 mundo
499 1543 642 1620 dicimus,
663 1545 757 1604 muito
777 1546 870 1620 magis
891 1560 945 1619 pro
961 1546 1052 1619 ipsius
1072 1546 1212 1620 materia,
1231 1560 1310 1621 quac

220 1645 289 1721 pius
306 1642 424 1719 quidem
443 1642 613 1718 imperfecta
631 1645 786 1717 minusque
805 1641 941 1701 abscinta
960 1641 1028 1701 duci
1039 1640 1146 1717 debet,
1167 1650 1236 1701 sunt
1259 1660 1310 1704 aa·

223 1743 322 1802 iitura.
344 1742 441 1814 Quare
459 1742 484 1799 si
503 1739 647 1799 dementis
669 1746 714 1799 est
736 1738 877 1799 mundum
901 1738 981 1798 bunc
1004 1738 1145 1799 iniectum
1165 1742 1308 1817 opinari,

221 1839 316 1899 mutto
333 1838 382 1897 iiic
400 1837 584 1913 dementior,
609 1839 661 1914 qui
676 1837 756 1915 quod
777 1838 885 1897 mundo
905 1843 1022 1913 propter
1040 1838 1105 1897 eius
1123 1836 1307 1899 imbcciiiita·
1396 1898 1404 1911 ,

221 1945 281 1997 tem
300 1937 390 1998 tribui
409 1940 530 2013 nequit,
555 1936 584 1995 id
608 1936 710 1996 muudi
733 1939 871 1995 materiae
890 1935 1077 1995 tribuendam
1098 1936 1303 1997 arbitraretur.

286 2035 395 2095 iidndc
411 2038 455 2095 sic
474 2037 580 2094 iterum
599 2041 806 2111 argumentor:
829 2033 997 2093 Mundanus
1020 2021 1093 2093 ordo
1114 2050 1234 2095 causam
1257 2036 1309 2095 ha·

222 2129 291 2210 brt‘3
313 2134 402 2211 Atqui
424 2136 526 2210 nequit
546 2132 619 2192 ordo
642 2132 744 2192 mundi
765 2148 884 2193 causam
905 2131 1030 2207 babere,
1056 2134 1113 2191 nisi
1137 2134 1201 2208 ipae
1220 2150 1308 2192 mnu·

223 2233 301 2310 dus,
325 2233 425 2310 quoad
446 2235 598 2292 mammam
622 2232 700 2292 unde
722 2238 857 2308 constat,
884 2232 923 2290 sit
942 2247 995 2290 eos
1018 2229 1204 2308 productum3
1229 2231 1310 2310 Ergo

224 2332 351 2392 muudus
368 2331 466 2409 quoad
486 2333 639 2392 materiam
659 2330 738 2390 unde
756 2336 873 2390 constat
893 2327 1052 2404 pmdcctus
1071 2335 1126 2388 eet.

286 2429 322 2490 Et
338 2447 421 2507 saue,
436 2431 631 2507 pnicbcrrima
647 2429 720 2489 baec
737 2445 833 2488 rerum
852 2427 1015 2502 dispositio,
1032 2433 1190 2503 tantusque
1205 2443 1308 2486 cansa·

224 2543 291 2588 rum
306 2531 432 2588 invicem
445 2529 649 2605 coiiigatarum
663 2542 771 2602 nexus,
785 2543 844 2602 quo
858 2525 892 2584 iit
913 2531 946 2584 ut
967 2525 1083 2602 singuia
1106 2540 1194 2585 sunm
1208 2525 1306 2584 iocum

224 2633 354 2702 mueant,
367 2625 511 2702 acquabiii
526 2631 607 2685 motu
621 2625 782 2684 incitentur
793 2630 823 2684 et
834 2623 872 2683 ad
885 2639 973 2682 soum
987 2638 1120 2698 quaeque
1133 2631 1163 2684 ct
1177 2639 1308 2682 commu·

224 2740 292 2784 nem
305 2725 437 2783 omnium
459 2723 548 2783 tinem
570 2725 634 2782 sine
654 2722 715 2782 oiia
737 2720 955 2798 perturbatione
978 2720 1130 2795 scrantur,
1153 2719 1308 2779 indubium

225 2829 281 2897 est,
298 2824 370 2897 quin
386 2821 514 2897 aliquam
529 2837 649 2880 causam
668 2821 830 2896 etquidem
852 2818 1060 2895 intciiigentem
1079 2817 1235 2893 postuicut.
1252 2815 1308 2876 Or·

225 2919 325 2978 dinem
338 2921 416 2976 enim
429 2925 459 2976 ct
475 2921 634 2994 rapientem
654 2918 939 2976 administrationem
956 2918 1101 2976 nonnisia
1116 2919 1228 2974 ratione
1245 2931 1310 2991 pro·

225 3015 317 3074 iicisci
333 3016 397 3090 ipsa
412 3015 487 3075 duce
504 3021 534 3073 et
552 3017 693 3091 magistra
710 3021 818 3074 natura
836 3013 992 3089 docemnr3
1012 3029 1067 3072 neo
1086 3015 1241 3090 quisquam
1263 3019 1310 3072 eat

96 3134 101 3142 ¹
226 3120 287 3172 tam
305 3111 405 3188 rudis,
427 3114 479 3189 qui
500 3111 606 3172 nedum
630 3111 686 3172 sibi
706 3111 881 3188 persuadere
899 3111 950 3172 sed
971 3112 1017 3171 vei
1035 3113 1178 3186 suspicari
1199 3115 1309 3188 possit,

226 3226 302 3287 opus
323 3209 479 3270 artificiose
500 3210 647 3286 digestum
667 3216 697 3268 et
719 3209 833 3270 affabre
855 3209 1037 3270 elaboratum
1059 3225 1116 3268 noo
1137 3209 1310 3268 constituet

226 3303 339 3366 ratibuc
355 3305 488 3382 artificis,
502 3305 554 3366 scd
566 3309 731 3367 temeritate
747 3314 777 3368 et
792 3323 863 3368 casu
878 3307 969 3368 fuisse
983 3305 1160 3367 coniectum.
1174 3307 1211 3366 iit
1224 3323 1308 3382 sane,

226 3407 252 3464 si
270 3403 393 3465 eiicutm
411 3406 506 3464 omnis
522 3403 608 3464 debet
626 3421 697 3465 suuc
714 3421 821 3466 causac
836 3421 1014 3482 congruere,
1029 3419 1082 3464 nco
1101 3406 1261 3482 quidquam
1278 3407 1308 3464 in

227 3500 279 3560 iiio
298 3503 394 3561 inesse
411 3509 518 3580 potest,
534 3503 614 3579 quod
636 3503 710 3562 baec
727 3504 841 3581 acquaii
862 3511 913 3563 aut
932 3505 1019 3563 etiam
1039 3504 1242 3564 exuciientiorc
1261 3519 1309 3562 ra·

227 3600 307 3658 bone
327 3616 386 3659 uon
405 3599 531 3677 babeat,
554 3599 824 3661 manifestissimum
844 3607 887 3661 cst
908 3617 926 3660 a
944 3603 1105 3661 temeritate
1123 3610 1153 3662 et
1173 3617 1242 3662 casu
1264 3603 1309 3659 ui·
1331 3611 1340 3654 .·

228 3695 270 3755 bii
292 3699 348 3758 uisi
365 3701 552 3758 temerarium
576 3705 664 3775 atque
684 3706 902 3776 praeposterum
921 3715 1006 3775 posse
1028 3703 1173 3778 progigni.
1195 3699 1309 3758 Stultis-

227 3794 304 3852 sima
321 3800 366 3854 est
383 3798 473 3873 igitur
489 3795 648 3857 Democriti
664 3804 694 3856 ct
709 3795 828 3872 Epicuri
844 3803 1064 3874 ceterorumque
1081 3797 1310 3857 enoratistarum

226 3892 357 3965 opinatio
372 3893 585 3954 adstruentium
602 3894 849 3955 ordinatissimam
866 3896 943 3955 banc
960 3895 1127 3956 machinam
1146 3912 1183 3956 ex
1202 3897 1309 3956 atomis

228 4001 289 4046 uon
307 3989 456 4065 productis
479 3995 509 4051 in
531 4007 625 4052 vacuo
646 3997 757 4052 temera
778 3991 990 4054 cursitantibus
1009 3993 1163 4052 coaiuissc.
1199 4059 1202 4065 ,
