2892 4425
532 410 768 455 rnssnonronrs
1151 406 1188 459 ts

113 523 198 585 inciie
210 521 360 585 adducunt
372 536 450 581 novn
463 518 526 597 iliu,
546 536 622 597 qnae
640 522 671 578 in
685 520 771 581 liniis
787 522 876 581 etiem
890 536 910 580 e
922 522 1072 583 nonnullis
1085 526 1131 585 vel
1147 542 1193 586 se·

111 623 207 683 ductis
225 620 271 681 vel
290 617 492 681 seductoribus
508 623 720 693 proponuntur.
742 619 821 677 inter
834 618 907 679 hoen
920 621 1103 695 potissimum
1117 627 1189 683 enri-

112 726 162 779 net
177 717 365 779 Globertiene
385 716 553 791 ontoiogia,
574 730 650 790 quoe
669 715 882 774 Germanorum
900 717 1092 777 delirnmentu
1111 736 1192 786 nouo

112 817 237 893 quodam
259 822 402 892 apparatu
422 813 587 889 reproducit
609 812 633 871 ¹.
653 813 731 871 Dum
752 816 830 872 enirn
849 824 1009 876 menterno
1028 818 1192 879 subiective

111 916 342 975 consideratione
358 914 488 971 tuncrum
512 912 550 971 ed
572 912 800 972 obiectiuitntem
819 914 977 988 quemdem
994 916 1192 992 independen-

112 1016 170 1072 tem
191 1020 220 1071 et
239 1011 403 1073 ubsolutcun
422 1009 675 1084 contemplandum
695 1011 855 1069 transferre
874 1014 992 1089 nititur3
1012 1004 1130 1074 omnent
1144 1030 1193 1074 ve·

113 1112 228 1169 ritetenr
249 1114 280 1167 et
295 1105 455 1167 realitatern
469 1104 584 1165 entibus
600 1104 692 1164 iinitis
706 1104 821 1180 adimit,
841 1105 904 1165 solo
919 1107 994 1167 Ente
1011 1109 1126 1169 infinito
1139 1110 1194 1170 ed-

114 1213 238 1280 structo‚
254 1213 287 1266 ut
299 1205 418 1279 proprio
430 1204 494 1263 ioco
512 1202 738 1265 demonstraturi
751 1218 865 1263 eumne.
880 1203 951 1263 Eius
964 1212 1062 1263 notem
1079 1222 1195 1267 somine

115 1305 187 1364 hoec
200 1308 260 1363 est:
281 1302 464 1363 obiectivites
484 1318 550 1361 curn
565 1304 595 1361 in
612 1300 697 1361 rebus
714 1300 903 1361 monolithus
915 1307 945 1360 et
956 1304 1193 1379 contingentibus

115 1405 209 1461 inaese
225 1406 360 1476 nequent,
382 1402 522 1460 intuitum
536 1400 737 1459 immediatum
758 1400 887 1475 exquirit
905 1400 989 1459 idene
1007 1403 1102 1476 ipsios
1121 1404 1196 1463 entis

116 1501 242 1575 supremi
264 1504 293 1557 ei
313 1499 485 1573 uecoesnril,
507 1499 613 1573 inquo
633 1500 760 1557 rationes
772 1496 970 1573 intelligibiles
990 1499 1196 1559 contineantur

115 1614 212 1659 reruni
225 1596 448 1673 producturum
463 1610 538 1671 quoe
559 1595 679 1669 proinde
692 1597 810 1654 nonnisi
826 1597 856 1654 vi
875 1595 963 1656 unius
984 1598 1107 1657 intuitus
1127 1605 1193 1657 ten·

114 1713 203 1773 quern
224 1697 255 1754 ln
271 1696 388 1769 proprie
402 1694 515 1752 ratione
532 1692 695 1752 intellectae
715 1694 925 1769 percipiuntur,
945 1710 1013 1753 curn
1026 1698 1196 1771 ceteroquin

116 1810 246 1853 seorsum
263 1795 294 1852 ln
311 1792 413 1866 seipsis
431 1789 552 1865 intelligi
570 1796 726 1865 nequeunt.
744 1790 822 1849 iiiuc
834 1806 901 1849 curn
915 1806 961 1849 res
973 1792 1117 1850 eiusmodi
1135 1794 1196 1851 lent

116 1892 273 1951 existentes
288 1889 435 1949 creatione
447 1886 625 1963 subsistunt,
641 1889 671 1945 ri
693 1890 777 1947 euius
798 1904 865 1947 curn
879 1880 1015 1964 supremo
1026 1870 1101 1947 ‘linte
1114 1906 1194 1949 corn-

118 1990 341 2049 municetiouem
353 1984 473 2060 hubenc
487 1984 613 2045 medium
628 1985 773 2059 naturale,
783 2000 844 2061 quo
854 1988 979 2061 perspici
990 2002 1008 2044 n
1019 1993 1119 2044 mente
1131 2003 1199 2061 pos·

116 2089 187 2161 sint,
202 2087 266 2160 ipso
279 2090 346 2143 octo
366 2084 519 2143 creationis
539 2086 714 2143 continetur.
736 2082 784 2142 Ad
803 2084 883 2143 bunc
903 2085 991 2159 igitur
1005 2086 1096 2142 aciem
1113 2100 1198 2144 suunt

117 2182 264 2244 intendere
274 2180 435 2242 intellectus
447 2180 593 2240 humanus
604 2179 699 2255 debet,
711 2186 745 2240 ut
758 2196 856 2239 rerum
865 2179 1035 2239 eiiectororn
1049 2182 1198 2257 propriant
1213 2219 1216 2226 -

117 2281 251 2338 notitiem
272 2278 398 2338 hauriet.
424 2279 538 2352 linquo
555 2277 721 2353 deducitur,
743 2279 944 2352 primigeniam
959 2281 1065 2338 mentis
1078 2289 1199 2340 nostroe

118 2377 330 2451 cognitionem,
346 2390 405 2448 que
422 2381 534 2432 ceterae
552 2389 654 2433 omnes
674 2373 881 2448 informentur,
896 2373 953 2431 hoc
974 2374 1101 2433 formula
1116 2377 1200 2434 exiri·

118 2473 196 2532 beri:
215 2471 279 2530 Erre
301 2471 413 2544 (uernpe
432 2469 519 2544 Deus)
541 2474 623 2529 creet
642 2472 817 2528 existentias
839 2471 953 2544 (nempe
972 2470 1138 2546 mundum).

63 2545 68 2558 ’
178 2569 276 2643 Atque
289 2567 362 2626 hoec
375 2565 412 2624 de
428 2572 489 2624 toto
505 2565 706 2641 philosophiae
719 2565 857 2642 decursu,
877 2568 999 2644 eiusque
1012 2567 1137 2626 diversis
1152 2583 1202 2646 sy·

120 2664 292 2728 etemetihus
308 2663 451 2726 delibasse
465 2663 604 2724 soluerat.

529 2859 712 2920 Annicuuus
733 2860 788 2920 111.

182 3059 228 3120 oe
246 3017 458 3137 risusque
473 3059 627 3136 partious,
647 3058 743 3137 eaque
758 3058 909 3120 ordimur
924 3057 1143 3122 reservando.

185 3259 234 3310 rt.
250 3250 316 3310 Nou
329 3267 365 3310 ea
378 3251 463 3310 nobis
475 3256 520 3310 est
534 3267 633 3326 mens,
651 3257 685 3310 ut
703 3250 837 3310 diuersus
851 3249 1051 3326 philosophice
1071 3253 1204 3326 pertitio·

121 3365 186 3424 nes,
200 3365 276 3426 quse
289 3350 326 3408 nb
340 3351 405 3409 aliis
419 3349 521 3410 uflerrl
536 3349 643 3424 solent,
659 3349 873 3424 improbemus3
892 3348 944 3407 sed
958 3355 992 3408 ut
1007 3349 1087 3408 illem
1102 3365 1206 3424 propo·

122 3462 243 3522 numus,
258 3461 333 3521 quoe
347 3447 430 3506 uobis
443 3449 537 3522 mugio
552 3447 661 3506 arridet
672 3453 702 3504 et
715 3446 858 3506 hodierno
871 3445 967 3504 ordini
981 3445 1204 3521 disciplinarum

123 3543 228 3602 melius
248 3545 493 3605 accommodetur.
519 3545 666 3620 Culum
689 3547 768 3604 euim
789 3544 961 3621 discipliuae
980 3547 1121 3622 pertitio,
1150 3547 1205 3605 etsi

122 3641 346 3701 fundumentum
361 3645 486 3718 accipiet
505 3642 542 3702 ob
556 3643 667 3703 obiecto
680 3642 760 3719 quod
772 3645 902 3719 respicit,
923 3647 953 3702 in
966 3660 999 3703 se
1011 3650 1110 3704 tumeo
1124 3643 1204 3701 erbi-

123 3809 281 3858 Tennenrunn
291 3805 412 3864 (Moneri
422 3805 454 3856 dc
465 3806 545 3857 l'nut.
557 3806 589 3858 de
602 3807 756 3872 expletive),
766 3810 802 3857 De
812 3807 1015 3875 §mndoulist
1027 3807 1073 3858 des
1081 3805 1206 3869 cpolim

126 3887 285 3952 comparer),
300 3887 377 3936 Butrle
390 3889 470 3948 (ilici.
483 3887 515 3936 de
526 3887 554 3938 ie
565 3887 661 3950 polim.
675 3887 821 3948 medune),
834 3886 950 3951 Gsiiuppi
961 3889 1075 3950 (Iaellere
1084 3883 1210 3948 filosofi)

125 3968 236 4030 aliosque
247 3967 289 4030 qni
302 3968 332 4018 do
345 3968 390 4018 lise
402 3967 493 4018 reisue
503 3968 661 4030 scripserunt

185 4056 194 4100 ι
210 4047 399 4100 introductione
409 4047 466 4100 cilo
475 4047 564 4101 studio
575 4047 782 4112 deilofiiososta.
