2892 4425
334 392 411 435 PARS
429 392 544 436 ‘mm
564 405 576 420 ·
596 390 777 435 rutundum
799 391 978 435 iit'tiinliis
1143 383 1200 434 815

475 595 634 656 Solvuntur
650 595 852 667 difficultates.

184 805 254 858 itt.
274 796 369 857 obite.
384 797 410 856 1.
430 796 527 856 Multa
543 801 614 855 sunt
632 797 663 854 in
684 795 773 854 rebus
792 795 935 872 physicis,
954 809 1029 870 quus
1043 811 1101 854 non
1116 795 1203 854 modo
1265 755 1270 770 Ι

122 897 239 958 iutilia
257 901 348 971 sunt,
379 909 481 960 rerum
504 895 594 952 etiam
618 895 726 968 noxia3
751 908 825 968 quce
860 892 983 969 proinde
1013 909 1031 951 a
1060 896 1203 970 principio

41 1005 45 1010 “
122 1011 238 1056 summe
258 993 337 1054 bono
363 1007 484 1051 manare
505 1007 564 1050 uon
586 997 756 1066 potuerunt.
776 991 816 1049 ii.
838 989 868 1050 Si
890 993 1066 1066 principium
1085 997 1200 1050 tuntum

124 1091 234 1152 bonum
257 1098 405 1164 astaret,
428 1090 541 1149 nullum
562 1091 683 1148 omnino
703 1091 815 1149 malum
840 1088 1049 1148 inveniendum
1068 1093 1145 1147 esset
1172 1090 1202 1146 in

124 1190 245 1249 mundo.
271 1189 350 1248 Num
376 1187 428 1247 nbi
451 1203 469 1245 e
490 1186 607 1246 duobus
625 1187 781 1246 contrariis
805 1201 897 1245 unum
922 1185 1069 1245 inlinitum
1092 1191 1152 1260 cst,
1174 1191 1204 1244 et

125 1288 220 1346 solam
238 1289 300 1346 vim
314 1291 449 1362 exercet3
467 1285 591 1344 alterum
607 1300 729 1361 prorsus
752 1283 928 1343 excinditur.
950 1282 991 1342 At
1010 1298 1079 1340 reru
1093 1281 1203 1341 bunum
1236 1308 1240 1316 =

125 1392 171 1444 cst
194 1385 263 1444 maii
282 1385 482 1459 contrua-inm,
505 1384 738 1458 principiumque
760 1381 871 1440 bonnm
891 1379 1007 1438 inlicita
1027 1378 1134 1456 gaudet
1152 1379 1204 1438 bo·

126 1484 228 1542 nitate.
247 1481 326 1558 Ergo
345 1487 403 1540 etc.

187 1579 359 1654 Respondes
380 1579 454 1638 nihii
475 1593 579 1638 rerem
596 1578 629 1636 in
649 1577 761 1637 mundo
785 1583 848 1636 etse
865 1588 1126 1651 supervacaneum,
1153 1575 1204 1634 sed

127 1677 227 1734 omnia
247 1663 340 1734 usum'
361 1676 489 1751 uliqmm
509 1681 540 1733 et
558 1673 648 1734 linem
674 1673 732 1732 sibi
752 1675 956 1749 praestitutum
981 1669 1099 1732 hebere.
1120 1671 1205 1745 Quod

127 1777 182 1834 etsi
203 1789 290 1850 suepe
313 1774 400 1834 nobis
424 1789 484 1832 nun
502 1773 660 1848 elucescat,
681 1772 738 1831 hoc
757 1779 855 1831 tumim
878 1770 947 1830 inde
970 1771 1103 1845 provenit
1127 1767 1207 1845 quod

128 1887 230 1930 omnes
247 1877 370 1930 naturae
392 1870 466 1930 lines
486 1873 627 1946 perspecti
652 1869 740 1929 nubis
762 1885 821 1928 uon
843 1870 913 1928 sint.
931 1867 1042 1928 Verum
1066 1883 1103 1925 ex
1123 1867 1205 1943 igno·

129 1972 242 2030 ratione
254 1955 356 2029 nostra
373 1977 481 2028 temere
503 1971 593 2027 nimis
615 1975 645 2027 et
661 1967 861 2044 imprudenter
884 1971 1091 2042 argumentum
1111 1979 1206 2024 aume-

130 2075 209 2127 retur
223 2067 262 2126 ad
278 2083 375 2126 rerum
393 2066 577 2142 singularum
596 2065 753 2124 utilitatem
772 2064 957 2124 metiendum.
981 2063 1113 2138 Itemque
1132 2063 1206 2121 nihil

130 2163 262 2227 ubsoiutc
280 2167 402 2225 noxium
417 2170 547 2240 respectu
563 2178 661 2223 mrum
673 2177 925 2239 quarumcumque
938 2161 996 2221 dici
1010 2167 1115 2239 potest.
1131 2161 1207 2219 Nam

129 2280 205 2341 quae
222 2271 328 2323 nocent
345 2266 410 2338 ani,
424 2264 508 2323 alteri
525 2269 662 2339 prosunt3
678 2268 709 2320 ct
727 2264 826 2320 omnin
844 2265 874 2321 in
893 2265 1029 2319 ornatum
1049 2265 1079 2318 ct
1098 2258 1208 2317 bonum

130 2364 221 2421 tutius
236 2362 345 2436 optime
362 2360 481 2419 cedem.
497 2360 580 2433 Quod
600 2375 659 2436 qua
679 2362 791 2418 rctione
811 2360 975 2435 continget,
989 2372 1062 2432 opus
1082 2372 1142 2416 non
1163 2362 1208 2416 est

130 2465 166 2517 ut
183 2460 377 2534 intelligentie
396 2458 524 2516 hominis
537 2456 610 2516 udeo
625 2459 760 2533 angustis
775 2456 896 2515 deduitu
918 2454 1059 2514 limitibus
1072 2453 1209 2513 distincte

131 2558 303 2633 perspiciat3
324 2556 375 2615 sed
391 2556 498 2630 oppido
517 2554 628 2614 sullicit
648 2562 682 2613 ut
694 2556 928 2629 sapientissimus
951 2555 1065 2611 noverit
1087 2551 1207 2610 artifex.

131 2654 316 2728 Quamquam
338 2669 397 2711 non
423 2669 489 2711 ruro
506 2651 551 2727 sst,
574 2659 608 2711 ut
625 2667 701 2728 quac
717 2654 854 2727 opinione
872 2650 1004 2727 populari
1022 2650 1127 2709 nocivu
1146 2664 1209 2708 crc-
1270 2650 1271 2653 ’

130 2751 261 2825 duntur,
289 2750 466 2827 diiigentiori
490 2750 693 2809 observatione
723 2765 782 2807 nou
811 2763 914 2824 purum
942 2746 1078 2809 utilitatis
1103 2744 1210 2806 ullerrc

131 2848 397 2924 deprehendentur.
424 2848 472 2906 Sic
496 2849 562 2921 ipsa
586 2863 699 2906 venena
722 2846 829 2905 idonea
853 2847 1019 2922 quontitate
1038 2850 1157 2922 sumpta
1180 2850 1210 2902 et

133 2950 190 3006 rite
208 2946 356 3030 eleborata
373 2962 427 3023 pro
445 2946 636 3005 medicamine
649 2945 768 3021 valent3
788 2952 818 3004 et
836 2944 975 3003 eiierutae
995 2942 1109 3003 beiiuue
1125 2958 1209 3018 prue-

133 3052 179 3107 ter
198 3052 309 3104 ceteros
329 3060 422 3121 usus,
444 3043 627 3121 diligentium
655 3051 685 3104 ei
701 3044 850 3103 solertium
869 3050 1001 3103 nostram
1022 3058 1082 3101 uon
1105 3056 1210 3118 purum

134 3151 280 3218 exercent,
300 3150 387 3220 atque
409 3149 442 3203 ut
459 3146 598 3203 societate
615 3145 818 3202 contineamur
837 3142 1023 3201 vehementer
1042 3142 1208 3221 impellunt.

194 3240 242 3299 Ad
262 3241 386 3300 alterum
406 3258 477 3299 vero
497 3241 669 3316 respondeo,
690 3243 930 3316 quotiescumque
950 3241 1074 3298 duorum
1097 3243 1211 3297 contru-

136 3340 245 3396 riorum
259 3354 351 3396 unum
365 3338 512 3396 infinitum
530 3345 587 3413 est,
598 3339 723 3396 alterum
742 3337 907 3397 excluditur
924 3340 1038 3413 penitus
1051 3354 1069 3396 a
1083 3335 1213 3395 subiecto

21 3428 29 3439 '
135 3434 254 3509 eudem,
274 3450 333 3493 nou
353 3442 451 3494 autern
471 3434 509 3494 ab
526 3434 683 3494 ellectibm
706 3438 759 3511 qui
779 3434 817 3494 ab
832 3435 978 3493 eiusmodi
993 3436 1136 3510 principio
1150 3450 1213 3510 pro·

135 3532 296 3591 ducuntur.
319 3533 357 3591 iii
377 3536 455 3591 enim
478 3541 585 3591 cunsuc
605 3532 810 3608 perfectionem
832 3534 1022 3608 aequiparare
1044 3539 1211 3608 nequeunt3

136 3629 280 3704 siquidem
302 3629 358 3689 hoc
376 3634 439 3705 ipso
457 3630 535 3706 quod
556 3632 759 3706 contingentes
779 3636 867 3707 sunt,
888 3630 925 3688 ab
945 3628 1060 3689 influitu
1083 3631 1213 3689 restitute

136 3726 290 3786 discedunt
315 3734 345 3786 et
365 3731 453 3787 certis
474 3726 617 3787 limitibus
640 3726 875 3804 adstringuntur.
899 3728 944 3787 Ex
967 3744 1026 3804 quo
1040 3728 1074 3787 iit
1089 3734 1123 3786 ut
1143 3726 1213 3784 maii

136 3825 224 3883 simul
245 3830 276 3883 et
295 3824 363 3885 boni
383 3828 540 3902 participes
555 3840 620 3885 esse
635 3828 759 3901 possint.
782 3826 840 3885 lies
860 3828 938 3885 euim
953 3825 1036 3885 linita
1049 3829 1077 3883 et
1090 3824 1213 3881 circum·

137 3926 268 3999 scriptu,
283 3928 499 3983 contrariorum
516 3924 708 3983 efficientium
728 3926 834 3983 actioni
855 3926 1029 4000 subiicitur,
1044 3938 1080 3980 uc
1093 3920 1213 3996 proinde

136 4021 313 4096 perlectione
330 4022 428 4098 aliqua
446 4022 502 4082 sibi
521 4020 619 4081 debite
640 4022 758 4097 spoliari
782 4030 888 4098 potest,
907 4040 943 4081 ex
970 4036 1029 4097 quc
1054 4018 1211 4095 physicum
1295 4028 1300 4050 ’
