2892 4425
234 369 290 420 iil
572 373 792 416 usrurnrsicl
812 373 987 418 essentiis

233 470 332 560 euim,
354 490 387 542 ut
411 481 494 558 disi,
515 483 546 540 iu
570 488 702 556 respectu
726 487 755 540 et
778 479 947 541 habitudine
973 483 1061 540 uuioa
1093 479 1131 542 ad
1155 479 1235 540 eliud
1254 489 1315 542 tote

232 586 401 656 uocumque
416 585 482 655 est,
500 585 643 638 versetur.
665 577 744 654 Ergo
761 595 828 638 oum
847 578 915 638 talis
933 577 1006 638 ordo
1026 578 1112 664 reulls
1134 581 1190 655 sit,
1208 583 1239 638 et
1257 595 1315 638 nou

233 679 265 736 in
285 682 380 736 mente
399 683 515 736 tentum
533 675 584 734 sed
604 677 633 736 ln
653 675 740 735 rabos
759 691 779 734 u
796 674 858 734 Deo
876 675 1002 736 conditis
1020 674 1189 749 inbuereut3
1215 671 1317 734 relutlo

234 773 341 849 ruetis,
364 789 440 849 quus
465 776 560 848 ipsam
583 789 680 832 rerum
704 778 839 832 usturam
865 771 995 849 alliciat,
1020 773 1120 850 negari
1145 773 1231 848 plum
1258 789 1315 831 noo

236 875 342 945 potet.
823 939 826 956 ,

294 967 355 1028 Ner
372 967 576 1028 difficultatem
607 969 713 1043 legerit
732 967 810 1043 quod
834 966 871 1026 ad
894 966 1038 1028 eiusmodi
1061 967 1227 1028 relationem
1251 983 1316 1042 per·

235 1065 399 1142 cipiendum
418 1067 597 1141 comparatio
616 1080 731 1140 semper
750 1064 849 1139 ulique
871 1065 1050 1141 requiratur,
1075 1079 1151 1139 qnue
1171 1070 1255 1124 ectus
1272 1070 1318 1123 eet

235 1165 351 1222 mentis.
375 1161 451 1222 Num
474 1164 503 1221 vl
524 1163 753 1236 comparationis
773 1160 988 1248 bulus1reletio
1011 1176 1068 1220 non
1090 1159 1246 1236 conditur,
1266 1160 1318 1220 sed

235 1259 402 1336 detegitur,
426 1276 462 1319 uc
486 1259 609 1334 proinde
631 1257 704 1318 ordo
724 1257 893 1317 relationem
913 1256 1044 1318 efficiens
1066 1259 1095 1316 iu
1120 1257 1206 1318 rebus
1225 1259 1317 1332 lpels,

236 1373 312 1433 quse
332 1364 560 1432 comparentur,
585 1361 681 1415 exstet
705 1371 823 1414 necesse
843 1361 898 1414 cst.

299 1463 349 1512 eu.
371 1453 412 1513 At
427 1456 505 1512 enlm
524 1469 600 1528 quee
617 1453 798 1513 conditiones
819 1453 998 1512 necessarior
1016 1459 1089 1513 suut
1105 1459 1139 1513 st
1159 1454 1261 1515 mietio
1280 1455 1319 1513 sit

238 1551 325 1610 reelis
343 1557 373 1610 et
395 1567 413 1608 e
433 1551 527 1627 logice
550 1549 762 1625 distinguetur?
783 1550 915 1624 liepono,
937 1564 987 1610 cus
1009 1565 1074 1610 esse
1091 1557 1229 1626 quotuor.

298 1646 396 1706 Prlme
414 1655 475 1722 cst,
497 1653 532 1705 ut
546 1646 726 1722 subiectum,
746 1648 793 1706 cul
811 1647 914 1706 relatio
928 1645 1088 1723 tribuitur,
1111 1647 1222 1724 eliquld
1242 1647 1319 1708 reule

238 1747 288 1804 sit.
309 1743 437 1804 Erideus
456 1747 534 1803 enlm
556 1750 600 1802 est
620 1759 678 1802 nou
698 1759 784 1819 posse
806 1742 911 1802 rcelem
930 1743 1064 1804 ominem
1088 1744 1218 1804 subiecto
1238 1761 1318 1804 oom-

240 1842 372 1900 mentitio
389 1848 441 1901 eut
457 1842 551 1918 logico
568 1841 735 1917 inhaerere,
755 1841 898 1916 siquidem
913 1839 1056 1917 quidquid
1072 1845 1101 1901 in
1119 1841 1250 1904 subiecto
1267 1843 1320 1902 ell-

238 1953 297 2014 quo
318 1941 411 2014 inest,
434 1940 497 1997 clos
517 1939 715 1998 conditionem
737 1940 878 2014 sequitur.

299 2033 432 2095 Secunde
452 2041 517 2112 est,
537 2042 569 2094 ut
590 2022 829 2110 fundumentum,
852 2033 930 2092 unde
953 2035 1057 2094 reluiio
1076 2039 1221 2112 exsurgit,
1244 2037 1321 2098 reule

239 2135 327 2193 etium
341 2137 391 2194 sit.
407 2133 514 2210 Nequit
526 2136 605 2194 enim
618 2133 769 2210 quidplem
780 2147 899 2194 onumm
912 2133 1062 2212 sumere,
1075 2151 1094 2194 e
1106 2151 1164 2212 que
1176 2136 1317 2212 procedit.

299 2233 414 2308 Tertiu,
434 2239 467 2291 ut
492 2234 654 2308 terminus,
665 2220 760 2308 'quem
782 2233 883 2291 reletio
908 2234 1042 2307 respicit,
1075 2240 1142 2293 ectu
1175 2237 1225 2294 ult.
1245 2234 1320 2295 Cum

240 2332 318 2389 euim
341 2346 449 2389 munus
471 2330 619 2394 medonis
640 2333 670 2391 in
694 2329 751 2389 boo
772 2336 920 2406 ponetur,
947 2335 1062 2389 utrem
1085 2346 1174 2391 unum
1198 2331 1236 2391 nd
1260 2348 1326 2395 rone

242 2427 329 2485 elium
344 2426 467 2503 referet,
483 2444 587 2502 uenrpe
600 2427 764 2487 subiectum
780 2426 816 2485 nd
832 2428 1010 2501 terminum,
1024 2426 1103 2487 bonu
1117 2434 1185 2487 actu
1202 2434 1322 2489 enters

164 2531 168 2538 “
241 2540 358 2585 nccaese
379 2532 444 2600 est,
471 2533 505 2586 ut
530 2526 603 2585 ordo
616 2528 801 2599 interipsum
824 2529 854 2583 et
867 2521 1029 2582 subiectum
1056 2530 1122 2583 ectu
1148 2524 1320 2585 intercedet.

241 2622 324 2695 Quod
345 2622 456 2683 dictum
476 2623 621 2700 intelliges
638 2622 675 2682 de
690 2620 868 2697 respectibus
889 2622 944 2698 ils,
966 2624 1015 2698 qul
1033 2608 1149 2697 proprie
1166 2622 1321 2683 adventitii

242 2725 311 2779 sunt
325 2721 516 2778 et·internem
536 2737 633 2779 rerum
652 2726 788 2779 nutnrsrn
806 2734 865 2778 uon
879 2720 1037 2796 attingunt.
1057 2719 1233 2796 Ncutiquenr
1253 2736 1322 2781 vero

220 2848 224 2855 ·
241 2815 358 2875 extendi
371 2815 458 2875 debet
469 2816 507 2875 ud
520 2832 571 2877 cns
584 2817 754 2893 rcistioms,
777 2832 853 2892 quoe
868 2818 984 2893 proprie
997 2818 1049 2879 tuli
1063 2818 1158 2877 classe
1175 2834 1234 2879 uon
1251 2835 1321 2879 cou-

243 2915 386 2988 tinentnr,
396 2919 559 2989 etqnmm
575 2929 750 2975 munusnon
767 2920 811 2973 est
824 2917 981 2974 terminum
996 2917 1137 2991 respicere
1153 2915 1320 2995 dumtexnt,

243 3009 294 3068 scd
312 3015 460 3084 praeteree
474 3012 537 3086 rei,
554 3012 600 3069 oni
615 3012 731 3088 insunt,
754 3016 889 3071 neturem
904 3012 1115 3088 determinem,
1135 3012 1231 3089 quelle
1246 3020 1323 3075 essct

110 3120 120 3126 ·
242 3121 290 3165 ex.
316 3122 362 3183 gr.
386 3106 459 3166 ordo
480 3123 516 3165 ue
536 3108 639 3166 relutio
661 3107 809 3167 iecultntis
832 3108 984 3170 cniusdam
1005 3108 1043 3169 ed
1059 3124 1145 3169 suurn
1164 3110 1321 3171 obiectum.

244 3204 306 3264 llus
321 3208 399 3263 enim
418 3204 571 3263 relationes
586 3220 637 3263 scu
654 3212 799 3281 respectus
817 3206 880 3265 dari
895 3213 1028 3284 possunt,
1051 3214 1209 3285 numquam
1227 3214 1324 3269 exstet

242 3302 404 3378 terminus;
426 3318 518 3377 eoque
535 3301 663 3378 subiato,
684 3308 755 3362 sunt
777 3303 959 3379 superstites.

302 3399 412 3471 Quurte
426 3398 556 3459 conditio
572 3407 615 3459 est
630 3401 715 3460 reelis
729 3400 879 3461 distinctio
895 3404 969 3461 iuter
986 3370 1208 3465 fundumentum
1224 3410 1253 3463 et
1266 3411 1325 3463 ter-

245 3496 370 3565 minum.
390 3495 559 3557 Subiectum
577 3500 655 3557 enlm
673 3514 731 3560 uon
752 3498 876 3560 relertnr
893 3499 932 3559 ed
948 3501 1125 3575 terminum,
1144 3502 1201 3558 uisi
1222 3506 1325 3575 quete-

229 3608 301 3673 ¹nus
326 3593 517 3661 fundamento
541 3597 691 3657 relationis
715 3596 853 3657 eflicitur.
880 3598 922 3656 lie
945 3605 1067 3674 nutem,
1097 3612 1173 3675 quus
1195 3598 1324 3657 invicem
1444 3676 1445 3679 Ἴ

245 3690 429 3768 reienmm,
449 3693 581 3753 ordinem
599 3700 630 3753 et
647 3697 859 3771 oppositionem
881 3694 990 3754 bebent
1008 3696 1084 3755 inter
1099 3712 1150 3771 se,
1178 3694 1251 3754 ordo
1272 3710 1326 3756 eu·

244 3794 302 3845 tem
317 3796 347 3847 et
364 3792 507 3868 oppositio
527 3794 642 3851 nonnisi
661 3796 739 3852 iuter
757 3809 803 3852 res
820 3794 972 3853 distinctus
992 3797 1071 3853 oernl
1093 3801 1197 3870 potest.
1212 3793 1326 3852 Adver-

245 3884 365 3945 teudum
383 3894 482 3948 temen
498 3897 542 3949 cst
559 3891 762 3950 relationemu
784 3890 994 3967 lundemento,
1010 3892 1088 3951 uude
1109 3892 1249 3965 resultet,
1272 3894 1328 3951 ml·

246 3982 495 4064 nimedlstiugu15
510 3986 560 4047 sed
572 4004 635 4046 esse
658 3986 879 4047 fundumentum
897 3989 990 4065 ipsum
1008 3996 1095 4065 prout
1116 4004 1173 4047 non
1191 3988 1328 4049 obsolute
