2892 4425
240 365 296 416 144
518 328 523 339 ¹
565 365 787 408 uniensstca
807 365 981 409 GBNBBAUS

234 476 393 556 mma,
415 475 717 554 amorium
734 489 809 551 aa
826 471 868 534 a
886 478 1165 552 ammoneo,
1184 493 1308 540 onoc

229 591 302 655 pere
318 577 445 653 operari,
467 577 556 652 atyae
571 575 605 633 in
623 573 790 632 societatem
808 575 975 633 emensam
990 577 1029 649 et,
1051 576 1078 634 si
1098 576 1143 634 ita
1162 573 1243 654 iopai
1253 573 1309 653 sos

235 677 290 749 est,
309 675 343 734 in
361 673 443 751 ipsas
461 671 597 750 opificum
614 667 749 748 officinas
767 671 998 748 nauticorumque
1018 671 1150 750 mapalia
1169 691 1254 735 soom
1267 673 1309 752 es-

226 773 411 850 ficacitatcm
429 786 565 845 eamme,
591 785 715 846 marytre
736 767 898 846 qootttotes
924 766 1104 845 diffindere.
1130 771 1225 849 Atqoe
1252 772 1309 836 hoc

235 869 315 949 qood
331 871 410 932 ratio
426 866 540 943 madet,
560 868 743 944 experientia
765 867 930 944 confirmet.
951 867 1029 927 Nam
1047 873 1214 929 constanter
1234 887 1310 932 corn·

231 972 351 1046 pertam
377 970 423 1028 est
445 968 480 1028 in
504 968 608 1044 yaaoio
635 964 818 1042 reipahttcae
839 969 930 1042 porte
963 967 1144 1042 tarpo‘ficator
1172 970 1309 1030 corstose

235 1070 349 1126 animos
363 1070 419 1127 aot
434 1064 504 1125 heae
521 1069 664 1138 moratos,
683 1067 776 1141 prosa
799 1063 1002 1142 metaphysica
1028 1063 1247 1144 (qaam-hoyo
1269 1067 1310 1128 ah

222 1162 374 1225 -hamonis
398 1162 528 1226 morthas
551 1161 664 1222 indocti
682 1160 807 1241 patant)
829 1177 899 1222 ocra
919 1167 973 1222 aat
994 1160 1081 1239 salsa
1100 1162 1218 1224 decreta
1239 1182 1308 1243 pro-

235 1265 393 1324 nuntiarit.
410 1262 463 1323 Ea
478 1278 536 1339 qao
547 1259 641 1338 piane
656 1259 839 1337 intelliyiinr
853 1267 1030 1338 quantopere
1045 1265 1164 1322 intersit
1180 1262 1309 1340 diiiyen·

237 1365 296 1421 tem
311 1361 381 1422 haic
402 1358 577 1437 disciptinae
594 1375 714 1436 operam
734 1357 815 1434 dare,
839 1361 957 1438 oiasyae
976 1365 1057 1420 recto
1076 1364 1107 1420 et
1123 1360 1220 1420 satida
1232 1359 1308 1438 fan-

234 1459 377 1520 damcnta
392 1461 500 1518 iacere.
524 1457 579 1517 tto
598 1455 746 1518 odiliam
760 1461 958 1536 perniciosam
978 1457 1161 1537 eripierodam
1181 1477 1310 1522 errorem

234 1562 306 1618 ante
322 1557 490 1616 constitutis
499 1598 510 1630 ,
533 1557 616 1631 operi
635 1571 758 1616 monam
779 1554 998 1632 admoneamur.

295 1653 343 1716 Ad
361 1655 527 1732 proesentis
548 1651 724 1730 disciptinae
746 1671 851 1744 nomen
872 1653 951 1734 qaod
972 1657 1098 1729 attinet,
1125 1658 1226 1733 'msam
1254 1655 1309 1717 da·

234 1757 315 1813 ctam
339 1750 458 1812 videtur
476 1768 515 1812 ee
535 1751 646 1812 tituto:
666 1754 734 1826 pore
754 1755 786 1806 rot
807 1753 904 1827 ptem
920 1755 972 1830 qai
997 1751 1147 1814 mamillis
1167 1753 1309 1816 Aristote-

236 1850 273 1910 tis
294 1849 379 1911 tibris
392 1851 548 1928 praestans
567 1852 723 1928 repmtar,
748 1851 810 1908 sive
831 1851 893 1910 eiras
912 1867 1019 1928 opera,
1044 1853 1126 1926 stoc,
1152 1856 1189 1912 ot
1209 1855 1309 1913 critici

233 1947 348 2023 ootsmt,
367 1965 457 2026 opera
474 1947 606 2023 ithamaro,
630 1951 684 2026 yssi
699 1964 748 2008 eos
765 1947 952 2026 diyessermnt
970 1948 1215 2028 ordinarantyae.
1234 1951 1309 2012 com

102 2121 105 2125 ¹
234 2049 313 2107 enim
335 2045 368 2106 hi
387 2050 483 2106 cetero
502 2045 671 2129 Aristotciis
688 2049 816 2124 scnpto,
837 2063 913 2124 qaae
926 2045 1081 2124 peoaiiare
1100 2053 1308 2125 oryomeratam

236 2149 414 2222 noetercii,
437 2146 471 2206 in
489 2161 635 2205 sommam
654 2144 868 2221 contulissent,-
892 2133 968 2223 qoae
988 2143 1212 2225 superfuerant,
1238 2150 1310 2225 poia

233 2263 280 2306 res
298 2248 399 2305 sarias
416 2250 447 2305 ct
464 2243 726 2307 ooiocsaiiorioas
746 2244 914 2307 notionibus
932 2244 1063 2305 imhatas
1079 2246 1262 2324 spectabant,
1275 2250 1311 2309 in

233 2348 361 2423 ysoataor
380 2348 413 2404 et
429 2341 527 2403 mem
551 2342 643 2405 tihros
662 2345 775 2422 partiti
797 2348 886 2419 sant,
912 2360 1001 2421 eoque
1025 2348 1142 2404 nomine
1162 2344 1309 2405 enorme

232 2447 316 2505 nmt.
336 2444 377 2504 Aa
393 2442 541 2522 yaidqaid
559 2442 597 2503 de
615 2446 729 2521 oriyinc
748 2445 800 2519 sit,
820 2446 933 2503 sermm
953 2446 997 2501 est
1018 2440 1239 2520 metaphoricae
1257 2458 1310 2503 no·

131 2559 138 2571 ¹
231 2558 300 2601 moen
321 2539 498 2620 dactptioae
518 2557 609 2618 poan
637 2545 766 2601 tractare
786 2540 835 2615 hic
860 2538 1061 2625 oyyredimar,
1080 2540 1176 2601 oatdr
1200 2556 1311 2601 aooora

232 2639 385 2702 nodatam
401 2645 576 2716 cernatque
592 2638 658 2699 idco
677 2642 742 2699 iore
761 2637 843 2717 apori
863 2642 1008 2717 sapientes
1026 2636 1196 2699 iaoatoissc.
1213 2638 1310 2699 laeto

232 2740 310 2798 caim
328 2740 390 2796 oin
415 2740 495 2797 oocis
519 2736 600 2797 idem
617 2741 722 2812 sonat,
750 2752 786 2796 oo
809 2736 1020 2814 disciplinam,
1048 2752 1125 2814 qaae
1153 2743 1235 2797 mons
1261 2736 1312 2798 oei

232 2838 310 2896 ultra
324 2834 484 2913 physicam
504 2837 564 2910 sit,
591 2834 680 2913 idque
702 2852 743 2895 en
767 2852 821 2910 eo,
853 2834 932 2914 qood
954 2835 1100 2895 obiectom
1123 2837 1185 2894 cios
1208 2838 1242 2895 in
1263 2835 1310 2895 ot·

233 2935 307 2992 tiore
322 2936 354 2992 et
373 2931 518 2993 nohiliare
536 2933 625 2993 sistat
640 2928 750 3011 prada,
771 2948 861 3011 qaam
878 2950 935 3012 qao
954 2932 1068 2995 ohieota
1084 2932 1227 3011 physicae
1243 2950 1310 2993 con·

231 3033 340 3091 stitata
354 3035 436 3091 nmt.
460 3028 614 3091 oosecmm
629 3034 708 3091 enim
725 3030 822 3109 illud,
843 3036 880 3093 nt
893 3046 984 3109 sopra
1000 3030 1084 3107 dmi,
1106 3030 1192 3091 aliod
1206 3048 1310 3092 revera

231 3143 290 3189 non
307 3134 361 3204 est,
381 3131 442 3188 nisi
462 3146 514 3188 eos
535 3134 590 3189 aot
608 3128 649 3190 ah
668 3133 749 3192 omni
770 3133 896 3191 moieno
911 3129 1046 3206 litteram,
1061 3134 1117 3191 aot
1123 3131 1309 3208 praecisione

231 3228 338 3287 mestis
356 3231 445 3287 entra
461 3229 621 3288 materiam
640 3230 817 3305 capitatam

290 3325 343 3387 Em
359 3343 418 3404 qao
434 3325 584 3387 evidenter
601 3330 735 3406 ernoryit,
755 3326 832 3388 hanc
848 3331 1002 3389 scientiam
1020 3328 1150 3387 mammo
1169 3343 1229 3387 esse
1239 3342 1309 3404 pos·

230 3423 359 3485 sihitcm.
379 3424 429 3484 Ea
448 3427 526 3485 enim
546 3424 661 3487 ohiecta
678 3424 855 3501 considerat,
873 3425 914 3485 ad
932 3442 1009 3502 mooe
1027 3424 1147 3484 ammodo
1166 3424 1310 3484 irretracta-

232 3522 288 3585 hiti
304 3526 336 3583 oi
355 3528 482 3584 natorae
501 3526 671 3601 incimmar,
693 3529 724 3595 et
744 3540 867 3602 qaorum
887 3529 1033 3583 summota
1052 3525 1170 3598 notitia,
1192 3537 1251 3582 non
1264 3540 1310 3584 so·

233 3620 294 3683 hom
318 3625 431 3681 ceterae
455 3620 631 3701 disciptinae
656 3621 822 3697 oasitiaot,
850 3620 903 3681 sed
928 3626 991 3682 tata
1015 3620 1167 3681 heminam
1191 3622 1255 3681 eita
1280 3624 1311 3681 et

229 3725 362 3801 operatio
379 3725 493 3783 incerta
506 3721 644 3783 redditor
657 3727 687 3782 ei
700 3720 909 3800 fondamentis
924 3720 1079 3782 destituta
1103 3720 1201 3795 (taare
1215 3722 1242 3779 si
1262 3736 1309 3778 ce·

231 3827 313 3882 terae
331 3826 470 3883 constant
488 3825 631 3883 scientiae
638 3864 649 3900 ,
670 3825 699 3883 si
722 3820 882 3883 rationalis
906 3825 1018 3881 namra
1042 3818 1203 3899 qotdyaom
1228 3817 1309 3878 ootct

229 3917 323 3998 (qaod
345 3936 429 3983 nemo
451 3923 514 3981 misi
537 3937 637 3982 ommno
659 3916 873 3999 iryhciahitor);
900 3920 1105 3999 metaphysica
1129 3920 1163 3977 in
1182 3915 1311 3994 possihi·

177 4084 185 4117 a
233 4016 307 4081 tiam
325 4036 446 4082 nomem
462 4018 567 4083 haheri
586 4018 683 4079 dotet.
702 4018 763 4079 Nec
777 4034 845 4080 oero
861 4017 1012 4095 possibilis
1034 4020 1159 4090 motam,
1180 4014 1232 4074 sed
1244 4030 1310 4074 rca-
