2892 4425
430 373 509 419 PARS
531 368 649 418 ΔΜΒΙΔ
670 391 682 405 ·
702 375 920 422 ntonotooit
1153 373 1211 426 249
1296 399 1300 410 ·

134 489 193 542 tun
213 483 344 558 opprime
363 481 555 542 demonstret.
578 483 613 541 io
633 478 723 542 toiem
743 485 822 544 enim
842 485 950 544 desinit
977 487 1212 565 scepticismum,

134 595 226 657 qoem.
240 594 294 638 nec
316 579 431 656 Pyrrbo
450 595 505 639 nec
525 580 632 640 Sextus
652 580 828 656 Empiricos,
851 597 904 640 nec
922 583 997 642 eiius
1010 599 1141 660 ooqucm
1161 599 1214 644 eo·

136 683 183 738 tec
200 679 429 754 excogitaverat.
444 675 512 736 Non
531 677 619 756 modo
632 679 711 736 enim
724 679 861 738 notitiem
875 693 973 738 rernm
988 695 1079 757 supro
1093 695 1213 741 sensum
1264 667 1270 676 ’

134 777 296 851 positorum
312 773 406 832 ‘nobis
426 773 549 849 adimit,
572 781 603 833 et
625 789 644 833 o
668 774 900 850 perceptionibus
928 777 997 851 ipsis
1027 777 1212 838 sensibilibus

135 871 363 932 obiectivitotem
382 875 534 947 removet3
549 870 602 930 sed
622 873 719 946 ipsum
746 871 909 931 subiectum
939 875 1071 948 cogitans
1097 876 1214 934 nonnisi

134 967 356 1044 phoenomenon
375 981 440 1028 esse
458 966 540 1026 dicit.
561 968 659 1040 Quare
674 967 809 1028 muttum
829 971 933 1028 evertit
960 969 1164 1030 certitudinem
1184 977 1215 1032 st

136 1065 290 1123 veritatem
309 1065 487 1140 cognitionis
506 1061 663 1123 bomonse.
680 1063 737 1122 Sed
757 1063 796 1122 od
811 1063 914 1124 Ficbte
933 1067 993 1124 tom
1013 1067 1177 1128 veniemus.

197 1161 254 1220 Hic
272 1162 327 1220 etsi
347 1161 443 1237 norw
460 1159 518 1219 ¹eibi
532 1167 666 1220 constme
680 1160 827 1237 rumor,
842 1167 940 1220 tomen
955 1178 1016 1221 non
1034 1165 1149 1222 minore
1168 1164 1213 1224 oi·

137 1258 230 1318 tendit
245 1257 382 1318 absurdo.
399 1258 546 1333 Principio
559 1260 637 1316 enim
652 1259 681 1309 το·
702 1274 756 1334 epo
766 1273 889 1334 porum,
903 1275 940 1318 ex
956 1262 1040 1318 coins
1055 1261 1168 1320 actione
1181 1261 1214 1320 ii·

136 1356 208 1415 bere
231 1356 330 1414 omnin
349 1357 442 1414 creari
464 1354 578 1414 obiecto
596 1356 842 1432 comminiscitur,
863 1359 1049 1416 menstruoso
1068 1358 1213 1434 quaedum

137 1451 286 1512 cbimeero
304 1457 359 1511 cst.
380 1452 459 1510 Nom
478 1453 505 1510 st
524 1452 586 1511 uiis
604 1451 703 1511 verbis
732 1453 794 1512 cios
820 1453 964 1513 senmntie
991 1453 1160 1531 subiicitur,
1182 1457 1215 1514 in

138 1565 171 1608 re
194 1549 252 1608 oiio
276 1550 376 1624 reponi
399 1563 460 1608 nco
486 1548 619 1624 videtur,
641 1548 699 1606 nisi
723 1551 754 1606 in
782 1548 980 1609 obstructione
1000 1553 1107 1610 meotis
1132 1553 1164 1611 in
1184 1567 1216 1612 se

137 1648 233 1722 ipssm
252 1646 433 1705 resmteotis.
454 1645 496 1704 At
514 1644 675 1705 obsum
694 1661 732 1704 ne
750 1647 876 1723 inteiiigi
897 1647 1015 1723 quidem
1036 1653 1142 1725 potest,
1158 1650 1228 1711 oisi-

139 1742 301 1803 subiectum
322 1742 457 1819 obponi,
477 1743 557 1819 qood
583 1757 649 1802 eom
672 1749 823 1818 exercent,
846 1750 935 1819 otqoe
954 1743 1117 1821 obiectum,
1139 1747 1217 1807 circo

138 1841 219 1919 qood
238 1846 423 1916 contemtor,
446 1839 670 1900 sobeodtontnr.
692 1839 770 1916 Ergo
793 1841 818 1898 si
843 1839 932 1916 boec,
953 1848 986 1901 nt
1002 1843 1066 1902 vuit
1091 1839 1216 1920 Ficbtc,

139 1939 318 1999 summoveri
338 1937 456 2014 debent,
478 1943 581 2013 otpme
598 1951 677 2013 qnec
694 1935 734 1996 cd
748 1937 957 2012 experientiam
979 1941 1123 2012 pertinent
1136 1945 1166 1998 et
1179 1938 1218 1999 ob

139 2038 254 2096 mne
265 2037 357 2096 libem
371 2039 420 2090 τοῦ
430 2052 485 2113 epo
497 2037 571 2112 pori
589 2033 715 2093 creoode
729 2039 811 2108 sont,
825 2035 942 2090 nonnisi
958 2032 1068 2109 oiiqnid
1081 2034 1217 2095 fictitium

2 2199 7 2204 .
48 2204 55 2220 ,
139 2135 295 2211 qmtstne
309 2131 749 2211 concepmnm·pngnecogitori
762 2131 874 2205 nequit,
890 2137 1036 2204 superstes
1051 2131 1115 2189 erit.
1129 2131 1216 2190 Proe-

139 2239 220 2293 teree
245 2238 329 2293 octos
350 2232 466 2292 vcicndi
485 2233 556 2291 eriri
581 2230 682 2305 neqoit
706 2230 771 2286 sine
798 2227 897 2303 utiquo
922 2230 1040 2302 proesio
1058 2227 1171 2287 obiecto
1185 2230 1217 2288 in

140 2331 221 2406 quod
242 2330 379 2389 scientos
405 2330 527 2389 foster.
555 2329 613 2402 Qui
636 2328 717 2386 enim
747 2314 830 2400 snit',
852 2324 963 2400 eiiqotd
984 2323 1113 2400 proiecto
1139 2326 1214 2385 vuit.

140 2426 220 2503 Ergo
240 2432 354 2488 tuntum
372 2426 454 2486 abest
474 2433 508 2486 ot
525 2432 609 2485 actos
628 2424 789 2483 sciuntetis
811 2436 901 2481 ccoss
919 2424 960 2481 sit
981 2424 1218 2497 repraesentatio·

141 2538 213 2582 nom
234 2526 380 2601 omnium,
402 2532 436 2583 ot
454 2530 537 2583 octos
557 2522 607 2582 iiie
625 2524 690 2583 sine
711 2522 829 2595 praevie
853 2521 1114 2596 repraesentatione
1133 2520 1218 2577 intei-

142 2621 195 2697 iigi
215 2628 350 2697 nequeat.
369 2621 455 2681 Novo
474 2623 564 2698 igitur
582 2636 620 2678 ex
641 2618 713 2677 boec
733 2624 816 2692 perte
836 2618 959 2676 recurrit
979 2614 1179 2675 contradictio.

203 2719 266 2777 iioc
278 2725 396 2794 sumpto
409 2718 530 2777 exordio
541 2718 613 2794 quid
629 2717 667 2776 de
680 2714 860 2775 obsurditete
874 2724 1045 2790 progressus
1062 2712 1218 2772 disemum

142 2818 182 2875 sit
194 2830 246 2890 per
259 2831 291 2875 se
303 2818 468 2875 coniicitur.
491 2816 526 2873 ln
545 2830 605 2891 quc
617 2815 678 2873 doe
691 2814 876 2889 potissimum
893 2814 999 2870 raboni
1012 2812 1131 2871 dissone
1151 2812 1220 2869 emi-

142 2917 231 2971 nent:
253 2912 455 2988 pcntheismus
476 2912 666 2988 subiectivns,
693 2918 724 2970 ct
744 2926 834 2986 purus
855 2909 1034 2985 ideeiismos‚
1060 2925 1147 2986 qoem
1168 2908 1219 2968 od·

141 3010 242 3068 struit.
275 3008 352 3067 Nom
376 3008 540 3069 subiectum
563 3011 695 3085 ccgttsns
721 3022 775 3067 seo
803 3008 997 3066 conscientiae
1028 3005 1219 3065 individuoiis

142 3107 280 3167 sctivttos
298 3108 490 3167 constituitur
508 3114 659 3182 tamquam
678 3108 766 3166 onice
781 3120 827 3165 res
843 3120 918 3181 queo
939 3120 1006 3164 uere
1019 3104 1178 3179 subsistet,
1192 3109 1222 3161 et

142 3216 219 3279 poce
237 3206 341 3264 ceteris
361 3204 499 3263 omnibns
518 3204 638 3263 obiectis
655 3210 807 3279 tamquam
829 3204 954 3279 propriis
978 3201 1154 3277 quibusdem
1176 3198 1222 3259 oi·

141 3300 318 3361 renuentem
326 3308 357 3360 et
366 3301 656 3363 determinationibus
667 3300 829 3361 subiacent.
841 3298 972 3358 Mundus
984 3304 1081 3357 notem
1092 3304 1122 3356 et
1133 3298 1220 3373 Dens,

140 3398 235 3457 immo
246 3383 345 3474 ipsum
360 3398 523 3458 subtectum
543 3401 674 3475 cogitem
687 3397 928 3473 experimentato,
944 3396 1087 3455 inlusum
1107 3402 1136 3454 ct
1156 3410 1220 3471 spe-

141 3495 292 3571 etocuium
304 3497 453 3573 quoddam
468 3497 561 3556 ideoic
575 3498 765 3555 convertitur.
783 3497 864 3568 Quae
881 3496 998 3553 insonte
1012 3488 1103 3570 ipsam
1121 3508 1220 3552 emen-

140 3594 218 3651 tinm
238 3594 440 3667 pcnnrbamm
460 3596 698 3671 imaginationem
720 3599 848 3668 superet.
878 3606 883 3615 ·

203 3688 260 3748 Sed
280 3676 413 3751 omnium
427 3692 622 3768 tepidissimos
635 3697 680 3749 est
692 3692 800 3766 esitus,
815 3690 866 3765 qui
881 3688 1063 3766 pestilentem
1075 3678 1154 3748 'hanc
1169 3688 1222 3748 do·

141 3788 269 3847 monem
288 3789 423 3865 compiet.
444 3788 520 3849 Nem
542 3768 659 3849 totidem
678 3786 835 3862 oiiqoondo
856 3790 887 3847 in
909 3804 1014 3864 purum
1036 3786 1222 3847 nibilismom

142 3882 262 3943 desinit.
285 3886 329 3945 iin
349 3872 496 3963 quomodo
512 3885 699 3963 ipseFicbte
727 3901 758 3944 se
783 3889 922 3962 exprimit
942 3889 973 3945 in
992 3886 1114 3959 Dioiogo
1134 3900 1222 3959 quem

142 3996 177 4041 se
197 3981 334 4043 babuisse
347 3981 433 4061 dogit
451 4000 518 4044 cum
532 3983 655 4061 Spiritu:
676 4008 689 4034 ι
706 3982 785 4043 Nthl
800 3990 861 4061 est3
878 4000 932 4063 ego
952 3986 1014 4059 ipse
1035 3997 1092 4043 non
1115 3996 1219 4042 sum...
