2892 4425
440 388 517 430 PARS
538 387 656 431 tutent
677 402 689 413 ·
714 386 929 431 esicuotoolr
1165 379 1215 429 171

142 497 303 574 eluunodi,
317 499 342 555 si
363 497 530 573 eliguntur,
544 512 579 555 er
596 496 689 555 libera
703 496 854 557 voluntate
871 495 1017 572 eliguntur
1038 501 1161 571 oportet.
1185 496 1223 555 Et
1319 483 1325 493 ’

104 662 110 669 ,
145 613 234 672 sane,
255 611 322 655 cum
345 595 481 654 uoluntas
507 596 629 654 rationis
651 594 772 653 ductum
794 599 951 668 sequatnr3
974 596 1003 651 in
1026 592 1140 653 oblecta
1160 609 1220 673 non

145 696 231 754 aliter
250 693 320 753 ferri
340 698 454 767 potest,
475 694 533 750 nlsl
556 699 645 767 prout
666 692 724 767 lpel
745 707 763 750 a
784 692 897 749 ratione
920 696 1132 765 proponuntur.
1153 683 1226 749 lum*

145 810 216 854 uero
239 794 315 851 ratio
340 795 375 849 ut
397 790 564 849 felicitatem
589 796 741 864 tamquam
766 789 912 847 obtectum
938 791 1059 847 omnino
1084 794 1221 863 appeten·

146 892 234 967 dum,
255 892 300 948 eie
316 894 413 948 cetera
431 887 524 963 bona,
547 887 615 946 inde
636 903 695 946 non
714 902 789 945 nera
808 888 989 963 necessario,
1008 891 1158 961 tamqnam
1177 890 1222 945 lu·

135 972 314 1047 'differentia
334 991 550 1062 repraesentat,
568 1002 620 1045 eeu
641 984 697 1044 aab
716 985 771 1043 tall
791 982 878 1044 offert
899 988 1090 1059 aspectu,·ut
1109 986 1223 1057 possint
1276 972 1280 980 ’

120 1088 243 1163 ·appeti
262 1083 310 1144 rel
330 1086 445 1159 omitti,
467 1084 538 1158 quin
559 1082 649 1140 homo
669 1080 846 1157 perfectione
870 1096 923 1140 saa
947 1097 981 1139 uc
1002 1080 1139 1139 beatitate
1161 1084 1221 1156 prl-

147 1190 243 1245 vetnr.
269 1162 347 1259 Ergo
369 1181 407 1241 ad
431 1196 467 1239 ea
490 1178 652 1256 appetenda
676 1178 757 1255 quod
778 1180 921 1254 pertinet,
943 1178 1079 1237 voluntas
1104 1178 1221 1238 indiffe-

147 1298 215 1341 rene
234 1283 354 1339 omnino
373 1284 474 1338 manet
493 1284 523 1337 et
543 1276 653 1352 libera3
675 1293 711 1337 ac
732 1276 853 1351 proinde
873 1278 899 1334 sl
921 1274 958 1335 ad
978 1275 1029 1333 illa
1051 1273 1162 1351 fertur,
1184 1292 1221 1335 ex

146 1382 264 1455 propria
283 1378 524 1437 determinatione
545 1375 648 1435 fertur.
670 1374 767 1451 Atque
793 1374 848 1433 hoc
873 1373 943 1433 dum
968 1372 1129 1433 libertatem
1150 1390 1221 1433 con·

145 1477 264 1553 firmat,
289 1475 419 1535 redicem
441 1478 505 1534 elna
528 1477 558 1532 in
581 1476 693 1533 ratione
716 1474 802 1531 sitam
824 1488 886 1530 esse
909 1471 1056 1546 declarat,
1081 1472 1221 1529 nlmlrum
1301 1524 1312 1537 ,

146 1577 177 1634 in
204 1574 255 1633 illa
278 1572 477 1633 indifferentia
502 1588 563 1632 uon
589 1570 751 1631 subiectiora
778 1570 829 1628 sed
855 1569 1000 1629 obiective
1020 1568 1142 1644 ludlcll,
1163 1584 1222 1644 quo

145 1686 231 1729 mens
250 1671 396 1731 obtectum
416 1686 476 1731 non
499 1686 562 1729 esee
585 1670 781 1745 neceesarium
804 1666 842 1727 ad
865 1666 1012 1727 beatitatis
1037 1666 1222 1742 adeptionem

122 1771 296 1844 perspicit.

206 1864 339 1941 Denique
352 1880 390 1924 ne
404 1867 519 1940 longior
537 1868 609 1941 sim,
626 1868 734 1924 ueritas
756 1864 826 1923 haee
842 1880 877 1923 ex
892 1864 1050 1923 universali
1071 1879 1157 1923 seusu
1172 1879 1221 1923 ua·

145 1968 231 2021 turae
256 1961 362 2037 oppido
385 1962 586 2021 confirmator.
608 1962 755 2034 Quorsum
782 1964 858 2020 enim
885 1961 961 2036 leges
984 1961 1022 2020 ad
1047 1961 1178 2019 homines
1204 1976 1221 2019 a

145 2061 227 2117 uitiis
240 2058 426 2118 deterrendos
440 2057 591 2133 feruntur,
603 2059 745 2118 honestas
759 2060 888 2117 actiones
903 2059 1150 2130 remuneratione,
1163 2064 1222 2115 tur·

145 2173 198 2234 pes
219 2172 314 2234 poena
336 2155 442 2232 dignas
466 2158 688 2231 existimamus,
711 2155 857 2216 sceleratis
881 2153 1048 2211 horninibus
1070 2167 1220 2210 succense·

145 2269 231 2330 mue3
252 2255 360 2331 probos
379 2255 583 2330 dilaudamue3
606 2257 709 2314 amicis
730 2254 871 2312 salutaria
891 2251 1012 2311 consilia
1032 2251 1220 2326 praebemns;

146 2355 235 2412 iussis
249 2359 301 2412 ant
314 2352 567 2412 cohortationibus
581 2368 650 2428 erga
664 2352 738 2412 alios
751 2350 882 2410 udmari
903 2348 983 2408 Haec
996 2364 1070 2424 qnae
1085 2350 1221 2408 universo

128 2450 301 2508 ‚hominum
323 2453 421 2526 generi
442 2453 611 2510 communia
630 2458 716 2524 sunt,
731 2452 803 2508 setis
816 2465 961 2524 superque
981 2447 1138 2508 ostendunt
1157 2463 1220 2505 om-

145 2544 234 2604 nibus
254 2546 314 2606 alte
332 2546 459 2608 deliram
484 2563 547 2608 esse
567 2550 759 2608 aenmntiam:
783 2549 912 2606 actiones
937 2546 1082 2604 humanas
1103 2559 1161 2602 non
1184 2559 1221 2604 ax

146 2644 327 2704 ineluctabili
353 2649 544 2723 necessitate,
564 2646 615 2706 sed
634 2663 671 2706 ex
696 2645 881 2723 singulorum
908 2643 1028 2703 arbitrio
1050 2657 1084 2700 eu
1105 2642 1222 2716 propria

145 2742 389 2802 determinatione
408 2743 574 2818 procedere.

499 2945 656 3004 Solvuntur
674 2942 873 3017 difficultates.
995 3007 997 3010 ,

207 3145 258 3196 al.
280 3135 375 3196 Obllc.
392 3137 417 3196 Ι.
440 3136 531 3214 Bnyle
544 3144 749 3213 argumentum
766 3140 958 3198 auertissimo
972 3138 1165 3198 conscientlue
1183 3143 1221 3195 te·
1271 3161 1273 3166 ·

146 3237 285 3295 stimonio
306 3237 508 3312 depromptam
523 3238 566 3294 slc
580 3235 730 3294 infirmare
750 3243 888 3294 conatur:
912 3233 992 3294 Idem
1014 3250 1117 3293 sensus
1138 3233 1223 3293 liber·

145 3336 216 3392 tatis
231 3335 261 3390 ln
282 3333 366 3391 nobis
387 3341 533 3407 maneret,
548 3335 737 3392 etiamsinon
758 3331 916 3408 superabili
929 3334 1101 3392 necessitate
1119 3333 1156 3392 ad
1172 3348 1223 3392 vo-
1318 3309 1336 3390 ⁰.

67 3449 74 3460 ’
145 3431 265 3489 lendum
291 3430 520 3504 adduceremur,
541 3433 730 3505 actionesque
755 3445 856 3488 omues
883 3445 900 3486 a
925 3431 1068 3504 principio
1093 3429 1221 3504 quodam

146 3533 268 3586 externo
281 3527 461 3586 luderentur.
477 3528 553 3587 Nam
567 3531 655 3588 etiam
669 3535 741 3586 tnnc
756 3543 808 3586 uos
819 3537 885 3586 ¹esse
901 3528 952 3602 qul
966 3527 1116 3602 uolumus,
1133 3527 1222 3586 aetio·

145 3640 257 3700 nesqne
270 3627 336 3685 illus
351 3627 526 3685 intrinsecus
539 3643 593 3685 nos
609 3626 726 3686 allicere
744 3627 951 3700 experiremur.
974 3623 1051 3700 Ergo
1072 3627 1222 3684 couscien-

145 3724 188 3780 tia
213 3725 357 3782 eiusmodi
378 3740 437 3783 uon
458 3731 503 3784 eat
524 3724 646 3783 idoneas
668 3723 812 3782 libeitatis
836 3723 928 3782 testis.
951 3721 989 3781 Et
1008 3738 1078 3780 sane
1102 3725 1126 3780 st
1150 3723 1223 3797 lapis

146 3834 193 3878 ex.
212 3836 258 3895 gr.
274 3821 344 3880 dum
358 3822 495 3881 deorsum
513 3823 624 3898 tendit,
639 3823 684 3882 uel
701 3838 771 3882 acus
787 3823 967 3898 magnetica,
983 3821 1053 3881 dum
1071 3820 1108 3880 ad
1122 3819 1222 3895 polum

147 3921 257 3992 vergit,
272 3921 449 3995 cogitatione
462 3927 491 3979 et
506 3923 685 3979 conscientia
699 3920 860 3995 frueretur,
876 3935 966 3995 aeque
980 3935 1014 3978 ac
1028 3934 1081 3978 nos
1095 3933 1128 3976 se
1142 3915 1221 3974 llllua

145 4011 396 4076 determinationis
416 4035 479 4077 esse
498 4020 673 4094 principium
693 4020 907 4077 existimarent.
