2892 4425
417 378 495 424 PARS
517 376 634 423 ALTERA
655 393 668 408 ·
689 378 907 424 retenomntt
1141 375 1198 426 275

121 507 212 554 mnne
230 487 363 550 ebeointe
388 487 537 564 imendo
555 487 692 547 devenire
713 495 819 564 potent.
840 488 884 548 Do
913 491 1015 566 primis
1038 490 1201 554 clarissimo

121 596 178 666 αἱ,
193 588 300 648 nedum
314 585 439 663 odibat,
457 585 510 646 ned
520 588 678 645 noeeeeitae
700 587 896 646 revelationIs.
914 587 946 648 Si
960 590 1038 648 enim
1057 589 1125 649 iiiae
1138 593 1199 650 vim

90 709 98 722 ‘
121 689 244 750 rationis
260 678 412 762 superant,
426 699 463 744 ex
476 699 512 742 eo
524 683 655 758 proiecto
666 685 737 743 eriri
747 674 811 743 'non
827 691 962 761 possunt.
981 685 1038 745 Sed
1053 702 1106 763 pro
1119 687 1200 765 aitte·

122 789 179 846 etei
197 801 256 844 non
278 781 412 843 absolute
431 783 645 858 neooeurinm,
666 787 744 841 eerte
764 781 821 841 init
840 785 1144 845 convenientissimam
1167 793 1201 847 ot

122 885 225 944 divino
244 881 423 941 revelatione
441 886 680 955 proponerentur.
702 879 779 940 Nam
800 883 829 939 in
852 881 908 941 hoo
928 880 1030 940 ordine
1049 898 1109 942 non
1129 901 1200 960 puu-

122 979 332 1041 eternitates
351 979 549 1053 eontinentur,
575 993 594 1051 a
619 977 727 1054 quibua
751 981 880 1056 regimen
901 981 979 1040 vitae
999 983 1117 1041 moralia
1137 1000 1200 1042 ma·

123 1081 204 1139 xime
222 1075 344 1154 pendet,
365 1081 512 1136 ettamen
533 1074 724 1135 diiiieiiiimee
745 1084 815 1137 eunt
834 1080 990 1154 vestigato.
1013 1077 1097 1138 Unde
1116 1082 1201 1142 motti

123 1192 225 1238 eamro
244 1177 367 1256 seientia
385 1181 520 1234 carerent
538 1180 655 1250 propter
674 1174 912 1250 impedimentum
935 1179 997 1236 eive
1016 1179 1100 1252 parvi
1120 1179 1201 1256 inge-

124 1277 189 1354 nii,
216 1276 279 1334 aire
298 1272 451 1333 veoordiae
471 1272 648 1348 uoinntnite,
674 1274 737 1332 sive
756 1277 980 1349 occupationum
1000 1281 1198 1337 externarum.

123 1375 220 1436 Immo
240 1373 285 1432 iiii
301 1374 361 1448 ipat
376 1373 428 1447 qui
441 1370 481 1432 od
493 1385 559 1430 eum
578 1372 787 1448 pertingerent,
811 1377 940 1448 tempore
952 1371 1117 1449 indigerent
1137 1373 1201 1432 dtu·

124 1479 213 1531 turno
234 1477 351 1546 propter
367 1468 497 1528 etodium
513 1474 544 1529 et
564 1473 689 1531 eetaoem
707 1470 899 1545 epeeuiationi
920 1475 1133 1546 opportunam
1149 1487 1202 1530 nee

125 1571 234 1630 erroris
251 1570 411 1627 mixturam
432 1565 561 1642 undique
581 1568 719 1642 vitarent,
741 1574 858 1658 propter
877 1571 1009 1627 nativam
1027 1570 1132 1627 mentis
1153 1569 1201 1627 do-

126 1667 269 1727 biiitntem
282 1672 313 1726 et
327 1664 568 1741 phantasmatum
592 1665 788 1740 deceptiones.
814 1667 999 1742 Quapropter
1026 1669 1091 1726 iure
1120 1669 1203 1726 meri·

127 1772 217 1841 toque
236 1762 385 1824 ooneindit
397 1761 430 1822 S.
445 1762 575 1822 Thomna
593 1766 700 1853 rationi
724 1773 951 1825 consentaneum
967 1771 996 1825 et
1014 1766 1202 1826 utilissimum

127 1862 223 1924 iniere
234 1868 269 1922 nt
287 1861 431 1922 duemodi
446 1864 585 1921 veritates
598 1863 812 1938 supernaturali
831 1867 919 1922 etiam
936 1865 1126 1940 inspiratione
1147 1879 1205 1923 ere
1236 1922 1242 1931 ,

127 1960 240 2021 dandae
267 1958 436 2020 homiuibus
455 1958 650 2019 traderentur.
672 1957 841 2020 salubriter
862 1977 932 2037 erpo
948 1960 1053 2022 divino
1071 1960 1229 2038 providit·

129 2056 295 2119 Clementia
308 2061 344 2117 ot
356 2074 394 2116 eo
406 2059 499 2118 etium
511 2072 588 2134 quoe
601 2059 680 2117 rotie
693 2059 875 2133 inondpore
883 2061 994 2134 posset,
1004 2056 1067 2135 fide
1082 2057 1206 2118 tenendo

124 2158 321 2234 praeriperet,
344 2159 380 2215 ut
398 2157 568 2216 abromum
588 2153 627 2214 do
637 2151 733 2231 sacili
752 2158 870 2233 potsunt
889 2153 1015 2217 otono.
1026 2155 1204 2233 copoiiioota

124 2256 286 2332 purtidpee
298 2268 360 2314 aare
371 2258 403 2313 et
415 2240 525 2332 obrque
544 2251 734 2315 dubitatione
749 2256 781 2313 et
796 2270 894 2314 errore
920 2258 943 2313 ¹.

530 2449 715 2511 nuncnune
735 2450 802 2511 vti.

442 2652 490 2712 De
511 2667 585 2712 oere
604 2650 744 2713 idearum
766 2654 893 2731 oriyim.

194 2850 263 2908 iii).
286 2842 327 2905 Ut
346 2842 513 2905 abstruenm
532 2842 611 2903 hene
629 2846 829 2921 quaeettonem
853 2860 889 2904 ea
908 2844 1052 2904 solutione
1075 2846 1208 2903 termine·

132 2958 210 3020 mna,
224 2958 301 3020 quoe
319 2941 405 3003 nobie
420 2945 498 3002 inter
517 2948 646 3003 neaerae
658 2942 783 3019 probatu
803 2942 976 3021 dignissima
997 2943 1122 3021 videtur,
1137 2942 1209 3003 haee
1254 2959 1257 2965 ¹

131 3034 217 3116 quaet
236 3042 374 3101 iemmntu
393 3040 578 3101 obseruanda
597 3044 821 3116 praemittimus.

192 3140 219 3196 1.
240 3138 486 3215 Distinguendum
507 3144 553 3199 est
568 3140 646 3197 inter
664 3142 824 3215 potentium
838 3155 917 3199 mere
936 3141 1082 3216 passivum
1096 3144 1126 3198 et
1139 3138 1210 3197 aeti·

134 3250 311 3309 uem,qnae
330 3237 420 3296 mem
439 3236 566 3297 fernim
580 3239 761 3297 nominetur.
777 3236 834 3296 lita
847 3237 942 3297 solam
955 3240 1145 3313 capacitatem
1166 3251 1210 3295 ra·
1243 3312 1247 3319 Ι

133 3330 261 3408 oipiendi
279 3331 402 3411 aliquid,
424 3341 458 3395 ut
478 3350 608 3395 marmor
622 3341 755 3411 respectu
776 3332 910 3412 statuae;
928 3335 999 3394 haee
1013 3338 1074 3393 vim
1094 3332 1212 3393 exhibet

135 3429 315 3491 effectricem
324 3432 367 3489 ret
381 3432 516 3511 alienius,
526 3441 614 3511 etque
624 3432 691 3493 ideo
703 3430 863 3493 inflexione
872 3434 962 3493 insite
972 3438 1001 3491 et
1009 3433 1093 3509 quani
1104 3438 1211 3492 eonotn

132 3526 234 3605 otton
252 3528 382 3587 naturali
401 3528 509 3595 onitu
525 3532 663 3592 exerendi
683 3534 813 3593 notiones
833 3530 889 3591 eibi
908 3536 1112 3609 congruendi
1134 3532 1211 3607 igniis

195 3726 206 3769 t
223 3720 324 3768 contro
341 3719 435 3769 &nter
450 3716 494 3769 tib.
510 3727 531 3782 t,
542 3734 567 3770 o.
577 3724 601 3771 i.
617 3722 671 3773 tine
680 3734 754 3785 nuper
769 3720 914 3783 argumento
931 3718 1016 3770 ooaier
1029 3718 1156 3781 articulos,
1168 3718 1213 3780 qut

134 3798 296 3849 inveniuntur
314 3797 340 3848 in
359 3800 502 3850 coemere
517 3800 665 3864 coruom,
685 3800 796 3851 seconde
811 3800 887 3863 serie,
904 3799 955 3851 voi.
970 3802 1005 3851 vt
1015 3799 1108 3860 eivii;
1121 3796 1213 3861 quihus

133 3880 173 3930 eei
188 3879 288 3930 titniue:
307 3877 388 3930 Delio
405 3880 516 3941 Perolo,
538 3881 633 3933 ottttat
650 3881 724 3932 delio
738 3880 849 3941 Porolo,
867 3878 1011 3944 influente
1026 3878 1212 3939 deliinaeono·

133 3961 222 4010 merto
240 3959 313 4011 netto
329 3958 503 4023 avolotruenio
520 3960 565 4012 dei
577 3964 708 4026 pensiero.
726 3960 834 4012 coueoie
847 3960 921 4011 etiem
936 3970 1020 4012 recena
1040 3970 1101 4021 opus
1114 3960 1141 4007 P.
1153 3956 1214 4007 caa-

131 4032 193 4089 'ma
207 4041 265 4092 seo.
278 4042 349 4091 toea:
368 4043 408 4092 De
422 4038 451 4092 lo
466 4041 563 4094 eutem
584 4042 618 4094 de
636 4041 665 4093 to
679 4040 774 4106 perede
792 4040 927 4094 bertuino.
