2892 4425
249 373 306 424 226
575 379 793 424 ueuurnrsrcu
815 379 991 422 aennensis

247 491 338 549 licum
356 491 455 549 omniu
477 489 582 564 fecere,
599 492 633 548 nt
650 493 763 547 oeoeree
782 503 887 546 censue
905 485 942 546 eb
962 487 1109 562 operando
1131 503 1251 564 prorsus
1271 507 1320 549 re·

248 596 329 664 cent,
348 588 424 646 iaise
442 592 487 646 est
512 587 687 663 propositio,
709 601 803 662 neque
826 601 954 670 unquam
981 583 1175 644 demonstrari
1200 589 1316 661 poterit.

248 684 298 746 Sin
319 692 415 744 nutem
429 685 472 744 ita
483 683 562 744 Dens
578 686 678 742 omnia
689 682 784 742 iecere
796 683 928 758 dicatur,
943 689 976 742 ut
989 697 1076 741 ceusu
1096 685 1134 742 sit
1150 699 1206 742 nou
1221 685 1321 756 unice,

243 785 300 859 ‚sed
321 786 431 860 prime3
455 799 525 842 vera
544 781 661 859 queem
685 784 741 841 erit
766 781 943 856 affirmatio,
969 781 1019 839 sed
1043 789 1146 841 contra
1170 799 1224 840 nos
1246 782 1320 842 nihii

248 885 371 941 evincet.
396 881 471 940 Nam
492 879 530 938 ed
553 881 694 938 rationem
718 895 824 938 causae
850 881 960 954 primae
986 895 1043 937 non
1067 883 1191 954 pertinet
1215 897 1321 942 causas

249 980 389 1039 sectandas
414 978 578 1053 excindere,
600 993 701 1036 verum
727 967 768 1036 ite
789 977 952 1051 admittere,
976 984 1009 1036 ut
1029 977 1084 1036 bae
1105 995 1142 1036 ex
1162 980 1224 1053 ipsa
1252 995 1322 1054 pen·

249 1080 347 1153 deant,
359 1093 451 1154 eaque
460 1082 650 1135 concurrente
662 1081 828 1152 operentur,
839 1061 902 1151 ipse
915 1082 1011 1134 netem
1027 1089 1045 1134 a
1057 1077 1170 1134 nemine
1184 1075 1319 1150 pendeat.

307 1176 433 1235 Instebis
453 1178 575 1234 iterum:
592 1173 687 1233 Ceusa
698 1176 794 1250 prime
813 1176 927 1250 integre
940 1179 983 1232 eet
1001 1178 1031 1232 et
1049 1173 1223 1250 adaequata.
1239 1175 1323 1248 Quee

251 1283 347 1334 eutem
367 1280 413 1332 est
433 1272 593 1348 eiusmodi,
617 1273 794 1331 consortium
827 1277 986 1331 nemorum
1007 1271 1146 1331 excludit.

310 1373 398 1447 itesp.
425 1371 504 1430 ber.
526 1370 635 1430 Maior.
655 1371 750 1429 cause
777 1372 871 1445 prime
894 1373 1008 1446 integre
1037 1377 1133 1430 estet
1162 1369 1325 1447 &amunte

252 1474 282 1530 in
298 1486 351 1530 sue
361 1468 480 1542 ordine,
501 1483 605 1541 cooc.,·
622 1469 654 1526 in
672 1470 752 1526 omni
776 1467 893 1543 ordine,
914 1485 998 1545 nepo.
1023 1466 1135 1528 Pariter
1153 1467 1232 1528 Diri.
1248 1471 1322 1528 mire.

250 1567 345 1626 Cuneo
365 1567 479 1641 integre
491 1573 521 1623 et
535 1565 696 1642 edeeqma
720 1563 852 1625 excindit
870 1568 1047 1625 consortium
1068 1572 1230 1625 ceterarum
1254 1583 1321 1626 eeu·

251 1680 349 1723 sarum
371 1662 498 1722 eiusdem
525 1662 653 1740 ordinis,
677 1679 782 1736 eone-3
805 1663 940 1738 eiterius,
961 1679 1045 1741 nepo.
1073 1663 1116 1722 Eo
1141 1664 1221 1740 quod
1247 1663 1324 1724 Deus

209 1758 215 1768 '
251 1769 297 1822 est
315 1777 404 1829 cause
426 1761 587 1838 adaequata
610 1763 640 1819 in
666 1761 768 1822 ordine
793 1763 879 1840 primi
907 1764 1035 1840 egentis,
1064 1761 1178 1822 admitti
1204 1765 1326 1822 omnino

252 1863 353 1938 nequit
371 1860 450 1920 atiud
465 1877 554 1938 agene
573 1861 652 1936 qnod
672 1863 766 1919 instar
780 1862 893 1936 primae
913 1876 1017 1920 ceusee
1040 1876 1099 1920 une
1118 1861 1204 1919 simui
1226 1877 1326 1936 opere·

252 1969 310 2021 tnr.
327 1960 367 2020 At
387 1975 447 2018 non
467 1959 535 2018 inde
551 1963 739 2036 consequitur
758 1960 890 2020 exclusio
911 1975 1066 2020 causarum
1086 1959 1235 2018 inferioris
1248 1959 1327 2018 ordi·

253 2061 314 2134 nis,
338 2073 412 2134 qaue
434 2065 524 2134 egent
549 2063 583 2117 ut
604 2058 749 2117 secundae
781 2073 832 2133 per
856 2060 992 2120 virtutem
1017 2063 1165 2134 aoeeptern
1189 2072 1207 2116 e
1232 2060 1327 2132 pnme

252 2171 341 2217 musa
358 2172 395 2216 ex
414 2156 535 2233 ipsaque
553 2159 585 2215 in
600 2155 746 2233 operando
767 2155 950 2232 pendentem.

312 2253 439 2314 lustebie
455 2255 571 2315 denno:
591 2258 749 2315 sitantum
769 2255 845 2315 Deus
865 2262 982 2333 egeret,
1000 2256 1078 2315 idern
1097 2262 1263 2333 sequeretur
1283 2256 1327 2316 ei·

253 2356 358 2415 iectus.
385 2354 462 2432 Ergo
481 2357 558 2414 actio
578 2370 684 2415 mosee
706 2355 851 2415 mundae
872 2354 1025 2415 redundat.
1050 2354 1141 2431 Atqui
1165 2354 1237 2414 nibii
1264 2356 1327 2415 iru-

253 2462 314 2516 etra
333 2455 365 2512 in
383 2454 518 2532 operibns
535 2456 675 2530 sapientie
698 2469 762 2514 esse
784 2453 879 2514 debet.
904 2452 979 2531 Ergo
1000 2458 1055 2511 eto.

315 2554 403 2630 Resp.
426 2553 506 2613 ner.
526 2555 658 2630 pomum
679 2551 749 2611 Aur.
773 2552 849 2611 idem
870 2559 1036 2629 sequeretur
1059 2550 1203 2628 eiiectus,
1232 2550 1331 2627 quoad

253 2668 362 2711 meram
377 2654 418 2710 rei
432 2650 639 2728 substantiam,
655 2654 807 2725 bomon&
821 2650 917 2726 quoad
932 2648 1154 2725 dependentium
1175 2655 1205 2707 et
1226 2647 1327 2724 iinerm

254 2767 339 2828 nepo.
358 2748 433 2809 Tum
456 2764 531 2827 cepo
551 2764 737 2827 consequens.
758 2748 879 2808 Etiamsi
897 2749 926 2806 in
949 2747 1122 2825 hypothesi,
1145 2745 1224 2822 quod
1254 2744 1331 2808 bens

254 2854 368 2907 tautum
389 2846 534 2920 indueret,
553 2847 629 2905 idem
648 2847 770 2906 eiiectus
787 2846 883 2923 quoed
903 2848 949 2905 sui
970 2846 1130 2905 reeiitetem
1147 2851 1328 2922 exsurgeret3

255 2952 352 3021 temen
368 2944 416 3001 bic
429 2959 488 3002 non
501 2944 633 3002 eamdem
653 2944 875 3020 dependentiem
895 2948 925 3003 et
945 2944 1125 3018 relationem,
1140 2958 1229 3018 quem
1252 2960 1330 3003 nunc

255 3041 363 3119 babet,
387 3043 542 3115 retineret,
561 3058 654 3117 neque
668 3042 801 3101 eumdem
820 3040 992 3119 procedendi
1013 3040 1133 3100 modum
1155 3040 1328 3119 ineiuderet,

257 3122 407 3215 nequead
432 3137 564 3197 eumdem
585 3138 673 3198 tinem
696 3146 826 3215 spectare
844 3144 954 3217 posset.
983 3137 1071 3197 Aiiud
1097 3140 1173 3197 enim
1199 3144 1245 3197 est
1264 3156 1330 3216 pro-

257 3238 324 3297 duci
344 3253 362 3296 e
381 3236 443 3297 soio
468 3236 544 3313 Deo;
568 3237 648 3296 eiiud
672 3238 792 3313 produci
821 3238 906 3297 simui
934 3240 1077 3297 ocreatis
1097 3236 1250 3314 egentibus
1277 3238 1333 3297 sub

257 3336 336 3395 iiiios
352 3336 467 3395 intiuxn
485 3337 683 3411 operentibus.
704 3336 768 3395 Hoc
790 3344 886 3396 eutem
911 3335 995 3396 veide
1017 3334 1200 3395 commendet
1217 3338 1333 3411 sepien-

257 3436 329 3491 tiam
350 3432 564 3511 bonitatemque
589 3434 725 3511 artificis,
751 3434 829 3512 quod
850 3450 908 3493 non
933 3433 1019 3493 modo
1036 3435 1099 3509 ipse
1123 3450 1173 3509 per
1192 3448 1224 3493 se
1244 3440 1332 3511 eget,

230 3552 233 3556 ’
257 3531 308 3592 sed
327 3533 415 3592 etiem
433 3536 493 3593 suis
509 3532 663 3593 effectibus
677 3533 781 3611 egendi
804 3536 864 3593 vim
881 3533 1032 3610 largietur.

318 3627 412 3689 0biic.
439 3631 478 3692 Ii.
497 3630 621 3707 Spiritus
640 3630 787 3709 operando
807 3638 836 3691 et
855 3630 998 3689 movendo
1016 3646 1138 3707 corpore
1163 3633 1333 3705 semetipsos

259 3735 480 3805 conservarent,
503 3730 547 3788 vei
568 3729 662 3789 Mum
688 3730 725 3789 ad
743 3732 789 3789 sni
808 3731 1058 3789 conservationem
1084 3735 1229 3807 cogerent.
1255 3727 1333 3787 Nem

257 3827 413 3887 existerent
424 3830 455 3886 in
477 3828 600 3887 diversis
620 3829 709 3904 iocis3
735 3829 808 3889 haec
830 3835 927 3889 eumm
956 3831 1115 3889 existentia
1134 3830 1333 3889 conservatio-

258 3938 324 3982 nem
345 3926 483 4002 posmiet.
