2892 4425
439 369 517 413 rins
538 370 657 413 iurans
677 352 690 399 '-
711 368 927 413 rsrcuomum
1163 360 1219 415 iit

143 482 220 555 rari,
233 478 334 539 eodem
355 492 426 537 sane
445 478 687 554 deprehendimus
702 466 881 538 intellectum
904 477 951 537 vel
973 492 1090 539 sensum
1105 483 1219 555 operari
1269 556 1276 563 .

143 578 318 636 murlo.
338 574 415 635 Nam
436 576 681 651 quemadmodum
702 578 869 637 consuimus
890 575 1090 651 voluntatem,
1112 592 1218 651 propu-

143 677 201 734 sito
220 674 352 748 obiecw,
374 675 470 749 ipsum
491 690 626 749 respuere
645 690 749 749 posse;
770 675 811 733 ita
833 676 921 735 etlam
943 675 1108 733 eouscimus
1133 674 1218 733 intel·

143 770 250 830 lectum
271 772 320 829 vel
339 786 476 846 sensum,
491 778 641 846 praesente
655 771 784 846 obiecto,
800 771 837 830 ab
851 774 965 830 actione
984 778 1145 847 temperare
1158 786 1218 831 uon

143 884 239 943 posse.
261 868 342 925 Idem
362 867 477 927 dicatur
496 868 532 927 de
552 869 617 927 allis
637 868 778 943 exemplis
799 871 979 943 innumeris,
1001 867 1082 927 velut
1102 885 1150 929 es.
1169 886 1215 945 gr.

143 968 212 1025 'cum
232 968 315 1041 quis,
331 966 448 1026 lubente
467 966 556 1041 pede,
572 966 656 1025 humi
670 966 848 1040 procumbit.
870 966 899 1025 Is
913 974 989 1025 certe
1002 982 1061 1025 uon
1080 968 1169 1025 sentit
1186 982 1218 1027 se

145 1078 229 1123 ruere
248 1065 318 1138 quia
334 1064 415 1139 vnit,
430 1070 518 1139 atque
533 1065 576 1122 ita
592 1072 625 1122 ut
641 1064 754 1138 lapsum
773 1066 864 1138 possit
877 1062 1031 1139 impedire3
1047 1062 1097 1122 sed
1114 1070 1217 1123 contra

143 1162 291 1235 experitur
309 1176 342 1219 sc
361 1164 525 1221 necessario
547 1165 576 1219 vi
600 1164 755 1236 gravitatis
776 1160 913 1219 deorsum
934 1161 1015 1219 ferri.
1093 1208 1097 1219 ,
1213 1190 1216 1199 ,

202 1258 287 1335 Alia,
302 1274 377 1335 quae
393 1259 545 1335 subiungit
560 1259 667 1335 Boyle,
682 1274 741 1316 noo
762 1260 855 1335 magis
869 1258 906 1316 od
921 1274 980 1317 rem
995 1257 1118 1317 fuciunt.
1140 1258 1217 1317 Nem

142 1360 197 1414 etsi
220 1359 313 1414 simus
335 1355 374 1414 nb
396 1356 472 1431 alio,
494 1364 591 1415 tamen
615 1371 716 1414 revera
740 1372 852 1415 somus.
878 1356 941 1415 Huc
964 1354 1122 1415 secundum
1145 1372 1216 1415 oon·

143 1454 265 1511 scientia
283 1458 424 1527 testotm,
438 1460 468 1512 et
486 1456 515 1511 lo
534 1453 591 1512 hoc
609 1470 680 1513 sene
697 1468 756 1513 non
778 1452 900 1512 tollitur.
921 1452 1053 1513 Primum
1074 1469 1145 1513 vero
1162 1470 1217 1513 nec

104 1564 111 1573 ·
144 1554 269 1608 testator
288 1566 342 1608 nec
361 1550 483 1626 abnuit,
504 1552 611 1626 quippe
630 1550 709 1626 quod
728 1567 785 1609 nou
805 1554 868 1609 eius
885 1550 1030 1609 obiectum
1049 1553 1088 1609 sit
1105 1550 1156 1610 sed
1175 1550 1218 1613 ia·

142 1646 263 1707 enitatis
284 1646 436 1725 diversae,
458 1649 579 1707 rationis
604 1650 756 1707 nimirum.
779 1648 858 1707 idem
884 1664 989 1724 repone
1010 1648 1048 1708 ad
1070 1647 1215 1725 alterum,

142 1744 222 1819 quod
245 1744 342 1803 subet
362 1744 399 1803 de
424 1750 527 1805 mutuo
553 1745 668 1805 influxu
693 1748 785 1805 animi
809 1754 838 1805 et
865 1749 1005 1823 eorporis.
1033 1748 1217 1807 Conscientia

143 1843 223 1899 enlm
243 1840 332 1925 celeri
348 1841 465 1917 quidem
484 1845 615 1903 animum
634 1846 665 1902 in
684 1860 791 1918 corpus
809 1844 949 1921 influere,
971 1851 1075 1922 etque,
1096 1845 1167 1904 dum
1185 1844 1217 1905 id

143 1938 243 2012 refert,
254 1946 340 1997 vacet
352 1956 460 1999 errore.
473 1924 586 2017 Corpus
599 1948 697 2001 autem
709 1942 832 1999 iuduere
847 1942 876 1999 io
892 1944 1022 2001 animum
1035 1941 1116 2003 ottilo
1129 1942 1215 2001 modo

142 2041 283 2109 testatum
299 2036 351 2095 sed
368 2040 393 2095 si
412 2039 463 2113 qui
481 2053 646 2113 mouere,
661 2038 691 2096 id
708 2054 767 2097 non
785 2054 821 2097 cx
840 2040 1032 2097 conscientiae
1050 2041 1216 2099 testimonio

142 2131 194 2191 sed
214 2147 250 2190 ex
272 2131 354 2191 loisis
371 2135 523 2211 principiis
543 2135 725 2195 derivarunt.
748 2134 930 2195 Praeiudioia
950 2134 1067 2194 demum
1089 2133 1216 2193 inbuere

142 2233 336 2290 eonscientiae
358 2234 475 2292 nonnisi
501 2235 627 2308 sceptico
651 2234 773 2310 dignum
799 2241 862 2309 est,
888 2233 939 2292 sed
963 2235 1025 2293 eius
1048 2235 1215 2294 testimonio

143 2328 231 2388 fldem
253 2329 452 2404 plenissimam
474 2347 538 2390 esse
557 2331 721 2390 habendam
742 2332 878 2391 cordatus
899 2347 984 2390 nemo
1004 2331 1133 2407 negabit.

203 2426 299 2485 Oblic.
323 2428 363 2486 ii.
384 2427 597 2504 Argumentum
618 2445 653 2487 ex
677 2444 836 2504 poenarum
860 2430 1010 2488 sanctione
1030 2427 1215 2502 desumptum

143 2523 219 2582 nihil
235 2526 361 2599 evincit,
376 2541 445 2585 nam
462 2526 549 2584 bruta
565 2527 727 2584 animantia
743 2525 874 2584 iibertnte
890 2527 1057 2600 privantur,
1072 2531 1102 2584 et
1117 2531 1215 2586 tamen
1254 2509 1259 2522 '

142 2619 181 2678 ob
205 2622 334 2680 acdones
358 2621 472 2697 aliquas
495 2620 664 2682 verberibus
690 2620 736 2680 vel
758 2624 845 2682 etiem
871 2627 963 2680 morte
987 2621 1025 2682 ab
1047 2621 1215 2682 hominibus

142 2715 230 2791 plecti
251 2717 358 2778 solent.

202 2815 374 2890 Respondeu
393 2817 529 2893 negando
549 2822 716 2894 paritatem.
740 2820 814 2880 Num
840 2835 906 2878 curn
930 2819 1015 2878 bruis
1034 2819 1072 2878 oh
1095 2819 1217 2878 nocivas

142 2912 258 2987 aliquas
273 2914 402 2972 aulones
419 2916 519 2990 poenis
537 2915 701 2992 efficimus,
715 2917 771 2975 hae
787 2919 885 2976 minus
902 2919 1015 2992 proprie
1033 2915 1218 2992 appellantur

140 3023 267 3084 poenac;
282 3025 337 3068 nec
350 3026 368 3068 a
381 3011 466 3070 nobis
480 3015 523 3071 stc
536 3013 726 3090 infliguntur,
742 3017 825 3090 quusi
843 3017 994 3090 opinemur
1007 3016 1135 3074 actiones
1149 3013 1216 3073 illes

140 3105 241 3165 bestiis
259 3110 363 3166 merito
382 3110 456 3166 verti
477 3108 521 3168 vel
540 3110 655 3185 culpae.
678 3110 736 3170 Sed
753 3111 861 3170 idcirco
877 3111 962 3170 bruta
982 3112 1099 3172 verbere
1118 3126 1217 3186 percu-

140 3203 250 3280 timus,
272 3211 305 3262 ut
324 3205 460 3279 deinceps
485 3206 690 3281 phantasmate
712 3207 821 3268 doloris
842 3211 950 3268 incussi
972 3208 1009 3267 nb
1032 3211 1145 3269 actione
1166 3208 1217 3266 iila

140 3301 309 3360 renovanda
323 3301 534 3363 deterreantur.
553 3304 678 3377 Quando
697 3311 795 3364 antem
817 3311 909 3366 morte
924 3306 1093 3382 plectimus,
1108 3305 1138 3364 id
1151 3305 1217 3364 ideo

139 3394 286 3473 summus,
306 3404 342 3458 ut
359 3414 377 3457 a
395 3400 500 3458 nocive
518 3400 613 3460 Metto
634 3416 689 3460 nos
708 3401 884 3476 liberemus,
905 3403 951 3460 vel
969 3404 1057 3460 etiem
1076 3408 1109 3462 nt
1127 3402 1217 3477 phen-

120 3499 268 3553 .tusmate
287 3498 390 3554 mortis
415 3503 509 3556 terror
533 3500 563 3555 in
586 3501 690 3558 ceteris
712 3499 821 3558 belluis
842 3516 878 3558 err
899 3501 1038 3558 instinctu
1062 3501 1215 3560 excitetur.

105 3580 109 3585 ⁴
139 3590 179 3650 lli
191 3599 296 3652 eontra
309 3609 379 3652 cum
397 3594 529 3654 homines
547 3598 649 3672 iniqua
667 3603 820 3672 operantes
839 3599 1019 3673 puniuntur,
1033 3597 1064 3656 ld
1083 3597 1140 3656 huc
1155 3613 1217 3672 per·

139 3691 276 3753 suasione
296 3689 348 3765 ut,
370 3694 441 3766 quia
461 3675 581 3766 putatur
600 3693 778 3770 flagitiosum
802 3709 875 3769 opus
899 3694 1001 3752 iisdem
1023 3695 1095 3752 vitio
1115 3710 1149 3754 ec
1167 3693 1218 3753 de·

139 3788 244 3846 merito
264 3803 328 3846 esse
347 3787 548 3848 tribuendum.
638 3770 642 3779 ³

198 3881 295 3944 obite.
318 3885 373 3943 iii.
395 3902 432 3944 ex
452 3887 574 3946 Collius.
596 3889 814 3948 locutionibus
836 3893 943 3950 nostris
961 3889 1137 3950 considerari
1154 3902 1218 3962 pos·

140 3986 208 4040 sunt
225 3981 272 4040 rel
291 3985 490 4058 cognitiones,
505 3985 550 4042 vel
572 3987 743 4060 volitiones,
760 3988 803 4045 rel
825 3993 920 4046 neotus
939 3989 1062 4046 ester-ui.
1085 3985 1218 4062 cognitio
