2892 4425
365 349 375 360 ’
451 367 529 410 PARS
551 365 669 412 tinus
689 379 702 395 ·
724 367 942 412 micuononti
1178 360 1232 414 281

293 725 479 844 mmm
494 773 623 844 systema
640 785 719 843 pror
743 769 847 828 celeris
867 770 1032 844 eltpendum
1053 777 1105 830 ert.

223 977 292 1030 142.
314 969 403 1030 Pron.
424 969 502 1030 lllud
520 975 651 1048 systema
674 983 745 1046 prae
765 971 869 1030 eeteris
888 969 1052 1047 eligendum
1073 978 1133 1048 est,
1159 974 1239 1050 quod

160 1083 221 1129 non
240 1067 329 1128 modo
347 1067 475 1143 explieat
490 1069 634 1144 originem
653 1067 788 1127 idearum
808 1067 929 1127 vitando
948 1075 1079 1128 extrema
1099 1072 1237 1132 sensista·

161 1183 229 1226 rnm
248 1172 278 1225 et
297 1166 564 1242 rationalitatum
577 1164 629 1242 sed
642 1166 730 1224 dmm
743 1166 938 1240 experientiae
954 1167 1119 1242 respondet,
1137 1173 1167 1226 et
1186 1183 1239 1228 na·

160 1270 246 1324 turno
264 1263 410 1324 hnmanae
428 1269 474 1323 est
493 1265 623 1324 maximo
642 1262 906 1323 aeeornmodatum.
936 1264 1027 1340 Atqul
1047 1263 1119 1324 haee
1139 1267 1239 1327 omnio

162 1364 260 1424 loemn
280 1361 390 1422 nubent
407 1364 439 1421 ln
458 1364 605 1438 praesenti
625 1367 801 1439 systemate3
820 1375 891 1438 ergo
916 1367 973 1420 ete.

222 1461 319 1522 ldelor
339 1460 429 1522 holos
452 1459 619 1538 syllogismi
643 1460 735 1530 elaret
755 1475 807 1536 per
828 1474 871 1518 se.
896 1458 994 1518 lilinor
1018 1465 1115 1520 anum
1142 1461 1240 1538 qnond

162 1559 295 1636 singulas
320 1564 442 1636 partes,
470 1573 546 1634 quas
569 1555 726 1634 affirmat,
757 1558 800 1616 sle
825 1555 1061 1618 demonstratur:
1092 1557 1239 1618 Sensistae

162 1656 323 1742 poeeobant
345 1656 481 1733 defertu,
504 1657 700 1732 ooneiplentes
721 1655 902 1715 intellectum
924 1643 970 1716 tel
994 1661 1028 1716 ut
1048 1655 1159 1732 aliquid
1178 1671 1236 1716 non

162 1755 311 1816 diuersum
341 1768 493 1830 amnon,
518 1754 566 1813 vel
590 1759 626 1814 nt
647 1755 808 1830 potentiam
837 1767 916 1812 mere
942 1755 1112 1832 passivam,
1137 1769 1241 1832 qnae,

163 1852 306 1930 quldqnld
325 1851 456 1929 haberet,
470 1867 490 1911 a
504 1867 595 1912 sensu
615 1851 999 1928 reciperet31iaiionsllstae
1017 1859 1120 1914 eontra
1138 1869 1240 1930 pecen-

66 2005 73 2018 .
163 1951 236 2012 bant
254 1966 391 2028 momen,
411 1953 482 2027 qnia
501 1949 648 2026 ponebant
665 1950 699 2008 in
712 1951 823 2010 animo
841 1949 921 2010 ideas
942 1957 993 2010 aut
1013 1951 1139 2014 visiones
1159 1953 1241 2030 lnge·

164 2051 253 2110 nitas
274 2049 316 2109 ir
333 2053 434 2110 nonus
453 2048 599 2108 senoentia
620 2045 749 2106 medinm
770 2029 878 2107 in'eedlt
896 2049 968 2122 iter;
990 2062 1059 2107 num
1076 2064 1136 2108 non
1154 2049 1241 2108 modo

163 2147 343 2208 intellectum
366 2146 521 2224 distingunt
544 2161 564 2206 a
590 2160 696 2221 senm,
710 2143 764 2204 sed
790 2145 925 2222 agnoseit
943 2146 975 2203 in
1003 2147 1067 2222 ipso
1092 2145 1241 2208 intellectu

164 2248 226 2306 rim
247 2218 376 2309 mutam
392 2260 453 2322 qua
474 2246 553 2305 drea
572 2244 685 2304 obieeta
705 2242 854 2304 sensibilia
870 2242 1019 2319 operando
1038 2243 1134 2305 reddit
1156 2247 1240 2307 intel·

165 2342 291 2419 ligibiila
304 2344 335 2401 in
348 2348 416 2403 notu
432 2358 509 2419 quoe
521 2350 590 2403 ante
609 2341 805 2419 intelligibilis
818 2348 903 2403 erant
915 2347 1030 2403 mntem
1046 2344 1078 2402 ln
1099 2339 1240 2420 potentia.

166 2442 252 2503 ideas
270 2448 368 2503 antem
388 2448 418 2502 et
437 2442 567 2503 uniones
587 2443 704 2501 innatas
723 2442 844 2501 omnino
866 2441 992 2516 respult3
1016 2441 1159 2517 etquidem
1182 2458 1241 2502 non

167 2540 248 2601 alind
267 2541 299 2599 iu
318 2539 403 2601 nonis
426 2543 562 2600 innatum
581 2540 715 2617 agnosolt
734 2539 792 2597 nlsl
813 2539 873 2597 vlrn
896 2543 926 2598 et
943 2538 1105 2598 naturalem
1125 2540 1242 2600 condor·

167 2640 325 2698 mationem
348 2640 472 2714 mentis,
492 2654 585 2714 qnae,
607 2643 642 2697 ut
659 2650 792 2713 quaeque
812 2634 957 2712 iaculans,
979 2633 1017 2695 ad
1039 2637 1168 2697 actiones
1185 2636 1243 2697 sibi

168 2750 313 2812 congruas
328 2734 488 2797 exerendas
507 2735 700 2795 determinata
716 2740 777 2811 est,
797 2733 882 2794 modo
900 2732 979 2794 adsit
995 2732 1151 2849 obiectum,
1165 2736 1244 2796 eires

168 2834 248 2911 quod
268 2836 328 2895 rlrn
354 2850 439 2895 snam
456 2840 603 2895 exeroen.

127 2939 131 2945 ’
225 2933 311 3007 Quod
331 2948 402 2994 vero
420 2932 594 3009 respondeat
616 2933 813 3009 experientiae
826 2947 886 2992 non
905 2932 1004 2993 minus
1019 2937 1151 3008 apparet.
1166 2930 1244 2992 Nam

167 3033 346 3093 eonscientin
364 3037 491 3092 testatur
504 3047 559 3091 nos
571 3032 604 3089 ln
616 3030 808 3108 intelligendo
822 3032 1019 3106 maximopere
1038 3032 1135 3091 luvarl
1149 3046 1246 3090 exem·

168 3130 226 3205 piis
247 3129 454 3207 semidiilltm
473 3136 503 3189 et
522 3127 642 3189 turbata
661 3130 871 3205 imaginatione
889 3126 1003 3189 turbari
1022 3130 1113 3189 etiam
1129 3128 1246 3188 inmite·

169 3232 267 3302 etnm3
291 3227 370 3302 qnod
391 3226 533 3305 expliearl
553 3242 613 3286 non
630 3232 730 3303 posset
750 3232 943 3303 oongmenter
962 3228 994 3285 in
1019 3227 1086 3285 aliis
1104 3232 1247 3304 systema·

172 3320 251 3380 tibus
269 3326 405 3398 oprimi
423 3332 542 3386 tanmm
563 3324 797 3403 proeedentlbus.
826 3324 873 3385 nd
901 3340 947 3385 res
973 3340 1042 3385 vero
1062 3328 1247 3401 lneorporeas

171 3420 291 3478 nonnisi
303 3436 355 3493 per
371 3438 526 3499 corporeas
543 3421 747 3498 ascendimus,
764 3424 806 3482 ita
820 3428 854 3482 ut
867 3424 962 3497 ipsum
976 3421 1069 3481 mom
1084 3438 1142 3483 non
1162 3422 1248 3483 aliter

170 3518 370 3593 nonelpiamns
390 3536 480 3597 quarn
503 3522 594 3581 ueluti
619 3536 740 3581 mosam
766 3524 948 3581 intentatam
976 3518 1099 3596 mundi,
1127 3522 1248 3597 eiusque

169 3614 363 3691 perfectiones
382 3632 435 3691 per
448 3631 603 3679 excessum
621 3634 710 3695 supra
726 3619 917 3695 perleetlones
930 3624 1131 3679 ereaturarum
1145 3623 1175 3677 et
1195 3634 1247 3693 per

171 3714 298 3773 limitum
320 3716 510 3773 remotionem
530 3731 548 3776 a
568 3716 796 3793 quiddltntlbns,
815 3732 890 3793 quas
912 3714 1174 3792 apprehendimus,
1200 3714 1247 3772 de·

169 3814 360 3873 terminemus
379 3816 401 3873 ¹.
423 3810 525 3872 &roro
543 3816 632 3875 mam
656 3830 717 3874 rem
737 3812 904 3891 eundi-mat,
929 3830 998 3875 nnm
1018 3816 1044 3874 sl
1064 3812 1247 3873 examinetur

232 3955 241 3997 l
257 3966 269 3989 α
288 3948 382 4010 mum,
401 3948 430 3996 ui
447 3944 580 4009 dionysius
597 3947 659 3997 dieii
675 3961 696 3997 e.
711 3955 721 3998 t
739 3950 774 3997 De
787 3947 842 3999 dio.
856 3962 925 4000 nom.
939 3949 985 3999 lee.
999 3956 1025 4010 ³,
1038 3943 1209 4010 oossnoltimtii
1221 3946 1249 3996 iii

172 4048 184 4067 u
202 4038 302 4077 mnsam
321 4030 346 4077 et
362 4040 406 4090 por
424 4038 551 4077 oxomum
569 4030 595 4078 el
614 4041 657 4090 per
671 4028 841 4080 rnnollonem.
860 4032 908 4081 rt.
923 4032 1146 4081 tsosrssammo
1158 4022 1248 4077 Ttsol.
