2892 4425
234 371 289 423 tos
685 341 818 422 meiere
867 389 871 407 ·

230 500 306 561 qnae
322 487 425 546 divina
444 503 509 548 esse
528 494 622 563 potest
643 487 688 545 vei
711 486 858 562 humana,
880 493 966 562 prout
988 486 1066 547 lleus
1086 489 1131 547 sel
1153 489 1241 550 homo
1261 495 1306 550 est

231 586 281 658 qui
302 590 435 644 testatur.

290 681 363 741 Cum
377 683 577 742 testimonium
598 689 723 758 nqueat
743 682 782 742 nd
797 698 948 744 assensum
968 683 1127 762 impellere,
1144 686 1201 745 uisi
1224 689 1306 746 testis

231 779 382 858 seientiam
407 786 517 840 eertum
541 780 648 839 lrabeat
671 783 736 856 rei,
762 795 852 856 qnam
876 787 1016 858 enarrat,
1035 787 1066 840 et
1090 799 1179 842 seren
1205 785 1235 842 iu
1261 783 1305 842 di·

231 876 324 936 eendo
341 879 400 953 sit;
420 895 458 938 ex
476 881 597 940 scienda
617 885 648 938 et
664 880 822 938 veracitate
840 861 924 938 tatis
944 881 1114 954 auctoritas,
1132 896 1221 956 qnam
1242 883 1305 940 eius

231 977 429 1036 testimouium
450 976 558 1052 babet,
581 979 778 1036 eonstituitur.
800 977 862 1035 Iam
884 991 953 1036 vero
976 976 1132 1051 adhaesio,
1154 993 1244 1052 quam
1264 979 1306 1036 rei

233 1081 360 1132 mentae
383 1073 557 1134 adhibemus
583 1081 702 1150 propter
723 1076 927 1134 auctoritatem
953 1076 1110 1151 testantis,
1129 1073 1208 1150 fider
1237 1073 1307 1134 dlel·

232 1177 310 1246 turp
324 1188 400 1248 quae
421 1171 537 1232 dedubi
558 1179 675 1249 posset:
704 1187 863 1248 assensus,
889 1188 949 1249 quo
972 1179 1104 1232 tenemus
1130 1189 1201 1233 vera
1222 1187 1305 1248 esse,

158 1307 164 1320 .
231 1283 308 1344 qnae
327 1269 476 1346 dieantur,
497 1277 615 1346 propter
633 1269 757 1328 dioentis
778 1272 992 1331 auctoritatem.
1015 1271 1071 1330 ilie
1091 1285 1227 1331 assensus
1243 1285 1306 1330 esse

232 1373 329 1440 potest
348 1367 393 1428 vel
413 1375 529 1428 tautum
550 1367 726 1442 probabllb,
752 1367 799 1426 vel
820 1370 909 1426 etiam
927 1372 1039 1443 uerbis,
1071 1374 1157 1443 prout
1183 1366 1306 1427 dubium

231 1480 319 1522 omne
345 1464 476 1524 excludit
503 1463 550 1523 uel
577 1462 695 1540 aliquod
723 1465 872 1540 relinquit.
897 1462 964 1523 'Sed
993 1464 1137 1524 oertitudo
1165 1461 1307 1524 eiusmodi

233 1578 291 1621 non
316 1569 362 1622 est
390 1564 447 1620 uisi
476 1561 613 1636 moralis3
638 1563 746 1638 quippe
762 1575 830 1622 cour
853 1576 910 1620 nou
936 1561 1127 1623 inabsoluta
1148 1562 1188 1621 rei
1209 1577 1307 1622 neees-

232 1663 339 1737 sitate,
366 1661 419 1721 sad
441 1663 472 1720 iu
501 1659 635 1737 iegibus,
663 1659 770 1737 quibus
800 1676 894 1720 mores
921 1661 1092 1721 testantium
1115 1661 1305 1738 diriguntur,

232 1760 376 1818 inuitatur
390 1761 415 1818 ¹.

292 1857 356 1930 Qua
381 1859 413 1916 iu
440 1875 471 1917 re
501 1855 702 1917 animadverte
733 1856 936 1916 certitudinem
965 1855 1105 1916 moralem
1134 1855 1308 1932 quaudoque

233 1955 390 2031 strietime,
413 1953 589 2031 quandoque
609 1955 711 2014 latiore
730 1953 943 2031 significatione
964 1957 1107 2030 usurpari.
1131 1953 1204 2014 Cum
1225 1969 1305 2030 pres·

233 2054 294 2113 sius
312 2055 449 2129 sumitur,
463 2061 535 2114 tuno
554 2069 655 2129 reapse
679 2052 767 2112 talem
792 2050 959 2112 firmitatem
982 2057 1078 2127 sonat,
1099 2067 1175 2128 qnae
1194 2050 1307 2112 nullum

233 2150 386 2233 dubiundi
411 2153 552 2229 relinquit
570 2150 735 2210 arbitrium.
760 2149 801 2209 At
820 2165 887 2209 eum
915 2149 1024 2208 laxiore
1043 2165 1130 2208 sensu
1152 2151 1306 2226 aeeipitur,

233 2256 304 2309 tuuo
320 2252 437 2310 uounbi
458 2266 578 2327 gravem
595 2248 829 2326 probabilitatem
846 2246 1003 2324 sigutdeet,
1022 2264 1057 2307 ao
1073 2248 1160 2308 talem
1180 2264 1255 2323 quae
1271 2248 1309 2309 ed

117 2326 124 2337 ¹
234 2353 342 2408 reatum
362 2349 590 2425 prudentemque
614 2350 813 2425 operationem
838 2346 902 2405 loeo
921 2344 1102 2407 oertitudlnis
1122 2344 1223 2405 baberi
1242 2362 1309 2421 pos·

158 2430 166 2446 ’
233 2447 283 2504 sit.
300 2445 422 2523 iusuper
439 2448 598 2507 auotoritas
617 2446 750 2506 bumana
769 2447 878 2505 versari
892 2448 988 2521 potest
1007 2439 1053 2503 vei
1073 2446 1152 2503 eirea
1166 2442 1309 2521 dopmutu

234 2543 280 2601 vel
301 2545 381 2603 elren
396 2542 495 2621 sotto,
520 2550 607 2620 prout
627 2544 685 2603 vel·
698 2546 850 2611 veritatem
870 2541 908 2601 ad
929 2544 1080 2605 seleutiam
1103 2543 1306 2617 pertinentem,

235 2641 279 2699 vei
299 2649 439 2702 eremum
456 2648 579 2702 testatm
598 2642 738 2719 aliquem.

292 2746 343 2797 52.
364 2738 417 2798 ilis
438 2747 526 2799 anna
544 2741 673 2816 notatis,
698 2738 737 2799 ad
764 2740 945 2815 propositum
967 2739 1131 2797 veniamus.
1161 2736 1311 2813 Principio

234 2836 331 2911 ltaque
347 2836 472 2895 diolrnus
491 2838 524 2895 iu
548 2853 580 2897 re
598 2836 760 2897 salentinos
781 2838 981 2895 testimouium
1004 2836 1191 2912 sapientum,
1220 2842 1251 2894 et
1276 2837 1308 2893 in

234 2941 297 2992 arte
317 2935 476 3008 peritorum
497 2951 552 3011 pro
573 2934 695 2995 rudibus
717 2922 851 2994 normam
875 2950 959 3009 esse,
983 2935 1031 2993 oui
1055 2935 1176 2994 omuino
1195 2934 1310 3009 aequie-

234 3030 374 3091 soeudum
400 3034 459 3109 sit;
488 3049 542 3109 pro
565 3033 660 3094 dootls
680 3050 750 3094 vero
779 3041 808 3093 et
831 3032 977 3108 eruditis,
1001 3034 1056 3093 etsi
1080 3048 1171 3110 grave
1202 3032 1311 3092 babeat

234 3128 360 3205 medus,
378 3136 478 3190 tamen
498 3134 603 3191 mdoui
621 3133 791 3193 muoedere.
814 3130 945 3209 Utraque
962 3146 1031 3209 pars
1049 3133 1221 3192 assertionis
1240 3146 1310 3206 pru·

233 3228 314 3288 deuti
336 3228 456 3289 cuilibet
476 3230 583 3307 oppido
605 3231 707 3308 liquet.

293 3326 390 3404 Nam,
411 3328 449 3388 ad
474 3329 698 3405 primumquod
723 3332 850 3405 attinet,
874 3343 942 3387 oum
967 3326 1055 3386 rudes
1077 3327 1252 3403 ueriutem,
1273 3324 1312 3385 de

234 3441 294 3504 qua
310 3444 407 3487 sermo
423 3435 482 3505 est,
499 3444 552 3505 per
571 3446 604 3489 se
621 3429 756 3505 detegere
774 3434 825 3487 eut
843 3426 1044 3486 demonstrare
1065 3432 1230 3502 nequeant3
1254 3425 1311 3483 nisi

235 3523 314 3584 iilius
340 3528 445 3586 noddo
462 3526 580 3587 desdtni
605 3527 876 3602 malint„omuiao
895 3530 1009 3601 oportet
1033 3529 1067 3587 ut
1091 3524 1122 3582 lu
1141 3523 1313 3583 auetoritate

295 3698 303 3742 1
318 3692 381 3743 iiiuc
396 3694 434 3743 est
449 3696 478 3743 ot
492 3694 514 3744 si
530 3694 601 3743 testis
613 3692 646 3743 sit
656 3690 792 3755 eiusmodi,
809 3694 838 3741 ut
853 3691 906 3741 eius
921 3690 1022 3741 seientia
1038 3691 1063 3741 et
1079 3689 1244 3751 veriloquium
1261 3699 1311 3737 uon

235 3773 287 3835 iege
302 3773 386 3837 aliqua
401 3787 466 3838 qnae
481 3773 649 3837 operationem
666 3772 793 3836 gubernet,
810 3770 853 3823 sed
867 3772 1010 3822 omnimoda
1025 3772 1133 3835 oppositi
1151 3766 1312 3833 repugnantia

234 3852 363 3916 fundatum
384 3858 445 3903 tune
463 3856 517 3903 eius
537 3854 706 3903 testimouium
726 3851 844 3902 indirecte
859 3852 947 3903 saltem
967 3850 1139 3901 certitudinem
1157 3846 1222 3911 parit
1240 3849 1313 3897 meta

235 3934 370 4006 plrysieam.
388 3932 416 3981 ld
429 3933 512 3983 euenit
525 3933 558 3984 de
568 3931 654 3982 divino
666 3932 824 3995 testimouio;
839 3944 897 3983 natu
913 3932 981 3997 qnod
996 3934 1063 3983 Deua
1078 3928 1161 3980 oruula
1182 3927 1260 3989 tuiti,
1286 3928 1313 3976 et

235 4014 333 4065 mentiri
345 4017 460 4077 nequeat,
477 4014 511 4063 ita
524 4016 619 4064 cenum
629 4015 668 4064 est
684 4015 711 4064 ut
724 4012 867 4079 oppositum
881 4014 982 4068 omniuo
998 4012 1124 4075 repugnet.
