<?xml version="1.0" encoding="UTF-8"?>
<!DOCTYPE html PUBLIC "-//W3C//DTD XHTML 1.0 Transitional//EN"
    "http://www.w3.org/TR/xhtml1/DTD/xhtml1-transitional.dtd">
<html xmlns="http://www.w3.org/1999/xhtml" xml:lang="en" lang="en">
 <head>
  <title>
</title>
<meta http-equiv="Content-Type" content="text/html;charset=utf-8" />
  <meta name='ocr-system' content='tesseract 3.04.00' />
  <meta name='ocr-capabilities' content='ocr_page ocr_carea ocr_par ocr_line ocrx_word'/>
</head>
<body>
  <div class='ocr_page' id='page_1' title='image "./institutionesph01libegoog_0009.png"; bbox 0 0 2892 4425; ppageno 0'>
   <div class='ocr_carea' id='block_1_1' title="bbox 1303 8 1428 110">
    <p class='ocr_par' dir='ltr' id='par_1_1' title="bbox 1303 8 1428 110">
     <span class='ocr_line' id='line_1_1' title="bbox 1303 8 1428 110; baseline 0 -11"><span class='ocrx_word' id='word_1_1' title='bbox 1303 8 1428 110; x_wconf 52' lang='grc' dir='ltr'><strong>Ἰ</strong></span> 
     </span>
    </p>
   </div>
   <div class='ocr_carea' id='block_1_2' title="bbox 362 434 950 653">
    <p class='ocr_par' dir='ltr' id='par_1_2' title="bbox 362 432 1286 717">
     <span class='ocr_line' id='line_1_2' title="bbox 362 434 950 653; baseline 0.001 -2"><span class='ocrx_word' id='word_1_2' title='bbox 362 434 991 653; x_wconf 66' lang='lat' dir='ltr'><strong>eaauuoaatih‘as</strong></span> 
     </span>
    </p>
   </div>
   <div class='ocr_carea' id='block_1_3' title="bbox 105 1618 1273 2831">
    <p class='ocr_par' dir='ltr' id='par_1_3' title="bbox 109 1618 1190 2346">
     <span class='ocr_line' id='line_1_3' title="bbox 115 1618 1190 1766; baseline 0.007 -23"><span class='ocrx_word' id='word_1_3' title='bbox 115 1618 356 1758; x_wconf 69' lang='lat' dir='ltr'><strong>perspicuitatis</strong></span> <span class='ocrx_word' id='word_1_4' title='bbox 377 1686 472 1758; x_wconf 83' lang='lat' dir='ltr'><strong>gratia</strong></span> <span class='ocrx_word' id='word_1_5' title='bbox 492 1688 648 1759; x_wconf 76' lang='lat' dir='ltr'><strong>antequam</strong></span> <span class='ocrx_word' id='word_1_6' title='bbox 670 1685 707 1743; x_wconf 92' lang='lat' dir='ltr'><strong>ad</strong></span> <span class='ocrx_word' id='word_1_7' title='bbox 723 1685 856 1762; x_wconf 78' lang='lat' dir='ltr'><strong>singutas</strong></span> <span class='ocrx_word' id='word_1_8' title='bbox 874 1686 1076 1763; x_wconf 86' lang='lat' dir='ltr'><strong>puttosoptuae</strong></span> <span class='ocrx_word' id='word_1_9' title='bbox 1091 1698 1190 1766; x_wconf 84' lang='lat' dir='ltr'><strong>partes</strong></span> 
     </span>
     <span class='ocr_line' id='line_1_4' title="bbox 113 1780 1188 1865; baseline 0.007 -26"><span class='ocrx_word' id='word_1_10' title='bbox 113 1780 299 1856; x_wconf 80' lang='lat' dir='ltr'><strong>explicandas</strong></span> <span class='ocrx_word' id='word_1_11' title='bbox 319 1782 481 1856; x_wconf 85' lang='lat' dir='ltr'><strong>veniamus,</strong></span> <span class='ocrx_word' id='word_1_12' title='bbox 498 1782 529 1839; x_wconf 87' lang='lat' dir='ltr'><strong>in</strong></span> <span class='ocrx_word' id='word_1_13' title='bbox 549 1783 640 1856; x_wconf 89' lang='lat' dir='ltr'><strong>ipsius</strong></span> <span class='ocrx_word' id='word_1_14' title='bbox 662 1782 744 1841; x_wconf 80' lang='lat' dir='ltr'><strong>reiut</strong></span> <span class='ocrx_word' id='word_1_15' title='bbox 762 1782 906 1843; x_wconf 79' lang='lat' dir='ltr'><strong>uesdbuio</strong></span> <span class='ocrx_word' id='word_1_16' title='bbox 923 1786 1055 1845; x_wconf 83' lang='lat' dir='ltr'><strong>sistimus</strong></span> <span class='ocrx_word' id='word_1_17' title='bbox 1074 1787 1188 1865; x_wconf 82' lang='lat' dir='ltr'><strong>podem,</strong></span> 
     </span>
     <span class='ocr_line' id='line_1_5' title="bbox 111 1879 1190 1955; baseline 0.004 -16"><span class='ocrx_word' id='word_1_18' title='bbox 111 1896 145 1939; x_wconf 88' lang='lat' dir='ltr'><strong>ea</strong></span> <span class='ocrx_word' id='word_1_19' title='bbox 162 1879 377 1939; x_wconf 79' lang='lat' dir='ltr'><strong>considerantes</strong></span> <span class='ocrx_word' id='word_1_20' title='bbox 392 1894 467 1954; x_wconf 92' lang='lat' dir='ltr'><strong>quae</strong></span> <span class='ocrx_word' id='word_1_21' title='bbox 484 1884 635 1938; x_wconf 81' lang='lat' dir='ltr'><strong>externam</strong></span> <span class='ocrx_word' id='word_1_22' title='bbox 649 1880 823 1955; x_wconf 86' lang='lat' dir='ltr'><strong>disciptinae</strong></span> <span class='ocrx_word' id='word_1_23' title='bbox 838 1880 964 1941; x_wconf 86' lang='lat' dir='ltr'><strong>formam</strong></span> <span class='ocrx_word' id='word_1_24' title='bbox 976 1882 1126 1942; x_wconf 81' lang='lat' dir='ltr'><strong>exhibeat.</strong></span> <span class='ocrx_word' id='word_1_25' title='bbox 1141 1884 1190 1943; x_wconf 88' lang='lat' dir='ltr'><strong>Sie</strong></span> 
     </span>
     <span class='ocr_line' id='line_1_6' title="bbox 110 1976 1188 2055; baseline 0.002 -18"><span class='ocrx_word' id='word_1_26' title='bbox 110 1980 160 2055; x_wconf 93' lang='lat' dir='ltr'><strong>qui</strong></span> <span class='ocrx_word' id='word_1_27' title='bbox 177 1978 216 2036; x_wconf 91' lang='lat' dir='ltr'><strong>ad</strong></span> <span class='ocrx_word' id='word_1_28' title='bbox 236 1976 399 2035; x_wconf 88' lang='lat' dir='ltr'><strong>aediticium</strong></span> <span class='ocrx_word' id='word_1_29' title='bbox 415 1976 533 2051; x_wconf 90' lang='lat' dir='ltr'><strong>atiquod</strong></span> <span class='ocrx_word' id='word_1_30' title='bbox 551 1978 742 2053; x_wconf 88' lang='lat' dir='ltr'><strong>spectandum</strong></span> <span class='ocrx_word' id='word_1_31' title='bbox 760 1978 890 2053; x_wconf 85' lang='lat' dir='ltr'><strong>accedit,</strong></span> <span class='ocrx_word' id='word_1_32' title='bbox 910 1981 991 2053; x_wconf 85' lang='lat' dir='ltr'><strong>prius</strong></span> <span class='ocrx_word' id='word_1_33' title='bbox 1013 1983 1188 2039; x_wconf 79' lang='lat' dir='ltr'><strong>exteriorem</strong></span> 
     </span>
     <span class='ocr_line' id='line_1_7' title="bbox 111 2072 1189 2148; baseline 0.002 -14"><span class='ocrx_word' id='word_1_34' title='bbox 111 2078 173 2134; x_wconf 89' lang='lat' dir='ltr'><strong>eius</strong></span> <span class='ocrx_word' id='word_1_35' title='bbox 191 2074 316 2148; x_wconf 86' lang='lat' dir='ltr'><strong>speeiem</strong></span> <span class='ocrx_word' id='word_1_36' title='bbox 334 2072 609 2148; x_wconf 83' lang='lat' dir='ltr'><strong>dispositionemque</strong></span> <span class='ocrx_word' id='word_1_37' title='bbox 628 2076 755 2148; x_wconf 89' lang='lat' dir='ltr'><strong>partium</strong></span> <span class='ocrx_word' id='word_1_38' title='bbox 771 2074 953 2134; x_wconf 82' lang='lat' dir='ltr'><strong>diuersarum</strong></span> <span class='ocrx_word' id='word_1_39' title='bbox 973 2083 1003 2134; x_wconf 92' lang='lat' dir='ltr'><strong>et</strong></span> <span class='ocrx_word' id='word_1_40' title='bbox 1021 2080 1110 2135; x_wconf 89' lang='lat' dir='ltr'><strong>situm</strong></span> <span class='ocrx_word' id='word_1_41' title='bbox 1131 2078 1189 2136; x_wconf 90' lang='lat' dir='ltr'><strong>ooi·</strong></span> 
     </span>
     <span class='ocr_line' id='line_1_8' title="bbox 109 2170 1187 2252; baseline 0.001 -19"><span class='ocrx_word' id='word_1_42' title='bbox 109 2174 215 2234; x_wconf 85' lang='lat' dir='ltr'><strong>lustrat</strong></span> <span class='ocrx_word' id='word_1_43' title='bbox 235 2172 348 2247; x_wconf 78' lang='lat' dir='ltr'><strong>ocutis,</strong></span> <span class='ocrx_word' id='word_1_44' title='bbox 367 2170 474 2230; x_wconf 91' lang='lat' dir='ltr'><strong>deinde</strong></span> <span class='ocrx_word' id='word_1_45' title='bbox 494 2173 601 2232; x_wconf 90' lang='lat' dir='ltr'><strong>atrium</strong></span> <span class='ocrx_word' id='word_1_46' title='bbox 623 2174 820 2250; x_wconf 83' lang='lat' dir='ltr'><strong>introgressus</strong></span> <span class='ocrx_word' id='word_1_47' title='bbox 839 2174 877 2233; x_wconf 91' lang='lat' dir='ltr'><strong>ad</strong></span> <span class='ocrx_word' id='word_1_48' title='bbox 899 2180 997 2250; x_wconf 82' lang='lat' dir='ltr'><strong>partes</strong></span> <span class='ocrx_word' id='word_1_49' title='bbox 1015 2173 1187 2252; x_wconf 86' lang='lat' dir='ltr'><strong>singiliatim</strong></span> 
     </span>
     <span class='ocr_line' id='line_1_9' title="bbox 109 2269 474 2346; baseline -0.005 -16"><span class='ocrx_word' id='word_1_50' title='bbox 109 2269 259 2330; x_wconf 83' lang='lat' dir='ltr'><strong>rimandas</strong></span> <span class='ocrx_word' id='word_1_51' title='bbox 281 2270 474 2346; x_wconf 83' lang='lat' dir='ltr'><strong>progreditur.</strong></span> 
     </span>
    </p>

    <p class='ocr_par' dir='ltr' id='par_1_4' title="bbox 105 2367 1273 2831">
     <span class='ocr_line' id='line_1_10' title="bbox 169 2367 1187 2444; baseline 0.002 -19"><span class='ocrx_word' id='word_1_52' title='bbox 169 2368 303 2444; x_wconf 80' lang='lat' dir='ltr'><strong>Agedum</strong></span> <span class='ocrx_word' id='word_1_53' title='bbox 320 2383 395 2441; x_wconf 89' lang='lat' dir='ltr'><strong>quae</strong></span> <span class='ocrx_word' id='word_1_54' title='bbox 408 2369 566 2442; x_wconf 72' lang='lat' dir='ltr'><strong>generatim</strong></span> <span class='ocrx_word' id='word_1_55' title='bbox 585 2367 798 2442; x_wconf 81' lang='lat' dir='ltr'><strong>philosophiam</strong></span> <span class='ocrx_word' id='word_1_56' title='bbox 808 2370 954 2442; x_wconf 82' lang='lat' dir='ltr'><strong>attinent,</strong></span> <span class='ocrx_word' id='word_1_57' title='bbox 972 2385 1008 2427; x_wconf 88' lang='lat' dir='ltr'><strong>ea</strong></span> <span class='ocrx_word' id='word_1_58' title='bbox 1023 2369 1061 2428; x_wconf 89' lang='lat' dir='ltr'><strong>ad</strong></span> <span class='ocrx_word' id='word_1_59' title='bbox 1074 2371 1132 2428; x_wconf 89' lang='lat' dir='ltr'><strong>tria</strong></span> <span class='ocrx_word' id='word_1_60' title='bbox 1142 2371 1187 2427; x_wconf 90' lang='lat' dir='ltr'><strong>in·</strong></span> 
     </span>
     <span class='ocr_line' id='line_1_11' title="bbox 106 2461 1187 2540; baseline -0.002 -14"><span class='ocrx_word' id='word_1_61' title='bbox 106 2463 276 2539; x_wconf 60' lang='lat' dir='ltr'><strong>derogandi</strong></span> <span class='ocrx_word' id='word_1_62' title='bbox 294 2477 399 2536; x_wconf 85' lang='lat' dir='ltr'><strong>genera</strong></span> <span class='ocrx_word' id='word_1_63' title='bbox 420 2461 518 2520; x_wconf 84' lang='lat' dir='ltr'><strong>reduci</strong></span> <span class='ocrx_word' id='word_1_64' title='bbox 538 2469 678 2536; x_wconf 85' lang='lat' dir='ltr'><strong>possunt:</strong></span> <span class='ocrx_word' id='word_1_65' title='bbox 700 2465 851 2538; x_wconf 90' lang='lat' dir='ltr'><strong>primum,</strong></span> <span class='ocrx_word' id='word_1_66' title='bbox 871 2470 904 2521; x_wconf 92' lang='lat' dir='ltr'><strong>ut</strong></span> <span class='ocrx_word' id='word_1_67' title='bbox 921 2466 984 2522; x_wconf 90' lang='lat' dir='ltr'><strong>etus</strong></span> <span class='ocrx_word' id='word_1_68' title='bbox 1004 2470 1131 2540; x_wconf 87' lang='lat' dir='ltr'><strong>natura,</strong></span> <span class='ocrx_word' id='word_1_69' title='bbox 1152 2466 1187 2523; x_wconf 85' lang='lat' dir='ltr'><strong>u·</strong></span> 
     </span>
     <span class='ocr_line' id='line_1_12' title="bbox 108 2557 1188 2638; baseline -0.001 -16"><span class='ocrx_word' id='word_1_70' title='bbox 108 2565 167 2638; x_wconf 89' lang='lat' dir='ltr'><strong>nis,</strong></span> <span class='ocrx_word' id='word_1_71' title='bbox 178 2559 299 2628; x_wconf 66' lang='lat' dir='ltr'><strong>‚utititas</strong></span> <span class='ocrx_word' id='word_1_72' title='bbox 317 2558 495 2632; x_wconf 78' lang='lat' dir='ltr'><strong>explicetur3</strong></span> <span class='ocrx_word' id='word_1_73' title='bbox 516 2557 632 2634; x_wconf 88' lang='lat' dir='ltr'><strong>deinde,</strong></span> <span class='ocrx_word' id='word_1_74' title='bbox 650 2563 686 2616; x_wconf 92' lang='lat' dir='ltr'><strong>ut</strong></span> <span class='ocrx_word' id='word_1_75' title='bbox 702 2574 792 2633; x_wconf 89' lang='lat' dir='ltr'><strong>quam</strong></span> <span class='ocrx_word' id='word_1_76' title='bbox 812 2561 956 2634; x_wconf 87' lang='lat' dir='ltr'><strong>originem</strong></span> <span class='ocrx_word' id='word_1_77' title='bbox 978 2575 1090 2635; x_wconf 77' lang='lat' dir='ltr'><strong>quasue</strong></span> <span class='ocrx_word' id='word_1_78' title='bbox 1107 2562 1188 2621; x_wconf 82' lang='lat' dir='ltr'><strong>uioco</strong></span> 
     </span>
     <span class='ocr_line' id='line_1_13' title="bbox 105 2655 1186 2734; baseline -0.001 -14"><span class='ocrx_word' id='word_1_79' title='bbox 105 2659 244 2719; x_wconf 88' lang='lat' dir='ltr'><strong>habuerit</strong></span> <span class='ocrx_word' id='word_1_80' title='bbox 263 2660 433 2731; x_wconf 83' lang='lat' dir='ltr'><strong>enarretur3</strong></span> <span class='ocrx_word' id='word_1_81' title='bbox 455 2659 613 2730; x_wconf 83' lang='lat' dir='ltr'><strong>postremo,</strong></span> <span class='ocrx_word' id='word_1_82' title='bbox 632 2661 665 2714; x_wconf 92' lang='lat' dir='ltr'><strong>ut</strong></span> <span class='ocrx_word' id='word_1_83' title='bbox 683 2661 792 2732; x_wconf 85' lang='lat' dir='ltr'><strong>partos,</strong></span> <span class='ocrx_word' id='word_1_84' title='bbox 814 2655 922 2732; x_wconf 84' lang='lat' dir='ltr'><strong>quibus</strong></span> <span class='ocrx_word' id='word_1_85' title='bbox 938 2662 1064 2734; x_wconf 71' lang='lat' dir='ltr'><strong>eunom,</strong></span> <span class='ocrx_word' id='word_1_86' title='bbox 1083 2673 1186 2718; x_wconf 87' lang='lat' dir='ltr'><strong>name·</strong></span> 
     </span>
     <span class='ocr_line' id='line_1_14' title="bbox 106 2749 1273 2831; baseline -0.002 -15"><span class='ocrx_word' id='word_1_87' title='bbox 106 2763 220 2831; x_wconf 86' lang='lat' dir='ltr'><strong>rentur,</strong></span> <span class='ocrx_word' id='word_1_88' title='bbox 242 2759 415 2828; x_wconf 81' lang='lat' dir='ltr'><strong>noteturque</strong></span> <span class='ocrx_word' id='word_1_89' title='bbox 437 2751 510 2811; x_wconf 86' lang='lat' dir='ltr'><strong>ordo</strong></span> <span class='ocrx_word' id='word_1_90' title='bbox 528 2753 560 2810; x_wconf 89' lang='lat' dir='ltr'><strong>ia</strong></span> <span class='ocrx_word' id='word_1_91' title='bbox 583 2751 630 2812; x_wconf 90' lang='lat' dir='ltr'><strong>his</strong></span> <span class='ocrx_word' id='word_1_92' title='bbox 648 2753 822 2813; x_wconf 82' lang='lat' dir='ltr'><strong>seruandus.</strong></span> <span class='ocrx_word' id='word_1_93' title='bbox 1270 2749 1273 2756; x_wconf 80' lang='grc'><strong>’</strong></span> 
     </span>
    </p>
   </div>
   <div class='ocr_carea' id='block_1_4' title="bbox 286 2946 1073 3224">
    <p class='ocr_par' dir='ltr' id='par_1_5' title="bbox 286 2946 1073 3224">
     <span class='ocr_line' id='line_1_15' title="bbox 471 2946 818 3028; baseline 0.012 -22"><span class='ocrx_word' id='word_1_94' title='bbox 471 2946 658 3028; x_wconf 68' lang='grc' dir='ltr'><strong>ΙΑιιτιαυιυε</strong></span> <span class='ocrx_word' id='word_1_95' title='bbox 678 2947 818 3010; x_wconf 81' lang='lat' dir='ltr'><strong>Paratus.</strong></span> 
     </span>
     <span class='ocr_line' id='line_1_16' title="bbox 286 3121 1073 3224; baseline 0 -16"><span class='ocrx_word' id='word_1_96' title='bbox 286 3147 332 3208; x_wconf 74' lang='lat' dir='ltr'><strong>ae</strong></span> <span class='ocrx_word' id='word_1_97' title='bbox 348 3143 558 3224; x_wconf 63' lang='lat' dir='ltr'><strong>autumnae</strong></span> <span class='ocrx_word' id='word_1_98' title='bbox 572 3145 753 3224; x_wconf 68' lang='lat' dir='ltr'><strong>astarum,</strong></span> <span class='ocrx_word' id='word_1_99' title='bbox 763 3148 841 3224; x_wconf 68' lang='lat' dir='ltr'><strong>stne,</strong></span> <span class='ocrx_word' id='word_1_100' title='bbox 859 3145 1002 3208; x_wconf 73' lang='lat' dir='ltr'><strong>erutae.</strong></span> <span class='ocrx_word' id='word_1_101' title='bbox 1066 3121 1073 3133; x_wconf 77' lang='lat'><strong>&#39;</strong></span> 
     </span>
    </p>
   </div>
   <div class='ocr_carea' id='block_1_5' title="bbox 97 3334 1219 3703">
    <p class='ocr_par' dir='ltr' id='par_1_6' title="bbox 97 3334 1219 3703">
     <span class='ocr_line' id='line_1_17' title="bbox 167 3334 1183 3414; baseline -0.003 -18"><span class='ocrx_word' id='word_1_102' title='bbox 167 3347 195 3397; x_wconf 87' lang='grc'><strong>1.</strong></span> <span class='ocrx_word' id='word_1_103' title='bbox 216 3337 416 3414; x_wconf 78' lang='lat' dir='ltr'><strong>Philosophia,</strong></span> <span class='ocrx_word' id='word_1_104' title='bbox 431 3351 482 3396; x_wconf 82' lang='lat' dir='ltr'><strong>eeu</strong></span> <span class='ocrx_word' id='word_1_105' title='bbox 496 3336 656 3411; x_wconf 83' lang='lat' dir='ltr'><strong>saptentiae</strong></span> <span class='ocrx_word' id='word_1_106' title='bbox 668 3336 798 3396; x_wconf 87' lang='lat' dir='ltr'><strong>studium</strong></span> <span class='ocrx_word' id='word_1_107' title='bbox 813 3336 880 3411; x_wconf 85' lang='lat' dir='ltr'><strong>(hoe</strong></span> <span class='ocrx_word' id='word_1_108' title='bbox 891 3336 970 3394; x_wconf 86' lang='lat' dir='ltr'><strong>euim</strong></span> <span class='ocrx_word' id='word_1_109' title='bbox 984 3334 1074 3394; x_wconf 75' lang='lat' dir='ltr'><strong>iudae</strong></span> <span class='ocrx_word' id='word_1_110' title='bbox 1086 3335 1183 3408; x_wconf 83' lang='lat' dir='ltr'><strong>sonat)</strong></span> 
     </span>
     <span class='ocr_line' id='line_1_18' title="bbox 99 3430 1219 3512; baseline -0.01 -17"><span class='ocrx_word' id='word_1_111' title='bbox 99 3452 120 3495; x_wconf 91' lang='lat' dir='ltr'><strong>a</strong></span> <span class='ocrx_word' id='word_1_112' title='bbox 142 3433 313 3512; x_wconf 81' lang='lat' dir='ltr'><strong>Pythagora</strong></span> <span class='ocrx_word' id='word_1_113' title='bbox 333 3437 459 3510; x_wconf 90' lang='lat' dir='ltr'><strong>primum</strong></span> <span class='ocrx_word' id='word_1_114' title='bbox 476 3449 581 3493; x_wconf 88' lang='lat' dir='ltr'><strong>nomen</strong></span> <span class='ocrx_word' id='word_1_115' title='bbox 605 3436 716 3508; x_wconf 87' lang='lat' dir='ltr'><strong>aceepit</strong></span> <span class='ocrx_word' id='word_1_116' title='bbox 732 3435 762 3508; x_wconf 77' lang='lat'><strong>¹3</strong></span> <span class='ocrx_word' id='word_1_117' title='bbox 786 3432 891 3510; x_wconf 90' lang='lat' dir='ltr'><strong>idque,</strong></span> <span class='ocrx_word' id='word_1_118' title='bbox 905 3437 1006 3508; x_wconf 86' lang='lat' dir='ltr'><strong>utpote</strong></span> <span class='ocrx_word' id='word_1_119' title='bbox 1025 3430 1184 3492; x_wconf 86' lang='lat' dir='ltr'><strong>modestiae</strong></span> <span class='ocrx_word' id='word_1_120' title='bbox 1213 3469 1219 3484; x_wconf 85' lang='lat'>.</span> 
     </span>
     <span class='ocr_line' id='line_1_19' title="bbox 97 3521 1185 3608; baseline -0.006 -16"><span class='ocrx_word' id='word_1_121' title='bbox 97 3539 132 3592; x_wconf 89' lang='lat' dir='ltr'><strong>et</strong></span> <span class='ocrx_word' id='word_1_122' title='bbox 152 3533 285 3590; x_wconf 85' lang='lat' dir='ltr'><strong>veritatis</strong></span> <span class='ocrx_word' id='word_1_123' title='bbox 305 3521 436 3608; x_wconf 85' lang='lat' dir='ltr'><strong>pienum,</strong></span> <span class='ocrx_word' id='word_1_124' title='bbox 457 3530 535 3608; x_wconf 88' lang='lat' dir='ltr'><strong>apud</strong></span> <span class='ocrx_word' id='word_1_125' title='bbox 556 3547 658 3590; x_wconf 86' lang='lat' dir='ltr'><strong>omnes</strong></span> <span class='ocrx_word' id='word_1_126' title='bbox 679 3536 781 3606; x_wconf 81' lang='lat' dir='ltr'><strong>postea</strong></span> <span class='ocrx_word' id='word_1_127' title='bbox 801 3531 962 3606; x_wconf 85' lang='lat' dir='ltr'><strong>generatim</strong></span> <span class='ocrx_word' id='word_1_128' title='bbox 984 3527 1123 3588; x_wconf 83' lang='lat' dir='ltr'><strong>invaluit.</strong></span> <span class='ocrx_word' id='word_1_129' title='bbox 1146 3527 1185 3586; x_wconf 78' lang='lat' dir='ltr'><strong>ut</strong></span> 
     </span>
     <span class='ocr_line' id='line_1_20' title="bbox 97 3625 1185 3703; baseline -0.007 -13"><span class='ocrx_word' id='word_1_130' title='bbox 97 3644 177 3690; x_wconf 88' lang='lat' dir='ltr'><strong>sane</strong></span> <span class='ocrx_word' id='word_1_131' title='bbox 198 3629 224 3688; x_wconf 86' lang='lat' dir='ltr'><strong>ai</strong></span> <span class='ocrx_word' id='word_1_132' title='bbox 249 3625 286 3686; x_wconf 91' lang='lat' dir='ltr'><strong>ad</strong></span> <span class='ocrx_word' id='word_1_133' title='bbox 309 3634 431 3688; x_wconf 87' lang='lat' dir='ltr'><strong>naturae</strong></span> <span class='ocrx_word' id='word_1_134' title='bbox 452 3631 587 3689; x_wconf 85' lang='lat' dir='ltr'><strong>notitiam</strong></span> <span class='ocrx_word' id='word_1_135' title='bbox 609 3626 840 3703; x_wconf 86' lang='lat' dir='ltr'><strong>comparandam</strong></span> <span class='ocrx_word' id='word_1_136' title='bbox 860 3632 991 3702; x_wconf 85' lang='lat' dir='ltr'><strong>tempore</strong></span> <span class='ocrx_word' id='word_1_137' title='bbox 1011 3639 1132 3702; x_wconf 57' lang='lat' dir='ltr'><strong>was</strong></span> <span class='ocrx_word' id='word_1_138' title='bbox 1153 3627 1185 3683; x_wconf 89' lang='lat' dir='ltr'><strong>et</strong></span> 
     </span>
    </p>
   </div>
   <div class='ocr_carea' id='block_1_6' title="bbox 93 3789 1182 4168">
    <p class='ocr_par' dir='ltr' id='par_1_7' title="bbox 164 3789 1182 3856">
     <span class='ocr_line' id='line_1_21' title="bbox 164 3789 1182 3856; baseline -0.007 -14"><span class='ocrx_word' id='word_1_139' title='bbox 164 3793 352 3856; x_wconf 80' lang='lat' dir='ltr'><strong>thttragoram</strong></span> <span class='ocrx_word' id='word_1_140' title='bbox 371 3791 447 3842; x_wconf 81' lang='lat' dir='ltr'><strong>tuisse</strong></span> <span class='ocrx_word' id='word_1_141' title='bbox 470 3793 544 3843; x_wconf 86' lang='lat' dir='ltr'><strong>huius</strong></span> <span class='ocrx_word' id='word_1_142' title='bbox 565 3791 673 3842; x_wconf 86' lang='lat' dir='ltr'><strong>nominis</strong></span> <span class='ocrx_word' id='word_1_143' title='bbox 693 3791 857 3852; x_wconf 71' lang='lat' dir='ltr'><strong>inventam,</strong></span> <span class='ocrx_word' id='word_1_144' title='bbox 882 3789 953 3840; x_wconf 77' lang='lat' dir='ltr'><strong>tentis</strong></span> <span class='ocrx_word' id='word_1_145' title='bbox 974 3790 1013 3838; x_wconf 84' lang='lat' dir='ltr'><strong>est</strong></span> <span class='ocrx_word' id='word_1_146' title='bbox 1028 3789 1117 3838; x_wconf 82' lang='lat' dir='ltr'><strong>cicero</strong></span> <span class='ocrx_word' id='word_1_147' title='bbox 1135 3789 1182 3849; x_wconf 82' lang='lat' dir='ltr'><strong>Qq,</strong></span> 
     </span>
    </p>

    <p class='ocr_par' dir='ltr' id='par_1_8' title="bbox 100 3867 1179 3935">
     <span class='ocr_line' id='line_1_22' title="bbox 100 3867 1179 3935; baseline -0.006 -12"><span class='ocrx_word' id='word_1_148' title='bbox 100 3875 183 3923; x_wconf 69' lang='lat' dir='ltr'><strong>Puto.</strong></span> <span class='ocrx_word' id='word_1_149' title='bbox 201 3872 278 3935; x_wconf 72' lang='lat' dir='ltr'><strong>itha,</strong></span> <span class='ocrx_word' id='word_1_150' title='bbox 299 3885 356 3921; x_wconf 88' lang='lat' dir='ltr'><strong>oum</strong></span> <span class='ocrx_word' id='word_1_151' title='bbox 375 3873 456 3933; x_wconf 60' lang='lat' dir='ltr'><strong>anm,</strong></span> <span class='ocrx_word' id='word_1_152' title='bbox 474 3871 518 3934; x_wconf 91' lang='lat' dir='ltr'><strong>qui</strong></span> <span class='ocrx_word' id='word_1_153' title='bbox 534 3873 560 3921; x_wconf 88' lang='lat' dir='ltr'><strong>in</strong></span> <span class='ocrx_word' id='word_1_154' title='bbox 576 3873 679 3921; x_wconf 74' lang='lat' dir='ltr'><strong>murrae</strong></span> <span class='ocrx_word' id='word_1_155' title='bbox 696 3867 1179 3932; x_wconf 56' lang='lat' dir='ltr'><strong>manutenementum,</strong></span> 
     </span>
    </p>

    <p class='ocr_par' dir='ltr' id='par_1_9' title="bbox 93 3943 1181 4168">
     <span class='ocr_line' id='line_1_23' title="bbox 93 3943 1181 4084; baseline -0.01 -79"><span class='ocrx_word' id='word_1_156' title='bbox 93 3950 324 4084; x_wconf 52' lang='lat' dir='ltr'><strong>ffrzaffiwm</strong></span> <span class='ocrx_word' id='word_1_157' title='bbox 344 3950 408 4003; x_wconf 88' lang='lat' dir='ltr'><strong>ideot</strong></span> <span class='ocrx_word' id='word_1_158' title='bbox 422 3949 556 4014; x_wconf 69' lang='lat' dir='ltr'><strong>sepimine</strong></span> <span class='ocrx_word' id='word_1_159' title='bbox 573 3949 688 4012; x_wconf 64' lang='lat' dir='ltr'><strong>studim,</strong></span> <span class='ocrx_word' id='word_1_160' title='bbox 704 3947 750 4000; x_wconf 83' lang='lat' dir='ltr'><strong>sed</strong></span> <span class='ocrx_word' id='word_1_161' title='bbox 767 3947 852 4012; x_wconf 76' lang='lat' dir='ltr'><strong>copiti,</strong></span> <span class='ocrx_word' id='word_1_162' title='bbox 871 3947 936 3999; x_wconf 79' lang='lat' dir='ltr'><strong>idest</strong></span> <span class='ocrx_word' id='word_1_163' title='bbox 948 3947 1082 4011; x_wconf 64' lang='lat' dir='ltr'><strong>aptoton</strong></span> <span class='ocrx_word' id='word_1_164' title='bbox 1099 3943 1181 4007; x_wconf 80' lang='lat' dir='ltr'><strong>appot·</strong></span> 
     </span>
     <span class='ocr_line' id='line_1_24' title="bbox 983 4115 998 4168; baseline 0 0"><span class='ocrx_word' id='word_1_165' title='bbox 983 4115 998 4168; x_wconf 89' lang='grc'>1</span> 
     </span>
    </p>
   </div>
   <div class='ocr_carea' id='block_1_7' title="bbox 0 0 1450 4425">
    <p class='ocr_par' dir='ltr' id='par_1_10' title="bbox 0 0 1450 4425">
     <span class='ocr_line' id='line_1_25' title="bbox 0 0 1450 4425; baseline 0 10"><span class='ocrx_word' id='word_1_166' title='bbox 0 0 1450 4425; x_wconf 95' lang='lat' dir='ltr'><strong> </strong></span> 
     </span>
    </p>
   </div>
  </div>
 </body>
</html>
