2892 4425
227 362 284 414 220
561 367 783 411 ΙΒΤΑΡΗῊῙΕΑ
805 367 980 412 ῦΕΙΕΜΙΛΒ

223 481 325 541 cidunt
341 482 372 538 in
393 495 489 538 rerum
514 485 630 538 natura.
652 477 741 555 Nam,
759 494 825 538 cum
845 479 1049 555 phaenomena
1073 479 1220 538 naturalia
1240 495 1308 539 con·

225 586 353 653 tuemur,
374 579 572 637 successiones
599 580 681 654 iuges
702 567 930 636 et'mutationes
952 577 1081 636 accidere
1099 580 1307 655 conspicimus,

223 693 274 736 seo
293 678 465 735 continuum
483 677 638 734 transitum
660 691 678 734 a
704 691 762 734 noo
780 677 934 734 existentia
953 675 990 733 ad
1009 677 1208 736 existentiam.
1230 675 1329 735 iiiuc·

224 776 304 832 notio
321 776 453 849 exsurgit
469 773 602 849 eiiectns,
618 775 668 849 qni
686 773 765 832 atiud
787 790 846 833 non
868 779 913 832 est
927 774 1085 849 quidquam
1105 775 1161 831 nisi
1183 773 1212 830 id
1227 774 1308 848 quod

223 887 286 929 esse
303 873 416 948 incipit,
440 887 493 930 seu
516 872 631 947 quoda
656 887 713 930 non
733 873 887 930 existentia
911 874 1020 930 transit
1040 871 1077 930 ad
1106 872 1306 948 existentiam,

223 977 311 1045 atque
331 970 396 1027 ideo
415 971 600 1028 existentiam
626 968 744 1027 aliunde
772 972 884 1044 recipit.
912 969 1010 1044 Hine,
1036 985 1103 1027 oum
1131 985 1212 1028 mens
1236 986 1307 1054 cou5

223 1069 327 1142 spiciat
346 1069 530 1126 existentiam
553 1068 694 1125 eiusmodi
716 1083 774 1124 non
800 1083 884 1142 posse
907 1082 924 1124 a
947 1067 1040 1125 nihiio
1063 1067 1190 1125 derivari
1219 1066 1306 1142 (posi-

223 1169 265 1223 tio
289 1164 433 1240 siquidem
456 1167 557 1240 neqnit
582 1181 601 1223 a
624 1166 778 1240 negatione
803 1163 990 1238 procedere),
1015 1179 1079 1222 eum
1106 1163 1305 1222 deducendam

222 1278 286 1320 esse
306 1247 446 1337 perspicit
468 1262 506 1321 ab
528 1261 586 1320 aiis
605 1264 777 1335 existentia,
801 1276 877 1336 quae
899 1263 928 1318 vi
950 1277 1004 1319 sua
1025 1261 1135 1320 efficiat
1157 1267 1195 1320 ut
1213 1265 1253 1320 sit
1272 1261 1304 1319 id

222 1362 302 1437 quod
322 1367 390 1419 ante
416 1377 474 1420 aon
499 1367 571 1419 erat.
596 1360 639 1418 En
665 1375 772 1418 causae
795 1357 949 1417 efficientis
971 1359 1070 1434 notio;
1098 1360 1191 1416 immo
1217 1361 1304 1418 edam

221 1462 376 1518 existentia
400 1473 506 1516 causae
525 1457 679 1516 cniusdam
704 1460 733 1515 in
762 1473 865 1533 genere
888 1473 925 1515 ex
947 1458 1012 1531 ipsa
1035 1455 1305 1530 phaenomenorum

222 1557 307 1629 serie,
328 1571 416 1630 quam
432 1570 535 1612 sensas
556 1552 696 1628 referunt,
717 1556 746 1611 vi
767 1554 976 1630 inteiiigentiae
997 1559 1026 1612 et
1046 1555 1167 1610 rationis
1186 1543 1303 1611 educta.

282 1651 329 1710 Ad
351 1653 530 1711 nativitatem
551 1667 620 1710 vero
644 1667 799 1710 cansarum
826 1651 1020 1710 secundarum
1046 1650 1126 1726 qnod
1156 1651 1304 1725 pertinet,

222 1765 287 1808 eam
305 1751 335 1807 in
356 1743 489 1824 sequenti
510 1749 633 1808 articuio
653 1748 929 1808 demonstrabimus.
952 1749 986 1806 ln
1010 1763 1146 1823 praesens
1174 1747 1304 1806 animad-

150 1883 154 1896 ι
222 1853 335 1905 vertere
348 1846 469 1922 suiiieit,
483 1854 657 1923 argumenta
676 1863 752 1922 quae
772 1847 883 1922 profert
901 1846 1028 1906 Humius
1041 1847 1189 1904 incassum
1205 1848 1304 1904 aerem
1407 1831 1410 1838 ’

221 1945 384 2004 verberare.
407 1945 482 2004 Nam
503 1948 527 2003 si
547 1945 584 2003 de
603 1951 724 2003 externa
738 1947 915 2019 experientia
939 1959 1035 2002 sermo
1059 1949 1124 2016 est,
1150 1943 1222 2002 haec
1243 1957 1303 2001 uon

221 2059 350 2102 seorsum
372 2058 423 2118 per
436 2059 467 2100 se
480 2044 571 2116 accipi
586 2041 672 2101 debet
685 2041 722 2100 ad
736 2043 913 2101 suavitatem
929 2057 1083 2117 corporum
1101 2041 1303 2099 demonstrau-

220 2140 302 2217 dam,
323 2140 373 2198 sed
393 2146 538 2217 quatem
561 2141 714 2198 ratiocinio
735 2140 854 2215 praebet
877 2141 1009 2214 initium3
1032 2141 1140 2215 inquo
1161 2137 1304 2212 principia

220 2239 375 2299 rationalia
392 2256 427 2299 ex
441 2239 501 2298 dne
520 2247 550 2298 et
566 2239 669 2297 ordine
687 2242 846 2315 &neruum
867 2240 996 2313 inspecto
1015 2244 1044 2297 et
1063 2239 1207 2312 sapientia
1225 2234 1299 2293 Gou-

220 2335 322 2398 ditoris
342 2338 544 2398 desumuntur.
567 2335 618 2397 Sin
640 2352 737 2395 sermo
754 2342 798 2395 ert
818 2335 855 2397 de
878 2336 1071 2410 conscientia,
1091 2335 1180 2409 haec,
1203 2340 1236 2393 ut
1260 2337 1302 2392 ri·

219 2437 372 2512 dabimus,
394 2445 493 2512 aperta
517 2443 640 2496 testatur
660 2434 806 2494 induxum
832 2436 937 2492 virium
963 2425 1133 2491 nostrarum
1159 2434 1189 2489 in
1214 2434 1302 2489 actio·

219 2550 284 2611 nes,
297 2551 370 2611 quas
388 2537 531 2594 eiicimns.
551 2534 641 2593 Cuius
661 2534 822 2593 testimonii
840 2535 984 2589 veracitas
1003 2546 1060 2587 uon
1084 2528 1249 2588 infirmatur
1263 2544 1299 2586 ex

220 2648 254 2690 eo
271 2632 348 2708 qnod
369 2635 550 2692 conscientia
571 2648 629 2691 non
652 2631 759 2691 referat
780 2631 830 2689 iiie
850 2634 951 2705 etiam,
971 2644 1047 2703 quae
1073 2628 1198 2685 Humius
1223 2642 1301 2684 eom·

220 2736 370 2789 memorat.
396 2730 472 2789 Nam
496 2731 600 2789 horum
625 2732 729 2789 notitia
755 2714 838 2788 extra
865 2726 1007 2785 ambitum
1029 2720 1223 2785 eonscientiae
1247 2740 1300 2783 va-

218 2834 315 2901 gatur.
339 2827 523 2886 Conscientia
542 2830 620 2886 edim
639 2828 786 2901 inprimis
810 2842 869 2884 nou
888 2826 1006 2901 attingit
1027 2826 1084 2883 nisi
1102 2814 1224 2907 iactum,
1241 2834 1300 2880 non

217 2932 339 2982 naturas
360 2923 405 2981 vei
426 2924 623 3000 quidditates,
642 2940 717 3000 qnae
737 2931 789 2983 aut
809 2923 1017 2999 inteiiigentiaa
1038 2922 1183 3005 obiectum
1210 2927 1299 2995 sunt,

219 3024 245 3079 si
266 3020 432 3079 immediate
454 3026 573 3095 patent,
598 3026 651 3079 aut
676 3023 818 3096 rationis,
843 3023 867 3078 si
893 3021 1028 3079 discursu
1051 3018 1155 3077 deduci
1180 3016 1298 3076 debent.

180 3164 184 3170 .
211 3115 350 3194 'Deinde‚
375 3119 450 3176 iuter
476 3120 541 3193 ipsa
570 3117 670 3192 iacta,
697 3135 749 3193 per
774 3121 981 3177 conscientiam
1009 3134 1068 3176 non
1093 3120 1300 3192 attinguntur,

120 3226 123 3234 ’
218 3217 273 3275 nisi
297 3231 332 3274 ea
352 3230 427 3291 quae
447 3218 561 3274 interna
582 3222 652 3273 sunt
677 3223 707 3273 et
731 3216 769 3274 ad
793 3218 869 3275 vires
895 3217 939 3277 rei
962 3214 1156 3291 cognoscendi
1177 3213 1222 3271 vei
1248 3229 1299 3287 ap·
1420 3234 1424 3241 ¹

218 3314 335 3388 petendi
357 3315 528 3388 pertinent,
552 3328 609 3371 non
635 3328 704 3370 vero
723 3312 775 3371 iiia
794 3328 869 3388 quae
892 3328 910 3371 a
932 3310 1043 3371 viribus
1068 3327 1144 3370 mere
1168 3292 1301 3386 physicis

221 3409 456 3485 proficiscuntur.

279 3516 329 3567 58.
352 3508 483 3568 Tandem
507 3508 545 3567 ad
562 3523 668 3567 causae
691 3506 845 3567 efficientia
866 3508 1051 3582 partitionem
1072 3504 1152 3581 quod
1174 3504 1298 3572 attinet,

220 3623 256 3666 ea
274 3605 462 3682 dispescitur:
483 3607 507 3665 i.
530 3608 564 3665 ln
587 3606 760 3665 efficientem
777 3622 834 3681 per
855 3622 886 3663 se
907 3612 936 3663 et
958 3604 1131 3663 efficientem
1147 3616 1206 3678 per
1225 3601 1302 3657 occi·

218 3704 300 3764 dem.
319 3705 372 3765 liis
386 3712 431 3765 est
450 3720 605 3781 quaerere
618 3714 647 3765 et
660 3713 762 3783 suapte
785 3706 812 3760 vi
836 3702 932 3761 influit
952 3706 981 3760 in
1003 3701 1153 3775 effectum,
1174 3704 1208 3757 nt
1223 3700 1300 3772 ignis

93 3820 106 3835 ⁸
220 3810 351 3879 respectu
371 3791 597 3879 combustionis3
613 3804 685 3863 haec
699 3810 809 3877 numm,
833 3817 907 3878 qaae
921 3803 1109 3885 coniungitur
1127 3812 1193 3855 cum
1209 3810 1299 3853 causa

218 3920 288 3990 yere
307 3902 462 3978 influenti,
486 3908 550 3979 ipsa
572 3910 669 3962 autem
691 3901 764 3961 nihii
785 3900 902 3974 influit,
927 3898 1080 3990 utqiuigor
1107 3896 1208 3971 quiin
1231 3895 1300 3967 igne

223 4001 342 4061 reincet.
361 4002 401 4063 11.
423 4002 457 4062 ln
472 4000 630 4080 physicam
646 4008 677 4059 et
696 3997 848 4058 moralem.
871 3998 967 4056 Prima
987 4002 1054 4071 est,
1072 4010 1148 4071 qnae
1167 3994 1229 4068 ipsa
1249 4006 1300 4067 per
