2892 4425
573 369 650 414 nias
671 370 775 414 aaran
889 350 895 357 '
1015 338 1023 355 '
1172 359 1210 411 57

134 481 180 541 nis
204 479 361 543 terminum
382 478 539 541 convmira
563 492 630 537 cnm
651 478 772 552 medlc;
799 478 902 553 neum
929 474 1080 537 morando
1105 473 1211 537 deduci

134 578 226 639 adem
246 592 407 654 congruere
427 576 473 635 vel
494 575 634 638 dissidere
660 577 818 635 terminum
839 574 952 651 ailam,
978 578 1029 652 qul
1049 592 1102 653 per
1122 591 1212 635 unam

134 678 359 752 praemissarum
372 678 524 750 separatus
537 678 582 732 est
602 688 620 733 a
640 672 749 747 medlo,
769 672 889 749 quicum
902 673 1137 749 comparabatur.
1160 672 1212 735 At·

132 789 189 849 qae
202 772 259 833 hoc
278 789 315 831 ea
328 779 435 832 natura
455 771 587 831 dimanat
605 771 827 847 principiorum,
849 769 957 847 qnilrru
969 774 1033 829 tota
1045 771 1210 849 syllogismi

134 872 180 947 uis
200 870 346 928 innititur.
650 862 653 867 '
838 908 850 919 -

193 966 302 1027 Serta:
324 966 376 1025 Eo
389 970 515 1043 utroque
532 967 695 1043 macedan
708 960 881 1040 musonis
898 963 1031 1025 ἀεήυαή
1049 966 1153 1043 neq‘ua't
1171 963 1212 1027 tl·

134 1063 208 1124 latio
234 1080 358 1141 sagam.
387 1064 483 1123 lllatlo
507 1066 605 1140 enlm,
627 1078 695 1122 cnm
719 1064 760 1121 sit
779 1064 874 1129 velud,
893 1066 1118 1138 praemissarum
1138 1063 1210 1123 elie·

120 1164 222 1236 ctus,
241 1163 342 1237 nequit
368 1161 520 1237 complecti
540 1160 710 1237 quidpiam,
739 1158 818 1235 quod
843 1161 875 1217 ln
901 1165 1007 1219 neuim
1027 1161 1211 1221 contincatur

133 1260 303 1333 praemissa.

194 1355 337 1430 Septima:
359 1355 412 1415 Ea
423 1354 539 1415 duobus
556 1356 729 1432 praesumsit
743 1352 984 1431 particularibus
1003 1352 1085 1413 aaut
1102 1356 1211 1423 cataci-

134 1456 193 1513 tur.
222 1453 297 1511 Nam
319 1452 374 1512 hae
394 1454 570 1529 praemissae
589 1451 781 1528 particulares
801 1458 928 1527 possunt
946 1466 1010 1510 csse
1029 1452 1077 1511 rei
1104 1450 1210 1511 amhae

132 1548 333 1625 affirmantes,
355 1550 401 1609 vel
423 1549 526 1610 ambas
553 1555 712 1624 negantes,
734 1547 782 1608 vel
802 1564 864 1607 ana
882 1547 1036 1609 affirmans
1061 1555 1092 1608 ct
1115 1548 1211 1609 altera

132 1662 253 1722 negans.
276 1646 356 1706 Nihil
377 1646 483 1706 horum
505 1647 543 1705 ad
563 1646 723 1705 illationem
743 1645 935 1705 derivandam
947 1646 1056 1721 pollet.

192 1744 305 1803 Etenim
321 1743 369 1803 iac
382 1746 413 1803 in
428 1746 530 1819 primis
543 1742 646 1803 ambae
660 1746 837 1819 praemissae
850 1746 910 1803 sint
925 1743 1117 1803 affirmantes.
1136 1743 1208 1803 Pro·

132 1841 208 1903 lecto
228 1858 295 1901 cum
319 1844 351 1901 ln
377 1842 546 1917 particulari
567 1840 745 1901 affirmativa
771 1857 867 1917 neque
891 1836 1091 1916 praedicatum
1116 1856 1212 1917 negas

131 1940 293 2013 subiectum
307 1942 515 2016 propositionis
531 1939 741 2014 distribuatur;
760 1942 792 1997 tn
806 1938 950 1998 eiusmodi
963 1937 1139 2014 syllogismo
1149 1953 1211 1996 me·

19 2112 21 2117 ,
131 2036 199 2097 dius
226 2040 368 2123 terminus
393 2052 543 2113 nunquam
570 2038 729 2113 generatim
754 2038 921 2112 accipitur,
947 2041 1050 2094 contra
1077 2034 1211 2111 regulam

130 2149 226 2209 qaam.
243 2150 367 2195 numero
386 2141 492 2212 quarto
519 2136 684 2194 maximus.
711 2133 757 2193 Ea
778 2150 815 2193 eo
833 2136 924 2211 igitar
951 2132 1035 2199 nulia
1052 2135 1137 2212 sequi
1157 2148 1210 2209 po-

130 2237 187 2290 test
206 2232 309 2291 lllatlo.

153 2349 158 2358 ·
190 2327 313 2400 Quodsi
328 2331 808 2406 ntraqneprsemissasitaegms,
829 2329 954 2390 laeditur
972 2330 1075 2406 regola
1088 2331 1212 2406 quium,

129 2439 206 2501 quae
225 2440 262 2483 ns
280 2431 404 2500 auoque
417 2427 575 2500 praemissa
593 2429 632 2484 sit
652 2441 762 2502 negans
776 2427 933 2486 interdicit.
952 2427 1032 2504 Ergo
1044 2435 1107 2488 tum
1121 2429 1210 2486 etiam

78 2524 83 2532 '
130 2539 166 2580 ex
187 2521 296 2598 duplici
318 2521 486 2596 particulari
505 2521 640 2581 deductio
659 2523 791 2598 legitima
809 2522 900 2582 fluere
916 2526 1027 2600 nequit.

137 2661 141 2668 .
190 2619 402 2694 assurgitur
423 2626 455 2679 ut
476 2635 534 2680 una
554 2621 784 2696 praemissarum
803 2621 843 2679 sit
862 2618 1030 2696 affirmans,
1048 2620 1142 2680 attera
1158 2635 1210 2679 ua-

83 2703 85 2706 ’
130 2731 215 2792 gans.
237 2715 294 2776 Sed
313 2732 407 2792 nequa
427 2722 491 2776 tum
511 2717 606 2788 illatio
626 2717 687 2776 ulla
707 2720 790 2793 sequi
810 2723 915 2792 potest.
938 2717 1065 2793 Etenim,
1087 2735 1156 2778 cnm
1176 2721 1209 2776 in

129 2812 297 2889 particulari
318 2816 456 2890 negativa
476 2815 675 2889 praedicatum
695 2814 851 2874 dumtaxat
870 2817 1030 2891 generatim
1051 2822 1208 2891 aumatnr3

127 2909 242 2970 medius
268 2913 410 2970 terminus
433 2912 500 2988 (qul
526 2929 576 2987 per
597 2913 730 2988 regulam
750 2919 887 2988 quartam
914 2915 945 2972 lu
965 2911 1106 2972 alterutra
1125 2927 1210 2988 prae·

127 3010 284 3066 missarum
307 3011 466 3084 generatim
488 3011 580 3085 accipi
601 3009 701 3084 debet)
729 3010 812 3069 tilam
835 3011 932 3069 locum
953 3016 1074 3084 occupet
1093 3025 1211 3068 neeesse

2 3109 8 3116 '
127 3111 182 3164 est.
209 3105 286 3180 Ergo
307 3121 360 3180 pro
380 3106 576 3165 conclusionis
596 3109 730 3166 terminis
750 3125 810 3166 non
834 3107 897 3168 alia
915 3113 1047 3182 superest
1070 3109 1211 3182 praemis·

126 3217 225 3262 aarum
238 3202 331 3276 sedas,
352 3205 409 3264 nlal
424 3205 499 3262 sitas·
512 3201 634 3263 subieci
654 3211 683 3263 et
704 3205 867 3279 praedicati
886 3206 918 3262 in
931 3205 1128 3280 propositione
1146 3219 1211 3279 par·

125 3297 242 3356 ticulari
263 3297 462 3376 affirmativa,
484 3305 513 3358 ct
540 3301 662 3360 subiecti
688 3303 720 3358 in
743 3303 948 3376 propositione
968 3301 1136 3375 particulari
1159 3317 1211 3361 ne·

127 3395 239 3468 getica.
269 3391 325 3452 Sed
351 3399 382 3453 in
402 3397 497 3456 tribus
518 3395 567 3454 his
586 3397 704 3455 sedibus
732 3400 875 3456 terminus
898 3412 1063 3472 numquam
1083 3399 1210 3458 sumitur

127 3491 299 3564 generatim.
328 3491 405 3566 Ergo
424 3497 540 3553 termini
562 3494 758 3554 conclusionis
784 3495 901 3554 nonnisi
921 3494 1137 3570 particulariter
1157 3510 1209 3556 su·

127 3592 276 3652 merentur
296 3589 325 3644 in
346 3593 523 3663 praemissis.

187 3683 250 3742 lloc
269 3685 376 3760 posito,
397 3688 529 3748 sciscitor
549 3669 646 3748 uuum
667 3689 761 3748 illatio
780 3689 884 3751 dedmi
908 3690 981 3749 uelit
997 3689 1150 3750 affirmans
1169 3707 1209 3752 arr

124 3783 256 3859 umens?
276 3781 306 3841 Si
326 3783 455 3843 secunda
474 3788 553 3861 optlo
573 3789 704 3875 cligitur,
725 3788 832 3865 aliquis
852 3789 997 3849 terminus
1016 3789 1107 3850 latius
1128 3797 1209 3866 pate·

83 3875 88 3886 '
125 3879 170 3940 tit
189 3882 219 3940 in
236 3880 368 3940 illatione
388 3897 476 3958 quom
498 3884 528 3941 in
549 3886 715 3959 praemissis
737 3883 848 3962 (contra
867 3886 999 3964 regulam
1018 3887 1207 3963 secundam);

122 3977 322 4052 praedicatum
344 3980 422 4040 enim
444 3983 599 4059 negativae
615 3975 755 4044 illationis
774 3985 933 4060 maeotim
946 3989 1120 4061 sumeretur,
1139 3999 1208 4048 cum
