<?xml version="1.0" encoding="UTF-8"?>
<!DOCTYPE html PUBLIC "-//W3C//DTD XHTML 1.0 Transitional//EN"
    "http://www.w3.org/TR/xhtml1/DTD/xhtml1-transitional.dtd">
<html xmlns="http://www.w3.org/1999/xhtml" xml:lang="en" lang="en">
 <head>
  <title>
</title>
<meta http-equiv="Content-Type" content="text/html;charset=utf-8" />
  <meta name='ocr-system' content='tesseract 3.04.00' />
  <meta name='ocr-capabilities' content='ocr_page ocr_carea ocr_par ocr_line ocrx_word'/>
</head>
<body>
  <div class='ocr_page' id='page_1' title='image "./institutionesph01libegoog_0576.png"; bbox 0 0 2892 4425; ppageno 0'>
   <div class='ocr_carea' id='block_1_1' title="bbox 223 361 971 417">
    <p class='ocr_par' dir='ltr' id='par_1_1' title="bbox 223 361 971 417">
     <span class='ocr_line' id='line_1_1' title="bbox 223 361 971 417; baseline -0.013 0"><span class='ocrx_word' id='word_1_1' title='bbox 223 363 280 417; x_wconf 77' lang='lat' dir='ltr'>tila</span> <span class='ocrx_word' id='word_1_2' title='bbox 549 361 790 411; x_wconf 63' lang='lat' dir='ltr'>nauseantem</span> <span class='ocrx_word' id='word_1_3' title='bbox 811 365 971 410; x_wconf 79' lang='lat' dir='ltr'>seacrrnrs</span> 
     </span>
    </p>
   </div>
   <div class='ocr_carea' id='block_1_2' title="bbox 221 471 1305 653">
    <p class='ocr_par' dir='ltr' id='par_1_2' title="bbox 221 471 1305 653">
     <span class='ocr_line' id='line_1_2' title="bbox 221 471 1305 556; baseline -0.009 -16"><span class='ocrx_word' id='word_1_4' title='bbox 221 481 303 540; x_wconf 76' lang='lat' dir='ltr'>Adeo</span> <span class='ocrx_word' id='word_1_5' title='bbox 318 494 389 556; x_wconf 91' lang='lat' dir='ltr'>prae</span> <span class='ocrx_word' id='word_1_6' title='bbox 404 477 523 538; x_wconf 84' lang='lat' dir='ltr'>illorum</span> <span class='ocrx_word' id='word_1_7' title='bbox 540 476 660 552; x_wconf 84' lang='lat' dir='ltr'>iraudo,</span> <span class='ocrx_word' id='word_1_8' title='bbox 675 481 799 534; x_wconf 91' lang='lat' dir='ltr'>naturae</span> <span class='ocrx_word' id='word_1_9' title='bbox 818 473 936 534; x_wconf 84' lang='lat' dir='ltr'>bouitas</span> <span class='ocrx_word' id='word_1_10' title='bbox 952 473 1059 532; x_wconf 81' lang='lat' dir='ltr'>valuit.</span> <span class='ocrx_word' id='word_1_11' title='bbox 1080 473 1166 546; x_wconf 84' lang='lat' dir='ltr'>Quod</span> <span class='ocrx_word' id='word_1_12' title='bbox 1185 471 1305 538; x_wconf 64' lang='lat' dir='ltr'>maura</span> 
     </span>
     <span class='ocr_line' id='line_1_3' title="bbox 221 571 1305 653; baseline -0.01 -13"><span class='ocrx_word' id='word_1_13' title='bbox 221 579 414 640; x_wconf 72' lang='lat' dir='ltr'>admiratione</span> <span class='ocrx_word' id='word_1_14' title='bbox 432 582 479 636; x_wconf 87' lang='lat' dir='ltr'>eat</span> <span class='ocrx_word' id='word_1_15' title='bbox 495 575 631 653; x_wconf 84' lang='lat' dir='ltr'>dignum</span> <span class='ocrx_word' id='word_1_16' title='bbox 652 573 742 634; x_wconf 88' lang='lat' dir='ltr'>Nulla</span> <span class='ocrx_word' id='word_1_17' title='bbox 761 576 840 632; x_wconf 91' lang='lat' dir='ltr'>euim</span> <span class='ocrx_word' id='word_1_18' title='bbox 860 574 958 632; x_wconf 81' lang='lat' dir='ltr'>extitit</span> <span class='ocrx_word' id='word_1_19' title='bbox 977 571 1141 648; x_wconf 74' lang='lat' dir='ltr'>quibusque</span> <span class='ocrx_word' id='word_1_20' title='bbox 1158 577 1305 649; x_wconf 85' lang='lat' dir='ltr'>tempori-</span> 
     </span>
    </p>
   </div>
   <div class='ocr_carea' id='block_1_3' title="bbox 220 670 1304 1238">
    <p class='ocr_par' dir='ltr' id='par_1_3' title="bbox 220 670 1304 1143">
     <span class='ocr_line' id='line_1_4' title="bbox 221 670 1304 749; baseline -0.004 -13"><span class='ocrx_word' id='word_1_21' title='bbox 221 676 359 736; x_wconf 86' lang='lat' dir='ltr'>bustam</span> <span class='ocrx_word' id='word_1_22' title='bbox 382 674 474 734; x_wconf 90' lang='lat' dir='ltr'>stulta</span> <span class='ocrx_word' id='word_1_23' title='bbox 496 675 616 749; x_wconf 87' lang='lat' dir='ltr'>opinio,</span> <span class='ocrx_word' id='word_1_24' title='bbox 636 687 713 748; x_wconf 90' lang='lat' dir='ltr'>quaa</span> <span class='ocrx_word' id='word_1_25' title='bbox 735 673 761 730; x_wconf 89' lang='lat' dir='ltr'>si</span> <span class='ocrx_word' id='word_1_26' title='bbox 783 670 952 748; x_wconf 76' lang='lat' dir='ltr'>eloquenns</span> <span class='ocrx_word' id='word_1_27' title='bbox 973 677 1062 730; x_wconf 71' lang='lat' dir='ltr'>nmis</span> <span class='ocrx_word' id='word_1_28' title='bbox 1088 670 1177 730; x_wconf 88' lang='lat' dir='ltr'>luerit</span> <span class='ocrx_word' id='word_1_29' title='bbox 1198 679 1304 746; x_wconf 83' lang='lat' dir='ltr'>patro-</span> 
     </span>
     <span class='ocr_line' id='line_1_5' title="bbox 221 759 1304 849; baseline -0.003 -17"><span class='ocrx_word' id='word_1_30' title='bbox 221 789 293 849; x_wconf 90' lang='lat' dir='ltr'>nos,</span> <span class='ocrx_word' id='word_1_31' title='bbox 314 771 504 849; x_wconf 71' lang='lat' dir='ltr'>quamplures</span> <span class='ocrx_word' id='word_1_32' title='bbox 524 787 583 829; x_wconf 92' lang='lat' dir='ltr'>nou</span> <span class='ocrx_word' id='word_1_33' title='bbox 604 771 713 845; x_wconf 82' lang='lat' dir='ltr'>ceperit</span> <span class='ocrx_word' id='word_1_34' title='bbox 730 767 873 844; x_wconf 78' lang='lat' dir='ltr'>asseclas,</span> <span class='ocrx_word' id='word_1_35' title='bbox 895 769 1065 843; x_wconf 84' lang='lat' dir='ltr'>praesertim</span> <span class='ocrx_word' id='word_1_36' title='bbox 1083 770 1108 828; x_wconf 83' lang='lat' dir='ltr'>sl</span> <span class='ocrx_word' id='word_1_37' title='bbox 1130 759 1304 844; x_wconf 55' lang='lat' dir='ltr'>cupiditati·</span> 
     </span>
     <span class='ocr_line' id='line_1_6' title="bbox 220 865 1303 944; baseline -0.005 -12"><span class='ocrx_word' id='word_1_38' title='bbox 220 871 276 932; x_wconf 82' lang='lat' dir='ltr'>bus</span> <span class='ocrx_word' id='word_1_39' title='bbox 302 870 409 930; x_wconf 89' lang='lat' dir='ltr'>liberas</span> <span class='ocrx_word' id='word_1_40' title='bbox 439 869 569 928; x_wconf 82' lang='lat' dir='ltr'>habenas</span> <span class='ocrx_word' id='word_1_41' title='bbox 598 870 787 944; x_wconf 87' lang='lat' dir='ltr'>permitteret.</span> <span class='ocrx_word' id='word_1_42' title='bbox 814 866 854 925; x_wconf 80' lang='lat' dir='ltr'>At</span> <span class='ocrx_word' id='word_1_43' title='bbox 879 881 950 925; x_wconf 87' lang='lat' dir='ltr'>vero</span> <span class='ocrx_word' id='word_1_44' title='bbox 978 865 1121 925; x_wconf 77' lang='lat' dir='ltr'>lavandae</span> <span class='ocrx_word' id='word_1_45' title='bbox 1145 866 1303 942; x_wconf 68' lang='lat' dir='ltr'>cupiditati</span> 
     </span>
     <span class='ocr_line' id='line_1_7' title="bbox 221 955 1304 1041; baseline -0.005 -12"><span class='ocrx_word' id='word_1_46' title='bbox 221 969 304 1029; x_wconf 91' lang='lat' dir='ltr'>nulla</span> <span class='ocrx_word' id='word_1_47' title='bbox 323 965 571 1028; x_wconf 70' lang='lat' dir='ltr'><strong>accommodatior</strong></span> <span class='ocrx_word' id='word_1_48' title='bbox 591 965 727 1024; x_wconf 83' lang='lat' dir='ltr'>doctrina</span> <span class='ocrx_word' id='word_1_49' title='bbox 745 964 881 1040; x_wconf 84' lang='lat' dir='ltr'>videtur,</span> <span class='ocrx_word' id='word_1_50' title='bbox 902 980 991 1041; x_wconf 91' lang='lat' dir='ltr'>quam</span> <span class='ocrx_word' id='word_1_51' title='bbox 1012 955 1088 1041; x_wconf 76' lang='lat' dir='ltr'>qudo</span> <span class='ocrx_word' id='word_1_52' title='bbox 1112 963 1304 1025; x_wconf 80' lang='lat' dir='ltr'>diuinitatem</span> 
     </span>
     <span class='ocr_line' id='line_1_8' title="bbox 221 1063 1299 1143; baseline -0.003 -15"><span class='ocrx_word' id='word_1_53' title='bbox 221 1085 238 1128; x_wconf 91' lang='lat' dir='ltr'>e</span> <span class='ocrx_word' id='word_1_54' title='bbox 256 1067 351 1127; x_wconf 89' lang='lat' dir='ltr'>madio</span> <span class='ocrx_word' id='word_1_55' title='bbox 366 1067 464 1143; x_wconf 81' lang='lat' dir='ltr'>polllt3</span> <span class='ocrx_word' id='word_1_56' title='bbox 483 1081 536 1124; x_wconf 88' lang='lat' dir='ltr'>uae</span> <span class='ocrx_word' id='word_1_57' title='bbox 554 1070 653 1124; x_wconf 87' lang='lat' dir='ltr'>tamen</span> <span class='ocrx_word' id='word_1_58' title='bbox 670 1079 801 1140; x_wconf 89' lang='lat' dir='ltr'>unquam</span> <span class='ocrx_word' id='word_1_59' title='bbox 817 1063 985 1139; x_wconf 74' lang='lat' dir='ltr'>persuaderi</span> <span class='ocrx_word' id='word_1_60' title='bbox 1000 1063 1169 1123; x_wconf 90' lang='lat' dir='ltr'>bominibus</span> <span class='ocrx_word' id='word_1_61' title='bbox 1188 1067 1299 1138; x_wconf 88' lang='lat' dir='ltr'>potuit.</span> 
     </span>
    </p>

    <p class='ocr_par' dir='ltr' id='par_1_4' title="bbox 281 1159 1300 1238">
     <span class='ocr_line' id='line_1_9' title="bbox 281 1159 1300 1238; baseline -0.003 -14"><span class='ocrx_word' id='word_1_62' title='bbox 281 1166 376 1224; x_wconf 92' lang='lat' dir='ltr'>lmrno</span> <span class='ocrx_word' id='word_1_63' title='bbox 392 1179 463 1224; x_wconf 81' lang='lat' dir='ltr'>uero</span> <span class='ocrx_word' id='word_1_64' title='bbox 476 1163 531 1238; x_wconf 89' lang='lat' dir='ltr'>lpsl</span> <span class='ocrx_word' id='word_1_65' title='bbox 544 1164 632 1221; x_wconf 91' lang='lat' dir='ltr'>etlam</span> <span class='ocrx_word' id='word_1_66' title='bbox 646 1161 801 1237; x_wconf 72' lang='lat' dir='ltr'>pestiferae</span> <span class='ocrx_word' id='word_1_67' title='bbox 815 1160 893 1220; x_wconf 88' lang='lat' dir='ltr'>illius</span> <span class='ocrx_word' id='word_1_68' title='bbox 910 1159 984 1220; x_wconf 88' lang='lat' dir='ltr'>labis</span> <span class='ocrx_word' id='word_1_69' title='bbox 1003 1165 1210 1236; x_wconf 71' lang='lat' dir='ltr'>propagatores</span> <span class='ocrx_word' id='word_1_70' title='bbox 1223 1163 1300 1236; x_wconf 88' lang='lat' dir='ltr'>etsi,</span> 
     </span>
    </p>
   </div>
   <div class='ocr_carea' id='block_1_4' title="bbox 93 1257 1302 1336">
    <p class='ocr_par' dir='ltr' id='par_1_5' title="bbox 93 1257 1302 1336">
     <span class='ocr_line' id='line_1_10' title="bbox 93 1257 1302 1336; baseline -0.005 -11"><span class='ocrx_word' id='word_1_71' title='bbox 93 1257 99 1268; x_wconf 91' lang='grc'><strong><em>’</em></strong></span> <span class='ocrx_word' id='word_1_72' title='bbox 221 1263 293 1324; x_wconf 91' lang='lat' dir='ltr'>dum</span> <span class='ocrx_word' id='word_1_73' title='bbox 312 1266 376 1322; x_wconf 79' lang='lat' dir='ltr'>vita</span> <span class='ocrx_word' id='word_1_74' title='bbox 393 1266 539 1335; x_wconf 88' lang='lat' dir='ltr'>maneret,</span> <span class='ocrx_word' id='word_1_75' title='bbox 554 1260 592 1319; x_wconf 93' lang='lat' dir='ltr'>ad</span> <span class='ocrx_word' id='word_1_76' title='bbox 613 1277 645 1318; x_wconf 89' lang='lat' dir='ltr'>se</span> <span class='ocrx_word' id='word_1_77' title='bbox 661 1259 884 1334; x_wconf 83' lang='lat' dir='ltr'>ostentandam,</span> <span class='ocrx_word' id='word_1_78' title='bbox 900 1259 945 1317; x_wconf 86' lang='lat' dir='ltr'>vel</span> <span class='ocrx_word' id='word_1_79' title='bbox 966 1259 1004 1318; x_wconf 88' lang='lat' dir='ltr'>ad</span> <span class='ocrx_word' id='word_1_80' title='bbox 1022 1259 1234 1336; x_wconf 89' lang='lat' dir='ltr'>indulgendum</span> <span class='ocrx_word' id='word_1_81' title='bbox 1254 1265 1302 1319; x_wconf 81' lang='lat' dir='ltr'>vi-</span> 
     </span>
    </p>
   </div>
   <div class='ocr_carea' id='block_1_5' title="bbox 220 1349 1339 3885">
    <p class='ocr_par' dir='ltr' id='par_1_6' title="bbox 220 1349 1339 2218">
     <span class='ocr_line' id='line_1_11' title="bbox 221 1349 1301 1436; baseline -0.003 -15"><span class='ocrx_word' id='word_1_82' title='bbox 221 1364 271 1422; x_wconf 88' lang='lat' dir='ltr'>tiis</span> <span class='ocrx_word' id='word_1_83' title='bbox 284 1361 459 1420; x_wconf 89' lang='lat' dir='ltr'>athelsmum</span> <span class='ocrx_word' id='word_1_84' title='bbox 473 1349 696 1436; x_wconf 77' lang='lat' dir='ltr'>profiteredtur3</span> <span class='ocrx_word' id='word_1_85' title='bbox 718 1363 830 1434; x_wconf 80' lang='lat' dir='ltr'>mineo,</span> <span class='ocrx_word' id='word_1_86' title='bbox 845 1359 1057 1433; x_wconf 86' lang='lat' dir='ltr'>propinquante</span> <span class='ocrx_word' id='word_1_87' title='bbox 1069 1357 1167 1432; x_wconf 92' lang='lat' dir='ltr'>obitu,</span> <span class='ocrx_word' id='word_1_88' title='bbox 1180 1357 1218 1417; x_wconf 90' lang='lat' dir='ltr'>de</span> <span class='ocrx_word' id='word_1_89' title='bbox 1231 1373 1301 1418; x_wconf 86' lang='lat' dir='ltr'>sen·</span> 
     </span>
     <span class='ocr_line' id='line_1_12' title="bbox 221 1438 1339 1532; baseline -0.004 -13"><span class='ocrx_word' id='word_1_90' title='bbox 221 1461 314 1519; x_wconf 87' lang='lat' dir='ltr'>tentia</span> <span class='ocrx_word' id='word_1_91' title='bbox 333 1457 394 1518; x_wconf 87' lang='lat' dir='ltr'>lere</span> <span class='ocrx_word' id='word_1_92' title='bbox 413 1438 533 1532; x_wconf 78' lang='lat' dir='ltr'>semper</span> <span class='ocrx_word' id='word_1_93' title='bbox 547 1460 740 1514; x_wconf 73' lang='lat' dir='ltr'>roeesseruul.</span> <span class='ocrx_word' id='word_1_94' title='bbox 764 1453 877 1530; x_wconf 88' lang='lat' dir='ltr'>Quare,</span> <span class='ocrx_word' id='word_1_95' title='bbox 899 1458 932 1513; x_wconf 88' lang='lat' dir='ltr'>ul</span> <span class='ocrx_word' id='word_1_96' title='bbox 948 1453 1036 1513; x_wconf 79' lang='lat' dir='ltr'>refert</span> <span class='ocrx_word' id='word_1_97' title='bbox 1052 1453 1143 1532; x_wconf 84' lang='lat' dir='ltr'>Bayle</span> <span class='ocrx_word' id='word_1_98' title='bbox 1162 1456 1191 1530; x_wconf 88' lang='lat'>¹,</span> <span class='ocrx_word' id='word_1_99' title='bbox 1212 1453 1302 1514; x_wconf 83' lang='lat' dir='ltr'>Salu-</span> <span class='ocrx_word' id='word_1_100' title='bbox 1335 1481 1339 1490; x_wconf 95' lang='lat'>·</span> 
     </span>
     <span class='ocr_line' id='line_1_13' title="bbox 221 1551 1301 1629; baseline -0.003 -13"><span class='ocrx_word' id='word_1_101' title='bbox 221 1556 314 1617; x_wconf 90' lang='lat' dir='ltr'>tbibal</span> <span class='ocrx_word' id='word_1_102' title='bbox 331 1554 462 1614; x_wconf 88' lang='lat' dir='ltr'>lamosus</span> <span class='ocrx_word' id='word_1_103' title='bbox 477 1553 581 1612; x_wconf 88' lang='lat' dir='ltr'>atheus</span> <span class='ocrx_word' id='word_1_104' title='bbox 601 1554 707 1612; x_wconf 87' lang='lat' dir='ltr'>aeriter</span> <span class='ocrx_word' id='word_1_105' title='bbox 726 1551 918 1629; x_wconf 85' lang='lat' dir='ltr'>querebatur,</span> <span class='ocrx_word' id='word_1_106' title='bbox 933 1555 1078 1611; x_wconf 89' lang='lat' dir='ltr'>nemiuem</span> <span class='ocrx_word' id='word_1_107' title='bbox 1097 1554 1127 1610; x_wconf 91' lang='lat' dir='ltr'>lu</span> <span class='ocrx_word' id='word_1_108' title='bbox 1146 1567 1201 1611; x_wconf 90' lang='lat' dir='ltr'>sua</span> <span class='ocrx_word' id='word_1_109' title='bbox 1217 1560 1301 1613; x_wconf 83' lang='lat' dir='ltr'>saeta</span> 
     </span>
     <span class='ocr_line' id='line_1_14' title="bbox 221 1649 1300 1727; baseline -0.001 -14"><span class='ocrx_word' id='word_1_110' title='bbox 221 1654 300 1713; x_wconf 92' lang='lat' dir='ltr'>douo</span> <span class='ocrx_word' id='word_1_111' title='bbox 322 1649 524 1727; x_wconf 84' lang='lat' dir='ltr'>perseverandi</span> <span class='ocrx_word' id='word_1_112' title='bbox 550 1651 699 1727; x_wconf 88' lang='lat' dir='ltr'>gaudere,</span> <span class='ocrx_word' id='word_1_113' title='bbox 726 1649 777 1709; x_wconf 90' lang='lat' dir='ltr'>sod</span> <span class='ocrx_word' id='word_1_114' title='bbox 803 1665 892 1726; x_wconf 89' lang='lat' dir='ltr'>prope</span> <span class='ocrx_word' id='word_1_115' title='bbox 921 1655 1045 1716; x_wconf 89' lang='lat' dir='ltr'>mortem</span> <span class='ocrx_word' id='word_1_116' title='bbox 1068 1665 1170 1709; x_wconf 85' lang='lat' dir='ltr'>omues</span> <span class='ocrx_word' id='word_1_117' title='bbox 1195 1653 1300 1726; x_wconf 67' lang='lat' dir='ltr'>mild-</span> 
     </span>
     <span class='ocr_line' id='line_1_15' title="bbox 221 1746 1301 1825; baseline -0.002 -14"><span class='ocrx_word' id='word_1_118' title='bbox 221 1765 322 1824; x_wconf 86' lang='lat' dir='ltr'>soere,</span> <span class='ocrx_word' id='word_1_119' title='bbox 339 1755 387 1824; x_wconf 85' lang='lat' dir='ltr'>et,</span> <span class='ocrx_word' id='word_1_120' title='bbox 407 1763 517 1825; x_wconf 87' lang='lat' dir='ltr'>magno</span> <span class='ocrx_word' id='word_1_121' title='bbox 537 1754 634 1808; x_wconf 87' lang='lat' dir='ltr'>aeetae</span> <span class='ocrx_word' id='word_1_122' title='bbox 656 1747 815 1824; x_wconf 80' lang='lat' dir='ltr'>dedecore,</span> <span class='ocrx_word' id='word_1_123' title='bbox 836 1746 982 1808; x_wconf 79' lang='lat' dir='ltr'>Ecclesiae</span> <span class='ocrx_word' id='word_1_124' title='bbox 1001 1747 1199 1808; x_wconf 83' lang='lat' dir='ltr'>sacramentis</span> <span class='ocrx_word' id='word_1_125' title='bbox 1222 1749 1301 1809; x_wconf 82' lang='lat' dir='ltr'>vella</span> 
     </span>
     <span class='ocr_line' id='line_1_16' title="bbox 222 1845 1299 1924; baseline -0.002 -16"><span class='ocrx_word' id='word_1_126' title='bbox 222 1849 345 1908; x_wconf 76' lang='lat' dir='ltr'>monui.</span> <span class='ocrx_word' id='word_1_127' title='bbox 365 1845 400 1904; x_wconf 91' lang='lat' dir='ltr'>ld</span> <span class='ocrx_word' id='word_1_128' title='bbox 420 1845 584 1922; x_wconf 82' lang='lat' dir='ltr'>veroquid</span> <span class='ocrx_word' id='word_1_129' title='bbox 605 1845 685 1905; x_wconf 90' lang='lat' dir='ltr'>aliud</span> <span class='ocrx_word' id='word_1_130' title='bbox 706 1845 849 1920; x_wconf 76' lang='lat' dir='ltr'>ostendit,</span> <span class='ocrx_word' id='word_1_131' title='bbox 872 1847 947 1918; x_wconf 92' lang='lat' dir='ltr'>ulsl,</span> <span class='ocrx_word' id='word_1_132' title='bbox 968 1846 1047 1921; x_wconf 91' lang='lat' dir='ltr'>quod</span> <span class='ocrx_word' id='word_1_133' title='bbox 1067 1861 1156 1923; x_wconf 90' lang='lat' dir='ltr'>supra</span> <span class='ocrx_word' id='word_1_134' title='bbox 1175 1849 1299 1924; x_wconf 83' lang='lat' dir='ltr'>notari,</span> 
     </span>
     <span class='ocr_line' id='line_1_17' title="bbox 221 1944 1299 2020; baseline 0 -14"><span class='ocrx_word' id='word_1_135' title='bbox 221 1963 272 2006; x_wconf 89' lang='lat' dir='ltr'>eos</span> <span class='ocrx_word' id='word_1_136' title='bbox 287 1945 421 2004; x_wconf 89' lang='lat' dir='ltr'>bomines</span> <span class='ocrx_word' id='word_1_137' title='bbox 438 1959 499 2003; x_wconf 92' lang='lat' dir='ltr'>non</span> <span class='ocrx_word' id='word_1_138' title='bbox 519 1946 624 2004; x_wconf 91' lang='lat' dir='ltr'>lutlma</span> <span class='ocrx_word' id='word_1_139' title='bbox 643 1946 734 2003; x_wconf 85' lang='lat' dir='ltr'>animi</span> <span class='ocrx_word' id='word_1_140' title='bbox 757 1945 944 2020; x_wconf 85' lang='lat' dir='ltr'>persuasione</span> <span class='ocrx_word' id='word_1_141' title='bbox 964 1944 1014 2003; x_wconf 88' lang='lat' dir='ltr'>sed</span> <span class='ocrx_word' id='word_1_142' title='bbox 1036 1946 1172 2005; x_wconf 90' lang='lat' dir='ltr'>simulate</span> <span class='ocrx_word' id='word_1_143' title='bbox 1191 1953 1221 2006; x_wconf 87' lang='lat' dir='ltr'>st</span> <span class='ocrx_word' id='word_1_144' title='bbox 1241 1945 1299 2006; x_wconf 84' lang='lat' dir='ltr'>lal-</span> 
     </span>
     <span class='ocr_line' id='line_1_18' title="bbox 222 2042 1300 2120; baseline 0.002 -18"><span class='ocrx_word' id='word_1_145' title='bbox 222 2044 325 2104; x_wconf 86' lang='lat' dir='ltr'>laeiter</span> <span class='ocrx_word' id='word_1_146' title='bbox 340 2043 477 2102; x_wconf 84' lang='lat' dir='ltr'>delirium</span> <span class='ocrx_word' id='word_1_147' title='bbox 496 2042 569 2102; x_wconf 92' lang='lat' dir='ltr'>lllud</span> <span class='ocrx_word' id='word_1_148' title='bbox 590 2043 737 2118; x_wconf 87' lang='lat' dir='ltr'>protessus</span> <span class='ocrx_word' id='word_1_149' title='bbox 757 2057 820 2101; x_wconf 88' lang='lat' dir='ltr'>esse</span> <span class='ocrx_word' id='word_1_150' title='bbox 839 2043 904 2118; x_wconf 80' lang='lat' dir='ltr'>vel,</span> <span class='ocrx_word' id='word_1_151' title='bbox 926 2043 963 2101; x_wconf 89' lang='lat' dir='ltr'>ad</span> <span class='ocrx_word' id='word_1_152' title='bbox 984 2051 1151 2120; x_wconf 83' lang='lat' dir='ltr'>summum,</span> <span class='ocrx_word' id='word_1_153' title='bbox 1167 2051 1300 2104; x_wconf 70' lang='lat' dir='ltr'>mnem-</span> 
     </span>
     <span class='ocr_line' id='line_1_19' title="bbox 220 2140 1143 2218; baseline 0 -18"><span class='ocrx_word' id='word_1_154' title='bbox 220 2141 290 2202; x_wconf 88' lang='lat' dir='ltr'>dlne</span> <span class='ocrx_word' id='word_1_155' title='bbox 308 2147 338 2202; x_wconf 89' lang='lat' dir='ltr'>et</span> <span class='ocrx_word' id='word_1_156' title='bbox 356 2141 501 2201; x_wconf 86' lang='lat' dir='ltr'>desiderio</span> <span class='ocrx_word' id='word_1_157' title='bbox 520 2142 550 2199; x_wconf 91' lang='lat' dir='ltr'>ln</span> <span class='ocrx_word' id='word_1_158' title='bbox 572 2140 786 2201; x_wconf 85' lang='lat' dir='ltr'>dubitationem</span> <span class='ocrx_word' id='word_1_159' title='bbox 805 2140 962 2218; x_wconf 89' lang='lat' dir='ltr'>quamdam</span> <span class='ocrx_word' id='word_1_160' title='bbox 983 2141 1143 2200; x_wconf 83' lang='lat' dir='ltr'>incidissel</span> 
     </span>
    </p>

    <p class='ocr_par' dir='ltr' id='par_1_7' title="bbox 220 2238 1301 3885">
     <span class='ocr_line' id='line_1_20' title="bbox 281 2238 1301 2316; baseline -0.003 -14"><span class='ocrx_word' id='word_1_161' title='bbox 281 2242 345 2315; x_wconf 82' lang='lat' dir='ltr'>Qua</span> <span class='ocrx_word' id='word_1_162' title='bbox 364 2242 401 2299; x_wconf 91' lang='lat' dir='ltr'>de</span> <span class='ocrx_word' id='word_1_163' title='bbox 420 2256 451 2299; x_wconf 86' lang='lat' dir='ltr'>re</span> <span class='ocrx_word' id='word_1_164' title='bbox 468 2240 605 2299; x_wconf 87' lang='lat' dir='ltr'>audiatur</span> <span class='ocrx_word' id='word_1_165' title='bbox 624 2242 687 2314; x_wconf 87' lang='lat' dir='ltr'>ipse</span> <span class='ocrx_word' id='word_1_166' title='bbox 702 2239 823 2316; x_wconf 86' lang='lat' dir='ltr'>llayllus</span> <span class='ocrx_word' id='word_1_167' title='bbox 840 2238 930 2315; x_wconf 87' lang='lat' dir='ltr'>bueo,</span> <span class='ocrx_word' id='word_1_168' title='bbox 946 2240 1014 2298; x_wconf 87' lang='lat' dir='ltr'>lieet</span> <span class='ocrx_word' id='word_1_169' title='bbox 1030 2242 1158 2316; x_wconf 80' lang='lat' dir='ltr'>inultus,</span> <span class='ocrx_word' id='word_1_170' title='bbox 1172 2240 1209 2299; x_wconf 89' lang='lat' dir='ltr'>de</span> <span class='ocrx_word' id='word_1_171' title='bbox 1224 2246 1301 2300; x_wconf 83' lang='lat' dir='ltr'>veri·</span> 
     </span>
     <span class='ocr_line' id='line_1_21' title="bbox 220 2336 1299 2413; baseline 0.002 -16"><span class='ocrx_word' id='word_1_172' title='bbox 220 2337 332 2397; x_wconf 88' lang='lat' dir='ltr'>tatibus</span> <span class='ocrx_word' id='word_1_173' title='bbox 348 2340 509 2413; x_wconf 77' lang='lat' dir='ltr'>generatim</span> <span class='ocrx_word' id='word_1_174' title='bbox 523 2337 561 2396; x_wconf 92' lang='lat' dir='ltr'>ad</span> <span class='ocrx_word' id='word_1_175' title='bbox 577 2336 758 2413; x_wconf 79' lang='lat' dir='ltr'>Religionem</span> <span class='ocrx_word' id='word_1_176' title='bbox 776 2339 989 2413; x_wconf 87' lang='lat' dir='ltr'>pertinentibus</span> <span class='ocrx_word' id='word_1_177' title='bbox 1007 2339 1147 2399; x_wconf 85' lang='lat' dir='ltr'>seribeus.</span> <span class='ocrx_word' id='word_1_178' title='bbox 1166 2338 1299 2399; x_wconf 80' lang='lat' dir='ltr'>«Proba-</span> 
     </span>
     <span class='ocr_line' id='line_1_22' title="bbox 225 2434 1298 2512; baseline 0.005 -20"><span class='ocrx_word' id='word_1_179' title='bbox 225 2460 237 2483; x_wconf 64' lang='grc' dir='ltr'><strong>ω</strong></span> <span class='ocrx_word' id='word_1_180' title='bbox 261 2434 320 2494; x_wconf 89' lang='lat' dir='ltr'>blle</span> <span class='ocrx_word' id='word_1_181' title='bbox 334 2434 492 2495; x_wconf 85' lang='lat' dir='ltr'>admodum</span> <span class='ocrx_word' id='word_1_182' title='bbox 505 2442 550 2495; x_wconf 88' lang='lat' dir='ltr'>est</span> <span class='ocrx_word' id='word_1_183' title='bbox 565 2450 632 2510; x_wconf 89' lang='lat' dir='ltr'>eos,</span> <span class='ocrx_word' id='word_1_184' title='bbox 648 2437 698 2512; x_wconf 91' lang='lat' dir='ltr'>qul</span> <span class='ocrx_word' id='word_1_185' title='bbox 719 2438 748 2493; x_wconf 94' lang='lat' dir='ltr'>in</span> <span class='ocrx_word' id='word_1_186' title='bbox 766 2436 896 2495; x_wconf 81' lang='lat' dir='ltr'>coetibus</span> <span class='ocrx_word' id='word_1_187' title='bbox 914 2436 1065 2495; x_wconf 91' lang='lat' dir='ltr'>bominum</span> <span class='ocrx_word' id='word_1_188' title='bbox 1082 2440 1298 2497; x_wconf 82' lang='lat' dir='ltr'>communiores</span> 
     </span>
     <span class='ocr_line' id='line_1_23' title="bbox 225 2532 1298 2611; baseline 0.003 -18"><span class='ocrx_word' id='word_1_189' title='bbox 225 2558 237 2582; x_wconf 69' lang='lat' dir='ltr'>n</span> <span class='ocrx_word' id='word_1_190' title='bbox 261 2532 410 2611; x_wconf 79' lang='lat' dir='ltr'>religionis</span> <span class='ocrx_word' id='word_1_191' title='bbox 434 2535 571 2593; x_wconf 82' lang='lat' dir='ltr'>ueritates</span> <span class='ocrx_word' id='word_1_192' title='bbox 595 2535 771 2609; x_wconf 85' lang='lat' dir='ltr'>impugnare</span> <span class='ocrx_word' id='word_1_193' title='bbox 797 2534 961 2611; x_wconf 83' lang='lat' dir='ltr'>elleomnt,</span> <span class='ocrx_word' id='word_1_194' title='bbox 989 2535 1056 2611; x_wconf 89' lang='lat' dir='ltr'>plus</span> <span class='ocrx_word' id='word_1_195' title='bbox 1080 2550 1174 2611; x_wconf 58' lang='lat' dir='ltr'>quam,</span> <span class='ocrx_word' id='word_1_196' title='bbox 1194 2552 1298 2596; x_wconf 87' lang='lat' dir='ltr'>revera</span> 
     </span>
     <span class='ocr_line' id='line_1_24' title="bbox 225 2631 1297 2708; baseline 0.004 -18"><span class='ocrx_word' id='word_1_197' title='bbox 225 2656 237 2682; x_wconf 67' lang='lat' dir='ltr'>a</span> <span class='ocrx_word' id='word_1_198' title='bbox 260 2634 393 2692; x_wconf 88' lang='lat' dir='ltr'>sentiunt</span> <span class='ocrx_word' id='word_1_199' title='bbox 411 2632 519 2696; x_wconf 84' lang='lat' dir='ltr'>dleere.</span> <span class='ocrx_word' id='word_1_200' title='bbox 542 2631 666 2691; x_wconf 78' lang='lat' dir='ltr'>vanitas</span> <span class='ocrx_word' id='word_1_201' title='bbox 687 2634 800 2708; x_wconf 85' lang='lat' dir='ltr'>magis,</span> <span class='ocrx_word' id='word_1_202' title='bbox 819 2648 907 2707; x_wconf 91' lang='lat' dir='ltr'>quam</span> <span class='ocrx_word' id='word_1_203' title='bbox 929 2634 1124 2707; x_wconf 76' lang='lat' dir='ltr'>conscientia,</span> <span class='ocrx_word' id='word_1_204' title='bbox 1144 2635 1174 2691; x_wconf 93' lang='lat' dir='ltr'>ln</span> <span class='ocrx_word' id='word_1_205' title='bbox 1194 2648 1297 2694; x_wconf 89' lang='lat' dir='ltr'>eorum</span> 
     </span>
     <span class='ocr_line' id='line_1_25' title="bbox 224 2728 1300 2806; baseline 0 -17"><span class='ocrx_word' id='word_1_206' title='bbox 224 2754 236 2780; x_wconf 75' lang='lat'>‹-</span> <span class='ocrx_word' id='word_1_207' title='bbox 260 2730 506 2806; x_wconf 89' lang='lat' dir='ltr'>disputationibus</span> <span class='ocrx_word' id='word_1_208' title='bbox 525 2730 622 2789; x_wconf 89' lang='lat' dir='ltr'>looum</span> <span class='ocrx_word' id='word_1_209' title='bbox 640 2729 739 2789; x_wconf 91' lang='lat' dir='ltr'>babet.</span> <span class='ocrx_word' id='word_1_210' title='bbox 764 2728 928 2805; x_wconf 89' lang='lat' dir='ltr'>Opinantur</span> <span class='ocrx_word' id='word_1_211' title='bbox 948 2732 1004 2805; x_wconf 89' lang='lat' dir='ltr'>ipsl</span> <span class='ocrx_word' id='word_1_212' title='bbox 1025 2732 1164 2790; x_wconf 90' lang='lat' dir='ltr'>nimirum</span> <span class='ocrx_word' id='word_1_213' title='bbox 1185 2734 1300 2790; x_wconf 81' lang='lat' dir='ltr'>novita-</span> 
     </span>
     <span class='ocr_line' id='line_1_26' title="bbox 225 2829 1297 2905; baseline 0 -18"><span class='ocrx_word' id='word_1_214' title='bbox 225 2852 237 2880; x_wconf 71' lang='lat' dir='ltr'>n</span> <span class='ocrx_word' id='word_1_215' title='bbox 260 2836 320 2888; x_wconf 93' lang='lat' dir='ltr'>tem</span> <span class='ocrx_word' id='word_1_216' title='bbox 340 2829 551 2905; x_wconf 85' lang='lat' dir='ltr'>audaciamque</span> <span class='ocrx_word' id='word_1_217' title='bbox 569 2830 796 2903; x_wconf 85' lang='lat' dir='ltr'>sententiarum,</span> <span class='ocrx_word' id='word_1_218' title='bbox 811 2842 884 2903; x_wconf 87' lang='lat' dir='ltr'>quas</span> <span class='ocrx_word' id='word_1_219' title='bbox 900 2834 1036 2904; x_wconf 88' lang='lat' dir='ltr'>tuentur,</span> <span class='ocrx_word' id='word_1_220' title='bbox 1051 2831 1297 2889; x_wconf 84' lang='lat' dir='ltr'>existimationem</span> 
     </span>
     <span class='ocr_line' id='line_1_27' title="bbox 224 2924 1298 3001; baseline 0.004 -18"><span class='ocrx_word' id='word_1_221' title='bbox 224 2950 236 2975; x_wconf 83' lang='lat'>«</span> <span class='ocrx_word' id='word_1_222' title='bbox 260 2924 345 2983; x_wconf 84' lang='lat' dir='ltr'>lortls</span> <span class='ocrx_word' id='word_1_223' title='bbox 368 2926 459 2984; x_wconf 91' lang='lat' dir='ltr'>animl</span> <span class='ocrx_word' id='word_1_224' title='bbox 481 2926 536 2984; x_wconf 87' lang='lat' dir='ltr'>sibl</span> <span class='ocrx_word' id='word_1_225' title='bbox 559 2941 623 2983; x_wconf 84' lang='lat' dir='ltr'>esse</span> <span class='ocrx_word' id='word_1_226' title='bbox 643 2925 795 2985; x_wconf 88' lang='lat' dir='ltr'>allaturas.</span> <span class='ocrx_word' id='word_1_227' title='bbox 818 2926 895 2984; x_wconf 86' lang='lat' dir='ltr'>illue</span> <span class='ocrx_word' id='word_1_228' title='bbox 915 2932 1116 3001; x_wconf 84' lang='lat' dir='ltr'>pertententur</span> <span class='ocrx_word' id='word_1_229' title='bbox 1141 2934 1174 2987; x_wconf 95' lang='lat' dir='ltr'>ut</span> <span class='ocrx_word' id='word_1_230' title='bbox 1195 2934 1298 2987; x_wconf 91' lang='lat' dir='ltr'>oontra</span> 
     </span>
     <span class='ocr_line' id='line_1_28' title="bbox 225 3022 1298 3101; baseline 0.005 -23"><span class='ocrx_word' id='word_1_231' title='bbox 225 3046 237 3070; x_wconf 72' lang='lat' dir='ltr'>n</span> <span class='ocrx_word' id='word_1_232' title='bbox 262 3023 410 3097; x_wconf 87' lang='lat' dir='ltr'>propriam</span> <span class='ocrx_word' id='word_1_233' title='bbox 425 3023 517 3079; x_wconf 90' lang='lat' dir='ltr'>anlml</span> <span class='ocrx_word' id='word_1_234' title='bbox 534 3024 751 3094; x_wconf 89' lang='lat' dir='ltr'>persuasionem</span> <span class='ocrx_word' id='word_1_235' title='bbox 765 3022 955 3083; x_wconf 80' lang='lat' dir='ltr'>difficultates</span> <span class='ocrx_word' id='word_1_236' title='bbox 969 3028 1131 3101; x_wconf 89' lang='lat' dir='ltr'>ostentent,</span> <span class='ocrx_word' id='word_1_237' title='bbox 1146 3038 1221 3100; x_wconf 88' lang='lat' dir='ltr'>quae</span> <span class='ocrx_word' id='word_1_238' title='bbox 1231 3023 1298 3083; x_wconf 89' lang='lat' dir='ltr'>lieri</span> 
     </span>
     <span class='ocr_line' id='line_1_29' title="bbox 222 3118 1296 3198; baseline 0.001 -21"><span class='ocrx_word' id='word_1_239' title='bbox 222 3143 238 3169; x_wconf 68' lang='grc' dir='ltr'><strong>α</strong></span> <span class='ocrx_word' id='word_1_240' title='bbox 261 3118 357 3178; x_wconf 89' lang='lat' dir='ltr'>solent</span> <span class='ocrx_word' id='word_1_241' title='bbox 376 3124 480 3177; x_wconf 81' lang='lat' dir='ltr'>oontm</span> <span class='ocrx_word' id='word_1_242' title='bbox 502 3118 720 3178; x_wconf 78' lang='lat' dir='ltr'>Providentiam</span> <span class='ocrx_word' id='word_1_243' title='bbox 741 3127 771 3180; x_wconf 91' lang='lat' dir='ltr'>et</span> <span class='ocrx_word' id='word_1_244' title='bbox 790 3120 993 3198; x_wconf 82' lang='lat' dir='ltr'>Evangellum.</span> <span class='ocrx_word' id='word_1_245' title='bbox 1016 3120 1053 3180; x_wconf 88' lang='lat' dir='ltr'>lli</span> <span class='ocrx_word' id='word_1_246' title='bbox 1077 3123 1168 3197; x_wconf 90' lang='lat' dir='ltr'>igitur</span> <span class='ocrx_word' id='word_1_247' title='bbox 1187 3122 1296 3179; x_wconf 88' lang='lat' dir='ltr'>sensim</span> 
     </span>
     <span class='ocr_line' id='line_1_30' title="bbox 224 3216 1296 3295; baseline 0.001 -20"><span class='ocrx_word' id='word_1_248' title='bbox 224 3216 501 3275; x_wconf 73' lang='lat' dir='ltr'>«eonsuetudluem</span> <span class='ocrx_word' id='word_1_249' title='bbox 526 3216 686 3292; x_wconf 90' lang='lat' dir='ltr'>quamdam</span> <span class='ocrx_word' id='word_1_250' title='bbox 712 3218 893 3279; x_wconf 88' lang='lat' dir='ltr'>eontrabunt</span> <span class='ocrx_word' id='word_1_251' title='bbox 918 3218 1055 3295; x_wconf 86' lang='lat' dir='ltr'>loquendi</span> <span class='ocrx_word' id='word_1_252' title='bbox 1079 3218 1186 3294; x_wconf 87' lang='lat' dir='ltr'>imple,</span> <span class='ocrx_word' id='word_1_253' title='bbox 1211 3234 1247 3277; x_wconf 89' lang='lat' dir='ltr'>ae</span> <span class='ocrx_word' id='word_1_254' title='bbox 1270 3221 1296 3279; x_wconf 89' lang='lat' dir='ltr'>si</span> 
     </span>
     <span class='ocr_line' id='line_1_31' title="bbox 223 3307 1297 3393; baseline 0.005 -22"><span class='ocrx_word' id='word_1_255' title='bbox 223 3338 236 3363; x_wconf 66' lang='lat' dir='ltr'>n</span> <span class='ocrx_word' id='word_1_256' title='bbox 260 3313 435 3389; x_wconf 84' lang='lat' dir='ltr'>voluptuosa</span> <span class='ocrx_word' id='word_1_257' title='bbox 453 3307 516 3373; x_wconf 73' lang='lat' dir='ltr'>“vita</span> <span class='ocrx_word' id='word_1_258' title='bbox 536 3330 637 3373; x_wconf 93' lang='lat' dir='ltr'>eorum</span> <span class='ocrx_word' id='word_1_259' title='bbox 659 3314 830 3393; x_wconf 86' lang='lat' dir='ltr'>adiungitur</span> <span class='ocrx_word' id='word_1_260' title='bbox 852 3319 995 3393; x_wconf 84' lang='lat' dir='ltr'>vanitati,</span> <span class='ocrx_word' id='word_1_261' title='bbox 1016 3316 1137 3376; x_wconf 82' lang='lat' dir='ltr'>oelsrim</span> <span class='ocrx_word' id='word_1_262' title='bbox 1158 3318 1245 3375; x_wconf 89' lang='lat' dir='ltr'>etlam</span> <span class='ocrx_word' id='word_1_263' title='bbox 1266 3318 1297 3376; x_wconf 94' lang='lat' dir='ltr'>ln</span> 
     </span>
     <span class='ocr_line' id='line_1_32' title="bbox 222 3412 1298 3492; baseline 0.004 -21"><span class='ocrx_word' id='word_1_264' title='bbox 222 3438 235 3462; x_wconf 66' lang='lat' dir='ltr'><strong><em>a</em></strong></span> <span class='ocrx_word' id='word_1_265' title='bbox 259 3412 315 3472; x_wconf 85' lang='lat' dir='ltr'>hoo</span> <span class='ocrx_word' id='word_1_266' title='bbox 334 3413 437 3473; x_wconf 89' lang='lat' dir='ltr'>itinere</span> <span class='ocrx_word' id='word_1_267' title='bbox 453 3414 690 3492; x_wconf 87' lang='lat' dir='ltr'>progrediuntur.</span> <span class='ocrx_word' id='word_1_268' title='bbox 713 3414 794 3475; x_wconf 86' lang='lat' dir='ltr'>iiaee</span> <span class='ocrx_word' id='word_1_269' title='bbox 813 3432 905 3492; x_wconf 86' lang='lat' dir='ltr'>prava</span> <span class='ocrx_word' id='word_1_270' title='bbox 924 3418 1014 3475; x_wconf 91' lang='lat' dir='ltr'>aulmi</span> <span class='ocrx_word' id='word_1_271' title='bbox 1033 3417 1213 3475; x_wconf 75' lang='lat' dir='ltr'>consuetudo</span> <span class='ocrx_word' id='word_1_272' title='bbox 1230 3432 1298 3491; x_wconf 87' lang='lat' dir='ltr'>par·</span> 
     </span>
     <span class='ocr_line' id='line_1_33' title="bbox 223 3512 1297 3590; baseline 0.006 -22"><span class='ocrx_word' id='word_1_273' title='bbox 223 3534 235 3560; x_wconf 65' lang='lat' dir='ltr'>a</span> <span class='ocrx_word' id='word_1_274' title='bbox 259 3512 313 3569; x_wconf 91' lang='lat' dir='ltr'>tlm</span> <span class='ocrx_word' id='word_1_275' title='bbox 334 3513 473 3587; x_wconf 84' lang='lat' dir='ltr'>auspiciis</span> <span class='ocrx_word' id='word_1_276' title='bbox 492 3512 662 3589; x_wconf 87' lang='lat' dir='ltr'>superbiae,</span> <span class='ocrx_word' id='word_1_277' title='bbox 678 3516 783 3588; x_wconf 85' lang='lat' dir='ltr'>purtim</span> <span class='ocrx_word' id='word_1_278' title='bbox 805 3516 943 3590; x_wconf 86' lang='lat' dir='ltr'>ausplells</span> <span class='ocrx_word' id='word_1_279' title='bbox 963 3516 1161 3575; x_wconf 85' lang='lat' dir='ltr'>sensualitatis</span> <span class='ocrx_word' id='word_1_280' title='bbox 1180 3522 1297 3574; x_wconf 86' lang='lat' dir='ltr'>eontra·</span> 
     </span>
     <span class='ocr_line' id='line_1_34' title="bbox 223 3608 1298 3688; baseline 0.005 -21"><span class='ocrx_word' id='word_1_281' title='bbox 223 3632 235 3657; x_wconf 67' lang='lat' dir='ltr'>a</span> <span class='ocrx_word' id='word_1_282' title='bbox 258 3614 307 3667; x_wconf 83' lang='lat' dir='ltr'>eta</span> <span class='ocrx_word' id='word_1_283' title='bbox 325 3624 448 3669; x_wconf 86' lang='lat' dir='ltr'>aeumeu</span> <span class='ocrx_word' id='word_1_284' title='bbox 465 3608 604 3670; x_wconf 89' lang='lat' dir='ltr'>obtundit</span> <span class='ocrx_word' id='word_1_285' title='bbox 619 3613 845 3686; x_wconf 86' lang='lat' dir='ltr'>impressionum</span> <span class='ocrx_word' id='word_1_286' title='bbox 863 3612 1061 3688; x_wconf 75' lang='lat' dir='ltr'>educationis3</span> <span class='ocrx_word' id='word_1_287' title='bbox 1075 3614 1215 3673; x_wconf 86' lang='lat' dir='ltr'>nimirum</span> <span class='ocrx_word' id='word_1_288' title='bbox 1233 3630 1298 3673; x_wconf 92' lang='lat' dir='ltr'>sen-</span> 
     </span>
     <span class='ocr_line' id='line_1_35' title="bbox 223 3707 1296 3787; baseline 0.003 -20"><span class='ocrx_word' id='word_1_289' title='bbox 223 3734 235 3757; x_wconf 76' lang='lat'>«</span> <span class='ocrx_word' id='word_1_290' title='bbox 259 3724 326 3767; x_wconf 92' lang='lat' dir='ltr'>sum</span> <span class='ocrx_word' id='word_1_291' title='bbox 349 3710 426 3784; x_wconf 92' lang='lat' dir='ltr'>sopit</span> <span class='ocrx_word' id='word_1_292' title='bbox 450 3712 628 3783; x_wconf 81' lang='lat' dir='ltr'>veritatum,</span> <span class='ocrx_word' id='word_1_293' title='bbox 654 3723 730 3784; x_wconf 93' lang='lat' dir='ltr'>quas</span> <span class='ocrx_word' id='word_1_294' title='bbox 754 3707 790 3768; x_wconf 92' lang='lat' dir='ltr'>de</span> <span class='ocrx_word' id='word_1_295' title='bbox 815 3710 997 3787; x_wconf 86' lang='lat' dir='ltr'>Divluilats,</span> <span class='ocrx_word' id='word_1_296' title='bbox 1022 3714 1124 3786; x_wconf 89' lang='lat' dir='ltr'>poeuis</span> <span class='ocrx_word' id='word_1_297' title='bbox 1148 3713 1296 3786; x_wconf 88' lang='lat' dir='ltr'>aeternis,</span> 
     </span>
     <span class='ocr_line' id='line_1_36' title="bbox 223 3794 1295 3885; baseline 0.002 -20"><span class='ocrx_word' id='word_1_298' title='bbox 223 3832 234 3853; x_wconf 68' lang='grc' dir='ltr'>ιι</span> <span class='ocrx_word' id='word_1_299' title='bbox 260 3805 398 3866; x_wconf 87' lang='lat' dir='ltr'>lelieltate</span> <span class='ocrx_word' id='word_1_300' title='bbox 414 3794 591 3868; x_wconf 86' lang='lat' dir='ltr'>didioerunt.</span> <span class='ocrx_word' id='word_1_301' title='bbox 613 3806 670 3867; x_wconf 88' lang='lat' dir='ltr'>Sed</span> <span class='ocrx_word' id='word_1_302' title='bbox 688 3807 761 3867; x_wconf 85' lang='lat' dir='ltr'>bueo</span> <span class='ocrx_word' id='word_1_303' title='bbox 780 3809 810 3867; x_wconf 93' lang='lat' dir='ltr'>ln</span> <span class='ocrx_word' id='word_1_304' title='bbox 830 3810 901 3885; x_wconf 88' lang='lat' dir='ltr'>ipsis</span> <span class='ocrx_word' id='word_1_305' title='bbox 920 3824 978 3869; x_wconf 89' lang='lat' dir='ltr'>nou</span> <span class='ocrx_word' id='word_1_306' title='bbox 995 3813 1125 3869; x_wconf 81' lang='lat' dir='ltr'>extincta</span> <span class='ocrx_word' id='word_1_307' title='bbox 1143 3810 1216 3869; x_wconf 86' lang='lat' dir='ltr'>lldes</span> <span class='ocrx_word' id='word_1_308' title='bbox 1234 3814 1295 3884; x_wconf 88' lang='lat' dir='ltr'>est,</span> 
     </span>
    </p>
   </div>
   <div class='ocr_carea' id='block_1_6' title="bbox 258 4018 793 4089">
    <p class='ocr_par' dir='ltr' id='par_1_8' title="bbox 258 4018 793 4089">
     <span class='ocr_line' id='line_1_37' title="bbox 258 4018 793 4089; baseline 0.006 -24"><span class='ocrx_word' id='word_1_309' title='bbox 258 4026 288 4079; x_wconf 83' lang='grc' dir='ltr'>,ι</span> <span class='ocrx_word' id='word_1_310' title='bbox 311 4020 423 4089; x_wconf 67' lang='lat' dir='ltr'>diction.</span> <span class='ocrx_word' id='word_1_311' title='bbox 441 4021 509 4069; x_wconf 83' lang='lat' dir='ltr'>illst.</span> <span class='ocrx_word' id='word_1_312' title='bbox 528 4023 554 4067; x_wconf 80' lang='lat' dir='ltr'>at</span> <span class='ocrx_word' id='word_1_313' title='bbox 571 4021 638 4068; x_wconf 77' lang='lat' dir='ltr'>crit.</span> <span class='ocrx_word' id='word_1_314' title='bbox 656 4022 703 4067; x_wconf 86' lang='lat' dir='ltr'>art.</span> <span class='ocrx_word' id='word_1_315' title='bbox 724 4018 793 4068; x_wconf 85' lang='lat' dir='ltr'>ilion.</span> 
     </span>
    </p>
   </div>
   <div class='ocr_carea' id='block_1_7' title="bbox 0 0 1450 4425">
    <p class='ocr_par' dir='ltr' id='par_1_9' title="bbox 0 0 1450 4425">
     <span class='ocr_line' id='line_1_38' title="bbox 0 0 1450 4425; baseline 0 2"><span class='ocrx_word' id='word_1_316' title='bbox 0 0 1450 4425; x_wconf 95' lang='lat' dir='ltr'> </span> 
     </span>
    </p>
   </div>
  </div>
 </body>
</html>
