2892 4425
445 377 525 421 osas
545 378 649 425 rarus
670 391 682 405 ·
703 377 903 423 cosnosoors
1174 369 1211 422 oi

192 484 256 555 Qoo
269 484 335 546 iooo
352 491 386 543 ot
398 487 532 545 animm
552 486 753 545 nenessitatem
767 485 924 545 emtionis
937 500 1027 561 qoam
1042 484 1140 559 onos,
1154 484 1214 546 dno

133 586 305 659 peooaotor:
326 581 553 657 primumquod
566 580 645 641 Deos
663 583 812 641 orestlona
826 581 967 641 mnndum
989 598 1049 641 non
1067 599 1084 641 a
1102 582 1213 655 nihlio,

135 678 186 739 soil
199 694 237 738 ex
254 692 287 736 se
305 686 334 737 st
351 692 389 738 ex
407 680 453 737 soi
479 680 607 752 potentia
620 677 737 737 trahere
755 678 883 752 dicatam
905 678 1041 753 aiterum,
1062 679 1142 754 qood
1162 679 1214 739 ho·

136 788 241 835 manus
262 774 375 834 volandi
393 781 478 834 aotos
491 776 602 834 nuno
621 777 798 849 nominans,
817 780 846 833 et
868 774 996 833 eiusdem
1019 782 1141 835 nstnrse
1162 776 1215 837 ost

135 880 226 948 stone
245 872 322 931 soon
341 870 452 931 hoino.
478 872 591 931 floram
620 878 778 947 atramque
796 869 1040 931 absurdissimum
1058 879 1112 931 est.

195 969 273 1029 Nam
293 968 416 1043 primm
436 971 619 1043 apertissiose
639 970 770 1028 oantlnet
792 970 1042 1043 emanatismom,
1068 974 1157 1045 atque
1178 970 1215 1029 ad

136 1066 355 1143 mthdsnswn
374 1072 451 1126 resta
469 1065 561 1126 osolt.
577 1064 710 1125 Alternus
723 1063 764 1124 aii
783 1080 844 1123 rem
860 1080 919 1125 non
935 1063 1007 1125 leoli
1030 1072 1060 1123 et
1081 1065 1216 1140 pantinsl·

137 1179 203 1223 ssno
221 1164 327 1221 iterum
347 1159 463 1235 praelo
481 1176 597 1221 somn.
622 1160 748 1221 Animm
767 1163 846 1221 enirn
867 1163 1010 1221 senonem
1033 1160 1153 1221 soienili
1185 1164 1217 1221 ln

137 1276 171 1321 ss
182 1260 279 1335 gignit
296 1258 379 1317 velot
391 1256 507 1319 modom
526 1257 683 1334 amdam
695 1299 706 1334 ,
718 1274 780 1334 qoo
790 1256 954 1333 tiliolum
966 1272 1002 1317 oe
1015 1257 1136 1334 proinde
1152 1274 1216 1317 eam

137 1374 177 1417 er
196 1372 228 1417 se
248 1354 366 1415 trahere
385 1357 447 1413 loro
468 1356 592 1430 (licitur,
620 1370 688 1415 oum
716 1358 779 1429 ipse
803 1356 841 1413 sit
868 1354 1030 1415 subiectam
1061 1355 1139 1430 quod
1172 1354 1216 1413 ilii

138 1456 311 1531 praolaoeat.
334 1451 379 1511 Ex
395 1455 551 1527 questam
569 1452 744 1527 intelligitur
764 1466 817 1511 cnr
831 1450 920 1509 isotlo
937 1450 988 1509 ilio
1005 1454 1122 1509 nornine
1140 1466 1217 1511 ores·

139 1552 229 1611 tlonls
247 1548 386 1610 donanda
406 1565 465 1607 ooo
488 1552 534 1607 sit.
561 1548 602 1612 At
623 1548 725 1607 eadem
750 1550 830 1607 notio
850 1548 911 1607 Deo
931 1548 1071 1623 applicari
1098 1550 1218 1607 minime

139 1654 252 1723 potest,
265 1646 408 1721 sionim
426 1644 505 1703 Dans
521 1660 579 1705 non
596 1651 641 1703 est
658 1644 822 1705 subiectum
838 1660 934 1703 rerum
954 1651 1138 1719 oaomrurn,
1156 1660 1218 1703 eas·

139 1760 198 1820 qne
212 1759 270 1802 non
288 1750 320 1801 ot
339 1743 385 1801 soi
406 1740 633 1801 snodiiloationes
648 1743 681 1801 in
698 1757 731 1799 so
749 1743 855 1817 gignit,
874 1740 926 1801 sed
946 1740 1018 1801 ioris
1038 1741 1217 1816 plauserant

141 1848 176 1901 ut
195 1839 375 1899 summarias
394 1837 532 1914 quiden,
548 1839 598 1900 soil
611 1838 712 1899 linitos
732 1846 762 1897 et
786 1854 805 1897 a
827 1854 861 1899 se
883 1841 1003 1898 omnino
1020 1838 1184 1899 distinctas.

380 2005 383 2029 ¹
495 2038 652 2097 Solvuntur
668 2037 871 2110 Wficoliaies.

210 2240 256 2290 is.
279 2231 382 2291 Restat
409 2236 442 2288 oi
467 2227 628 2289 rationlhos
653 2229 901 2304 respondeamus,
924 2227 1030 2304 quihus
1060 2227 1219 2286 adversarii

143 2328 313 2404 moliens
331 2345 396 2388 esse
426 2330 603 2388 creationem
623 2335 813 2405 oppugnent,
838 2343 913 2402 qnae
935 2326 1052 2402 quidem
1082 2325 1120 2384 nd
1150 2325 1221 2384 haec

142 2432 283 2502 poterunt
302 2426 445 2484 rovocari.

204 2519 341 2579 oblini.
364 2520 407 2578 En
429 2519 521 2578 nihilo
554 2521 628 2579 nihil
650 2521 694 2580 lit.
716 2519 806 2596 Atqui
829 2523 937 2580 creatio
956 2524 1094 2605 importat
1118 2517 1220 2578 laotlo·

143 2634 213 2678 nem
233 2633 270 2676 ex
291 2615 393 2679 nihilo.
419 2616 495 2692 Ergo
518 2624 670 2692 repugnat.

208 2714 296 2789 Resp.
324 2713 403 2773 Diri.
423 2713 534 2788 linior.
549 2714 594 2772 Ex
607 2712 710 2788 nihilo,
726 2713 800 2772 idest
812 2711 896 2772 nolio
909 2715 1119 2788 praeexistente
1133 2725 1224 2770 ossas

145 2810 311 2885 mooun,
336 2811 411 2870 nihii
440 2810 496 2885 ot,
516 2826 619 2884 oosso.;
644 2827 681 2870 ax
699 2809 814 2885 nihilo,
839 2809 919 2870 idest
935 2809 1016 2868 nulia
1042 2809 1224 2882 proeiaoaoto

145 2909 281 2983 moterlo,
300 2907 374 2966 nihil
393 2906 438 2982 lli,
457 2905 681 2982 subdisilnpso:
704 2910 813 2966 viriato
833 2906 930 2982 linita,
949 2909 1057 2966 lierom
1083 2903 1224 2978 conredo3

144 3007 254 3092 virtute
270 3004 399 3080 lniloita,
421 3021 507 3080 nepo.
527 3004 660 3064 Conoerlo
673 3008 813 3064 mimam
833 3011 863 3064 et
883 3019 959 3080 nego
976 2999 1223 3080 coaequantium.

208 3101 339 3162 iiilolom
361 3101 434 3160 iilud
456 3117 476 3160 a
496 3102 693 3162 materialistis
711 3109 800 3178 amos
827 3102 922 3162 atheis
950 3101 987 3162 acl
1011 3103 1104 3160 rovira
1135 3116 1226 3175 osque

43 3249 51 3258 ,
148 3205 345 3275 motatum,
369 3200 526 3275 snoipliem
546 3215 662 3259 sensum
684 3199 820 3259 insolvit.
843 3200 876 3258 1n
900 3200 1001 3275 primis
1021 3199 1160 3256 animale
1180 3199 1224 3256 ln·

148 3297 242 3372 teiiigi
262 3301 370 3372 potest,
392 3303 427 3355 ot
446 3313 483 3354 ex
503 3296 585 3354 nulls
605 3312 696 3356 causa
715 3296 858 3357 eihoiente
879 3295 951 3354 nihii
973 3295 1036 3353 lieri
1056 3309 1139 3369 posse
1160 3307 1226 3368 pro·

148 3537 162 3560 a
174 3517 252 3578 aies,
272 3521 298 3567 et
315 3517 354 3567 s'li
370 3521 497 3569 esiosose
509 3501 619 3578 shsoioe,
635 3518 655 3568 il
671 3531 704 3568 ne
718 3521 777 3581 peut
793 3529 837 3580 pos
852 3529 884 3566 ns
901 3515 1039 3578 perorem
1056 3517 1131 3564 ei'es
1144 3513 1229 3561 orent

148 3616 161 3637 ι
174 3596 306 3660 i’oaisess,
325 3598 344 3646 ii
360 3611 393 3648 ne
414 3599 438 3648 ie
457 3598 505 3649 tire
523 3611 569 3663 pes
588 3597 622 3648 do
642 3597 730 3661 nant,
753 3599 770 3648 li
789 3598 813 3648 io
831 3598 879 3647 tire
899 3595 932 3646 ds
950 3595 1088 3656 inioneme,
1110 3593 1142 3644 de
1164 3593 1228 3641 oelte

147 3693 159 3716 a
172 3675 303 3738 pnisssnoe
326 3677 357 3727 de
378 3679 507 3729 mnasiloo
527 3682 553 3728 ei
575 3677 606 3728 do
627 3678 760 3742 aristion,
783 3677 845 3727 doni
863 3689 926 3728 nous
947 3677 1030 3724 sulras
1054 3672 1141 3724 laihies
1163 3671 1230 3722 horn·

146 3773 159 3796 ι
175 3767 244 3815 roes,
267 3769 330 3806 noos
347 3757 482 3817 possedons
504 3771 553 3807 sine
571 3758 686 3821 portion,
707 3760 733 3806 ei
752 3757 822 3806 ioule
840 3757 864 3806 ia
882 3755 1015 3806 differente
1034 3756 1103 3804 entre
1123 3753 1148 3802 ia
1165 3751 1227 3800 ores·

149 3852 162 3875 a
178 3833 230 3883 tion
249 3834 420 3887 divinastis
440 3840 510 3887 notre
529 3841 567 3888 est
590 3838 614 3887 ia
634 3835 768 3887 ‹illierenoe
789 3835 902 3900 generale
922 3835 955 3886 de
979 3836 1041 3886 Dieu
1065 3831 1229 3889 hi'hornrne,

149 3933 164 3957 ι
176 3914 202 3963 ia
218 3915 353 3966 ‹illihenoe
368 3918 399 3967 ds
419 3919 443 3968 ls
461 3930 536 3968 sarm
553 3918 655 3968 ahsoios
675 3921 755 3968 inne
773 3929 846 3968 mose
865 3915 975 3967 relative.
992 3935 1004 3958 u
1026 3915 1096 3964 inlr.
1115 3913 1132 3960 o
1149 3909 1229 3959 i'lsist.

145 3993 179 4044 de
193 3994 222 4044 lo
232 3996 302 4060 phli.
314 3999 371 4060 Lep.
386 4005 410 4050 o.
456 4032 467 4042 ,
