2892 4425
541 329 618 374 Pus
639 326 757 400 diuiti
1129 321 1184 374 tri

115 441 173 504 mnl
196 457 231 503 ae
255 437 465 501 recentioribus
485 441 630 516 adingam
651 439 782 526 aliquid,
802 437 885 498 Plato
906 439 936 499 ln
961 437 1031 498 solis
1048 437 1149 498 ideis
1140 455 1185 498 rn-

114 539 358 620 telligihiiibus,
351 555 403 598 seu
424 539 631 601 communibus
652 537 829 614 quibusdam
848 539 1031 614 aeternisque
1055 537 1183 612 lormis,

114 657 147 700 ex
161 655 287 715 puerum
308 639 533 716 participatione
552 636 713 714 singularia
727 639 826 696 omnia
843 637 873 694 in
892 635 962 694 orbe
976 637 1131 695 existentia
1143 635 1185 694 di
1286 715 1299 728 ,

112 744 274 811 manarent,
291 738 441 796 criterium
455 735 605 812 quodlibet
619 737 762 796 contineri
778 734 936 794 arbitratus
950 741 1005 792 est.
1027 735 1184 811 Epicurus,

113 838 141 894 ln
161 835 218 894 hoc
237 837 327 894 wem
348 832 482 894 sensibus
502 833 628 894 blandiri
649 833 762 908 uolens,
784 831 1051 908 sensuum·srdem;
1072 831 1184 892 Aristo-

112 935 181 993 teles
200 949 376 992 consensum
397 939 448 992 aut
466 935 610 1007 omnium,
628 940 679 992 aut
698 933 840 1008 plurium,
861 937 912 990 aut
931 933 1058 990 maxime
1078 933 1184 1006 perito·

115 1049 197 1108 rnm3
220 1031 309 1091 Stoici
329 1029 505 1092 evidentiam
526 1047 577 1091 sea
597 1029 888 1106 comprehensibilem
910 1031 1107 1104 apparentiam
1129 1045 1183 1104 pro

111 1132 226 1190 criterio
246 1129 385 1188 habuere.

168 1227 249 1286 lnter
269 1229 444 1286 recentiores
464 1243 533 1285 uero
554 1225 700 1287 Curiosius
720 1225 814 1285 ideam
836 1225 945 1292 claram
966 1230 995 1287 et
1014 1225 1185 1284 distinctam

110 1331 249 1402 tanquam
277 1327 397 1384 unicum
417 1326 566 1386 criterium
592 1310 717 1399 statult3
745 1323 954 1384 Melabronche
981 1339 1045 1383 eom
1066 1324 1184 1387 eviden-

110 1425 192 1499 tiam,
207 1438 282 1498 puae
300 1421 478 1482 intellectum
498 1421 537 1481 nd
556 1438 720 1499 amasam,
742 1422 893 1485 voluntate
911 1425 998 1484 etiam
1020 1423 1181 1501 obnitente,

10 1513 12 1529 '
110 1527 233 1598 raperet.
256 1520 421 1581 Geauensls
440 1521 548 1597 tripiici
568 1521 743 1597 evidentiae,
764 1521 936 1596 intellectus,
958 1537 1109 1597 sensuum,
1132 1537 1185 1582 au·

109 1621 271 1695 ctoritutis,
293 1618 352 1679 duo
372 1619 431 1679 alia
450 1623 666 1696 superstruxit,
685 1621 823 1678 nimirum
845 1622 1053 1682 conscientiam
1073 1626 1102 1679 et
1122 1635 1185 1680 sen-

10 1694 11 1723 *
109 1732 172 1776 snm
202 1719 381 1792 optimorum
405 1733 599 1778 communem.
628 1716 807 1778 Storchenau
834 1726 961 1794 quatuor
990 1721 1106 1778 criterla
1134 1718 1184 1778 ad·

10 1836 11 1849 ¹
108 1818 199 1892 misit,
213 1829 333 1874 sensum
346 1817 494 1891 intimum,
508 1831 625 1878 sensum
638 1821 762 1876 naturus
776 1817 972 1891 communem,
983 1819 1184 1878 testimonium

107 1929 246 1976 sensam
262 1920 461 1990 externorum,
481 1915 684 1974 auctoritatam
704 1914 756 1974 Dei
778 1914 996 1990 hominumque.
1019 1914 1181 1974 Loihnitius

10 2036 11 2039 ¹
106 2011 217 2088 logicae
230 2010 387 2070 dumtaxat
404 2011 522 2085 regulos
540 2012 688 2072 criterium
696 2014 835 2084 ,veritatis
851 2029 913 2072 esse
927 2013 1021 2074 voluit
1036 2017 1058 2087 ¹3
1077 2015 1184 2090 ipsum·

106 2125 163 2185 que
185 2113 328 2185 sequmns
349 2115 394 2168 est
413 2108 567 2184 Wolilus,
593 2111 646 2184 qui
669 2113 822 2184 postquam
850 2109 928 2170 hono
954 2113 1180 2185 propositionem

38 2233 44 2247 v
106 2210 226 2267 sanxit:
253 2205 296 2265 od
317 2222 419 2267 oerum
443 2224 464 2266 a
485 2203 569 2282 sobo
587 2205 812 2269 dieoenreodum
841 2207 963 2286 rapotae
984 2207 1097 2285 topicae
1119 2205 1183 2287 sus-

99 2306 232 2382 firmat:
252 2304 332 2368 bano
353 2305 501 2366 subnectit
519 2305 699 2368 illationem:
720 2320 781 2367 ooo
801 2305 863 2367 olio
881 2310 980 2383 ipiiar
997 2310 1117 2367 criterio
1137 2326 1184 2367 oe·

105 2407 207 2465 ritotir
228 2420 302 2481 optet
321 2408 365 2463 est
387 2407 411 2463 2.
435 2404 567 2480 Denique
586 2417 625 2464 ne
643 2404 730 2480 ploro
749 2406 913 2481 consecter,
930 2404 1064 2463 ltosmini
1086 2404 1182 2465 ideam
1246 2451 1253 2465 .
1298 2474 1302 2489 Ι

10 2547 18 2572 ,
105 2506 200 2578 entis3
222 2502 354 2567 (iioberti
372 2502 528 2563 iormnlom
543 2500 676 2578 telesiam,
697 2516 866 2577 supremum
883 2502 944 2559 veri
958 2501 1106 2559 criterium
1128 2518 1183 2577 pu«
1246 2568 1251 2579 ,

10 2673 11 2682 ¹
104 2608 255 2661 mumunt.
282 2600 338 2661 Col
358 2600 423 2675 pius
444 2601 548 2661 minus·
562 2601 705 2661 mcedunt
723 2601 812 2659 ceteri
831 2598 972 2676 ontologl,
994 2614 1061 2659 cnm
1084 2606 1135 2657 ont
1151 2600 1199 2663 in.

103 2698 165 2760 llou
185 2702 250 2775 ipso
270 2707 323 2759 out
342 2702 373 2757 in
394 2678 555 2759 rationibus
575 2701 701 2759 wenis
721 2697 839 2761 divinae
859 2699 974 2774 neuris,
996 2714 1014 2757 a
1034 2697 1118 2757 nobis
1138 2698 1183 2757 di·

104 2804 184 2858 recte
201 2805 233 2857 et
249 2797 420 2857 immediate
430 2800 605 2875 perceptis,
627 2800 775 2860 criterium
796 2796 937 2863 eiusmodi
957 2796 1111 2857 collocant.
1135 2796 1185 2857 Sio

10 2914 11 2923 ¹
103 2896 222 2955 ditem
239 2896 373 2955 diuersos
393 2900 538 2957 sententio
558 2897 706 2957 distruxit.
729 2896 769 2957 Ar
788 2896 930 2974 quidquid
949 2896 986 2956 de
1002 2912 1102 2955 eorum
1121 2898 1183 2973 opi·

10 2985 11 3006 ¹
102 2998 192 3055 nione
216 2998 278 3071 sit,
303 2995 376 3071 quid
401 3003 628 3057 consentaneum
649 2998 765 3057 verenti
789 2999 883 3073 magis
904 2995 1036 3056 videatur
1056 2995 1184 3057 dilucide

10 3105 11 3126 ¹
101 3108 313 3173 proponamus.

165 3200 217 3251 72.
239 3190 311 3251 Et
297 3206 333 3253 in
353 3192 456 3267 primis
476 3192 535 3251 id
526 3208 590 3251 mre
616 3192 777 3252 notandum
798 3200 860 3269 est,
881 3194 1013 3255 veritatis
1034 3194 1183 3253 criterium

10 3351 11 3378 ξ
101 3306 164 3351 non
193 3307 259 3353 esse
286 3307 354 3350 eum
381 3292 576 3367 cognoscendi
603 3292 707 3353 mediis
736 3293 904 3357 subleotlvis
931 3290 1181 3369 confundendum.

101 3388 185 3449 liaeo
204 3393 284 3449 enim
298 3396 369 3450 sunt
388 3390 480 3450 veimi
500 3391 608 3465 lentes,
629 3408 666 3451 ex
686 3391 792 3488 paribus
813 3404 909 3471 rerum
931 3393 1034 3451 notitia
1056 3389 1183 3449 innubis

98 3492 246 3567 emergit,
267 3496 298 3549 et
313 3493 429 3565 proprie
447 3492 479 3548 in
499 3490 690 3551 facultatibus
711 3494 805 3551 iinimi¹
823 3492 922 3565 positu·
937 3496 1016 3551 suut.
1039 3490 1078 3550 nt
1098 3492 1182 3551 erite·

10 3651 11 3654 ,
100 3590 181 3647 riom
202 3596 273 3647 nota
293 3588 437 3664 quaedam
458 3588 627 3649 emicunt
650 3596 680 3649 ct
705 3592 879 3651 intrinsecus
898 3590 1050 3649 character
1077 3588 1182 3647 obiecti

9 4211 15 4391 l

99 3701 133 3745 se
145 3686 236 3747 nubis
249 3688 479 3764 manifestantis,
501 3705 560 3765 quo
574 3691 606 3747 ln
621 3704 656 3748 eo
669 3688 857 3749 diiudicnado
872 3684 1037 3766 innitimur,
1052 3687 1124 3751 dum
1140 3704 1184 3748 as·

10 3769 12 3776 ’
99 3798 223 3845 mum
243 3802 313 3845 uero
333 3794 526 3893 praestamus,
548 3795 635 3863 atque
656 3786 772 3863 esebo
793 3788 975 3849 cohibemus.

162 3924 174 3966 i
190 3916 282 3967 Medii.
297 3918 331 3968 de
344 3921 500 3980 copniiione,
514 3921 628 3970 veritate
638 3923 664 3970 ol
676 3920 749 3973 ideis.

161 4004 177 4047 2
193 3996 293 4049 Philus.
307 4001 411 4051 licitos.
425 4004 488 4065 pert.
500 4009 524 4065 2,
535 4003 593 4054 sect.
611 4010 631 4064 i,
642 4002 669 4065 §.⁴
679 4007 731 4054 tto.
