2892 4425
235 374 292 426 214
563 373 801 418 ΙΙΤΔΡΕῊΙΩΑΙ
823 374 985 418 {mihil

235 464 315 549 enim
335 487 480 546 emtione
493 485 624 560 gignitur
636 490 667 542 et
678 483 782 543 riirlnu
799 495 918 558 prorsus
937 483 1120 558 operatinm
1134 497 1152 540 e
1165 485 1316 542 eontrarin

236 598 343 661 eorpus
356 584 542 660 generatione
555 581 589 640 iii
598 588 629 640 et
638 587 803 640 ereatorum
816 578 1007 640 offinieniium
1013 581 1192 640 ministerio.
1202 579 1315 642 Delum

236 684 395 744 sueereseit
412 694 521 756 eorpus
540 679 669 755 partium
683 691 830 736 nouarum
850 675 1065 751 additamentm
1079 683 1111 736 at
1124 679 1240 736 animus
1260 693 1314 736 au-

237 785 323 857 getur
342 785 372 839 et
391 777 586 854 locupletatur
598 775 795 851 adipiscendis
815 774 906 850 ideis,
920 790 996 851 quae
1013 789 1067 834 neo
1086 780 1225 834 extensae
1244 781 1315 834 sum

238 891 298 937 nee·
311 880 433 936 materia
446 874 508 935 nlla
519 878 723 933 ennomeunt.
745 870 846 931 Tertio
865 877 998 948 aegrotat
1011 887 1117 946 eorpus
1138 869 1313 946 humorum,

238 991 313 1053 quus
331 976 478 1049 eontinet,
492 973 704 1047 temperatione
715 969 853 1045 turbata,
868 976 897 1030 et
911 971 1038 1044 partium
1050 967 1163 1045 quibus
1177 968 1316 1028 malmeit

239 1073 445 1146 mammeam
460 1074 593 1146 aegrotat
610 1069 728 1126 animus
740 1067 820 1125 euris
833 1072 863 1124 et
877 1064 1037 1124 aiieotuum
1051 1065 1196 1140 tumultu,
1210 1067 1241 1122 in
1255 1080 1317 1140 quo

240 1185 299 1228 non
319 1167 431 1244 ailquid
455 1168 501 1226 sni
523 1167 652 1240 amittit,
673 1163 725 1224 seo
748 1178 835 1239 saepe
854 1161 1008 1242 eogitaudi
1030 1162 1232 1238 sentiendique
1253 1165 1316 1221 uiro

239 1267 388 1341 potentins
408 1266 565 1339 aeriusque
585 1262 724 1338 explieat.
745 1261 877 1336 Denique
896 1259 993 1336 quoni
1015 1259 1185 1336 languorem
1198 1266 1229 1320 et
1241 1261 1317 1320 luer-

240 1365 313 1423 tiam
332 1364 426 1423 animi
444 1377 483 1421 ex
501 1361 709 1438 langueseente
727 1366 757 1419 et
777 1358 912 1418 hebetato
933 1374 1057 1434 corpore
1076 1360 1315 1434 provenientem,

241 1461 272 1520 io
296 1463 327 1519 lo
353 1461 455 1536 primis
481 1473 539 1516 non
568 1473 683 1534 semper
709 1456 827 1516 aeeldlt.
855 1455 932 1516 Nam
957 1471 1044 1531 saepe
1070 1459 1171 1516 attrito
1195 1471 1317 1531 empore

242 1555 439 1632 membrisque
458 1554 623 1630 diotimus,
637 1570 697 1614 non
715 1553 803 1614 modo
816 1555 929 1630 integra
949 1553 1000 1614 sed
1019 1556 1108 1614 etium
1126 1553 1213 1630 longe
1234 1554 1316 1612 riva·

241 1655 304 1713 olor
318 1654 363 1711 vis
379 1651 514 1728 proditur
530 1651 689 1728 sugnarii
712 1652 821 1712 lterum
835 1666 1043 1726 saepenumero
1056 1667 1116 1727 qno
1129 1653 1223 1726 magis
1238 1653 1318 1728 viget

241 1765 364 1826 eorpus,
378 1765 415 1808 eo
429 1748 560 1809 hebetior
581 1751 626 1809 uls
645 1755 692 1808 est
703 1747 901 1826 intelligendi,
916 1763 951 1808 ae
966 1749 1150 1808 ratiocinatio
1168 1749 1315 1808 obtusior:

242 1855 346 1908 eontra
365 1846 581 1906 delerveseente
600 1850 730 1923 eorporis
750 1849 887 1924 energia,
905 1846 1030 1906 validior
1051 1845 1181 1906 redditur
1201 1849 1319 1906 animus

243 1944 493 2021 intelligentiaque
512 1946 668 2020 potentior.
690 1944 774 2018 Quod
796 1945 826 2002 in
847 1951 1003 2004 seneotnte·
1015 1946 1198 2020 potissimum
1219 1945 1318 2004 ridere

244 2050 304 2119 ast3
320 2046 351 2103 in
371 2059 430 2119 qua
448 2045 504 2102 etsi
524 2042 613 2102 homo
626 2058 747 2117 oorpore
761 2048 863 2102 utatur
877 2041 1075 2118 languidiore,
1090 2049 1190 2102 tumen
1211 2043 1318 2102 mentis

243 2143 394 2219 acumine,
407 2142 601 2218 mgitenone,
614 2139 787 2216 mnenon,
801 2139 923 2200 onnslilo
942 2139 1044 2215 pollet.
1064 2139 1141 2212 Quiri
1156 2155 1226 2198 vero
1238 2139 1318 2215 quod

243 2256 365 2317 eorpore
377 2247 492 2315 ooaeto,
506 2255 565 2299 non
584 2240 698 2316 eogitnr
712 2238 845 2297 animus?
858 2236 936 2311 Quid
949 2238 1028 2313 quod
1042 2236 1103 2297 i'ere
1118 2252 1231 2313 semper
1243 2252 1320 2313 quae

245 2341 359 2414 eorporl
379 2344 520 2414 prosunt,
541 2344 647 2396 noumt
666 2338 785 2411 enlmo;
804 2350 880 2412 quae
899 2342 1002 2395 eontra
1021 2343 1145 2395 mentem
1165 2342 1318 2409 moment,

244 2450 351 2512 eorpus
373 2436 552 2495 debilitant?
572 2434 677 2493 Nonne
696 2433 769 2493 base
793 2434 945 2509 utriusque
965 2448 1131 2508 prooessum
1153 2448 1210 2491 uon
1232 2433 1320 2492 morio

246 2548 305 2593 nun
326 2533 461 2593 eumdem
484 2538 537 2592 aut
556 2532 758 2607 consimilem,
780 2546 882 2590 uerum
903 2532 992 2592 etiam
1017 2529 1103 2608 longe
1122 2530 1270 2589 diuersum
1291 2538 1321 2590 et

245 2632 423 2690 eontrarium
442 2646 506 2689 esse
525 2629 750 2689 demonstranti

304 2729 389 2803 Quod
406 2731 431 2788 si
445 2727 602 2804 aliquando
615 2744 652 2786 ea
667 2726 878 2787 mutationibus
892 2728 1023 2801 eorporis
1037 2729 1213 2787 mutationes
1226 2730 1319 2786 etiam

246 2831 276 2885 in
293 2830 393 2886 animo
414 2826 567 2901 aeeidnnt,
583 2831 672 2901 atque
683 2840 721 2884 ex
740 2824 947 2900 impedimento
960 2826 1090 2900 eorporis
1108 2823 1254 2900 rogitandi
1275 2826 1322 2883 uis

247 2922 448 2998 praepeditur,
464 2922 494 2980 id
508 2938 566 2980 non
586 2938 621 2981 ex
639 2922 831 2983 similitudine
843 2928 966 2983 naturae
981 2922 1031 2981 sau
1048 2939 1083 2983 ex
1098 2924 1201 2981 intima
1216 2924 1322 2982 utrius·

247 3037 306 3097 que
325 3022 475 3079 lunatione
494 3020 625 3079 resultat.
646 3020 724 3081 Ilum
743 3023 821 3080 enim
840 3024 955 3081 animus
975 3023 1088 3097 corpori
1103 3020 1272 3097 oopulatur,
1287 3036 1322 3079 eo

245 3124 398 3193 tamquam
420 3118 613 3175 instmmento
633 3121 745 3195 utitur,
767 3126 884 3196 propter
908 3123 1088 3180 sensationes
1108 3134 1127 3177 a
1146 3118 1253 3194 quibus
1272 3134 1321 3176 oo-

248 3216 341 3293 gnitio
361 3216 467 3274 meotis
487 3216 518 3272 ln
538 3221 617 3275 stain
638 3218 757 3277 unionis
777 3217 882 3293 pendet
900 3233 935 3277 eo
955 3217 1116 3293 modoque
1136 3216 1257 3275 infer-ius
1277 3216 1321 3275 dl·

246 3314 321 3373 eturi
342 3327 456 3372 snmus.
477 3314 574 3386 Quare
592 3320 642 3390 ut,
663 3314 807 3374 dissoluto
828 3317 1038 3389 instrumento,
1061 3314 1107 3372 vei
1129 3314 1323 3389 peritissimus

247 3408 353 3470 artiier
365 3407 412 3468 ‘ab
429 3410 578 3486 operando
595 3412 770 3488 impeditur,
787 3418 839 3471 ant
859 3426 977 3470 munere
996 3426 1049 3469 suo
1068 3426 1219 3486 perperam
1239 3409 1324 3487 iungi

247 3509 381 3585 eogttur3
404 3509 447 3568 sle
470 3511 607 3586 animus,
631 3508 803 3585 perturbato
826 3510 946 3569 omnino
969 3525 1089 3585 corpore
1111 3515 1164 3569 aut
1186 3510 1324 3569 sensorils

247 3605 441 3683 praepeditis,
455 3609 646 3684 cogitationes
665 3608 755 3668 buius
776 3614 870 3669 status
891 3610 1023 3685 proprius
1042 3623 1177 3666 ereroere
1198 3621 1256 3666 non
1272 3622 1323 3665 ua·

247 3703 300 3763 iet.
321 3703 357 3763 lu
381 3720 451 3764 uero
471 3702 708 3780 spiritualitatem
734 3709 796 3765 eius
819 3713 880 3765 tam
903 3705 1066 3766 luculenter
1089 3704 1241 3780 probatum
1266 3720 1323 3764 non

248 3800 394 3879 infirmat,
408 3803 460 3863 seri
479 3804 614 3862 intimam
628 3819 695 3863 eum
709 3820 830 3881 corpore
844 3806 874 3862 in
890 3804 945 3863 bac
962 3804 1023 3863 vitu
1045 3804 1211 3862 societatem
1227 3809 1324 3862 osten·

248 3899 303 3959 oin
324 3900 425 3977 Inepte
438 3904 529 3979 igitur
545 3901 753 3963 materiailstoe
769 3908 1025 3981 argumentamur
1041 3900 1096 3959 hoo
1110 3907 1215 3959 eontra
1234 3900 1324 3959 anlml

249 3999 500 4060 immortalitatem
519 4005 683 4059 assumunt.
