2892 4425
582 394 754 437 ΡΙΑΙΙΔΤΙΟ
1031 412 1035 421 ·
1155 390 1202 431 Vll

131 545 266 611 moret:
289 532 345 603 hic
361 534 473 603 Deum
492 533 539 603 ita
561 530 709 609 reducit,
728 542 770 600 ut
787 540 941 600 mentem
962 529 1091 622 ipsam.
1112 548 1204 620 quae

125 657 232 729 illum
254 667 456 751 susceptura
479 666 550 734 est.
580 650 774 725 subtrahat.
799 655 951 748 Uterque
967 664 1130 722 naturam
1155 672 1205 721 rn-

66 774 71 787 ’
132 782 234 853 tionis
267 778 490 877 pessumdat,
526 798 673 871 eamque
702 754 761 849 aut
791 776 946 847 divinam
972 786 1039 869 ‘ant
1072 772 1204 845 nullam

38 880 39 888 ἵ
132 904 251 996 efficit.
990 960 996 969 .

186 1029 268 1101 Sine
291 1029 390 1107 Deo,
413 1027 474 1120 qni
500 1024 750 1119 intelligentiae
773 1025 825 1096 sol
852 1036 930 1103 est,
956 1023 1213 1117 intelligentiae

131 1154 202 1224 vita
220 1152 449 1247 operatioque
466 1148 568 1221 nullo
586 1148 695 1221 modo
713 1160 772 1220 aut
789 1167 974 1243 perperam
991 1146 1203 1242 explicatur:

131 1289 167 1347 at
189 1277 265 1347 sine
283 1274 418 1347 lumine
442 1276 479 1345 iu
506 1276 580 1370 ipsa
604 1272 853 1367 intelligentiae
874 1284 998 1344 natura
1024 1271 1142 1352 insito,
1163 1292 1209 1342 ne

129 1402 222 1473 usus
245 1398 390 1494 quidem
409 1420 429 1469 a
450 1397 554 1470 nobis
577 1396 736 1491 dignosci
758 1409 887 1492 posset.
912 1397 1075 1491 Turpiter
1099 1394 1206 1489 igitur

131 1522 198 1595 sibi
218 1523 401 1602 illuderet.
427 1524 490 1617 qui
512 1522 557 1594 ad
575 1544 685 1593 unum
708 1520 955 1592 declinandum
978 1541 1149 1598 errorem,
1168 1521 1207 1589 in

130 1647 279 1720 alterum
305 1646 418 1721 abiret
434 1670 611 1743 praeceps.
640 1646 675 1716 Si
696 1645 823 1717 stultus
846 1658 900 1717 eet
922 1646 985 1739 qui
1006 1645 1143 1715 donum
1161 1640 1207 1715 ad

131 1770 323 1845 donantem
351 1793 422 1844 non
451 1770 575 1861 refert;
608 1770 746 1867 sapiens
772 1768 932 1864 prolecto
960 1766 1030 1839 dici
1058 1770 1205 1862 nequit,

130 1897 206 1990 qni,
232 1908 272 1967 ut
298 1896 490 1969 donantem
513 1894 671 1977 extollat,
699 1895 835 1967 donum
856 1896 972 1988 ipsunt
989 1894 1136 1989 respuit.

131 2072 137 2083 .
187 2020 367 2093 Eiusmodi
384 2032 629 2116 argumentum
648 2020 870 2091 tractandum
888 2040 909 2089 a
926 2016 1028 2089 nobie
1046 2040 1111 2089 suo
1129 2016 1210 2087 loco

133 2146 216 2236 erit3
241 2144 303 2220 sed
325 2145 382 2218 hic
403 2146 440 2218 in
469 2143 663 2242 praefando
690 2143 824 2240 aliquid
847 2141 1003 2214 indicare
1031 2140 1209 2214 voluimus

133 2293 214 2344 cum
235 2281 381 2366 propter
407 2271 458 2344 rei
484 2271 706 2365 gravitatem,
729 2282 804 2341 tum
832 2268 936 2340 etiarn
959 2278 998 2339 ut
1019 2267 1087 2338 iam
1109 2267 1209 2338 initio

133 2393 270 2464 indoles
294 2393 547 2474 declararetur,
566 2415 636 2488 qua
654 2392 720 2463 hae
744 2405 883 2464 noemae
900 2392 1134 2463 institutiones
1163 2391 1211 2460 in-

131 2515 343 2588 formantur.
363 2517 418 2586 Sic
440 2517 534 2586 eninr
558 2537 617 2587 eas
641 2513 916 2596 lucubravimns‚
942 2527 981 2585 ut
1003 2516 1130 2584 rationi
1152 2514 1213 2585 liu·

133 2662 255 2712 manao
283 2661 397 2734 neque
423 2638 504 2736 plus
532 2639 911 2732 concedereturqnam
937 2639 1004 2733 ipsi
1024 2640 1208 2733 competit,

134 2787 248 2860 neque
267 2763 461 2859 quidquam
485 2763 731 2836 detraheretur
750 2763 849 2858 quod
870 2761 1211 2836 munificentissimus

133 2888 303 2961 Conditor
320 2889 435 2962 eidem
459 2888 604 2985 largitus
625 2902 690 2961 est.
718 2889 822 2974 Quod
839 2888 984 2982 quidem
1002 2889 1030 2958 si
1056 2910 1208 2983 semper,

133 3036 229 3085 nunc
253 3015 402 3086 maxime
417 3035 502 3109 prae
526 3013 637 3086 oculis
661 3012 833 3085 habeatur
857 3025 1012 3109 oportet.
1039 3035 1119 3083 cunr
1143 3011 1212 3082 hn-

133 3137 285 3210 iusmodi
307 3139 563 3221 controversia,
584 3139 620 3210 in
639 3137 747 3210 Gallia
767 3138 988 3233 praesertim,
1010 3137 1134 3209 acriter
1156 3159 1212 3207 re·

132 3261 315 3346 ferbuerit,
339 3277 376 3334 et
393 3285 465 3334 non
478 3262 592 3336 ‘modo
615 3261 777 3335 imbelles
794 3275 927 3334 mentes
946 3274 1050 3356 atque
1066 3284 1127 3333 eos
1148 3263 1210 3355 qui

133 3389 232 3478 qnasi
253 3385 299 3458 de
313 3387 483 3458 industria
500 3386 674 3460 deteriora
690 3399 878 3467 sectantur,
893 3386 954 3458 sed
970 3386 1090 3456 viriles
1106 3387 1211 3456 etiam

134 3509 270 3598 animos
289 3533 392 3607 saepe
417 3510 584 3608 decipiat,
610 3535 741 3609 eosque
765 3512 828 3607 qni
851 3511 1054 3606 ceteroquin
1078 3511 1211 3606 optima

133 3633 315 3706 voluntate
332 3647 516 3707 ornantur.

190 3759 253 3830 His
283 3757 330 3830 de
363 3773 486 3832 natura
520 3761 722 3845 doctrinae,
753 3783 860 3856 quam
892 3764 1099 3856 sequimur,
1131 3773 1212 3832 ante

134 3884 279 3968 notatim
296 3905 407 3980 pauca
426 3885 471 3956 de
488 3890 660 3982 praesenti
677 3887 833 3959 editione
849 3887 1019 3965 dicamus,
1042 3909 1133 3981 quae
1151 3909 1212 3957 or-

133 4008 217 4080 dine
232 4023 354 4084 octava
368 4025 432 4084 est.
449 4013 542 4086 Haec
557 4015 693 4096 ceteris,
711 4035 803 4109 quae
823 4027 1099 4110 praecesserunt,
1113 4014 1214 4084 velie·
